3870 6150
147 235 199 294 ιιι
594 237 735 292 hPPENlt.
756 237 799 302 ιιι)
818 235 896 292 SrEC.
919 236 961 290 tx.
979 264 1013 275 -
1032 233 1155 291 lsthottl
1174 234 1386 292 utnmlonts

147 343 212 409 (Col.
225 361 255 415 ιι,
270 347 346 413 ιι23;
366 362 405 414 ιιι,
424 344 504 414 llll.
518 364 532 394 a
550 345 614 413 Vas,
625 343 793 415 charissimi,
805 344 893 402 nolite
908 345 959 401 de·
971 345 1084 430 Aliena
1100 345 1196 400 autem
1216 343 1294 418 pacis
1312 344 1361 400 det
1382 343 1461 400 vobis
1481 342 1603 416 idipsum
1625 360 1727 418 sapere

147 439 231 494 licere
243 438 463 494 benefacientes.
481 438 563 503 Quod
578 438 600 493 si
613 439 715 510 aliquis
731 440 817 496 fucrit
836 439 885 512 qui
904 457 961 497 non
1013 441 1153 495 taratrum
1166 441 1196 493 ct
1213 438 1243 494 in
1265 454 1374 509 omnes,
1388 443 1416 495 et
1430 438 1492 510 ipse
1506 439 1541 494 sit
1555 455 1667 512 semper
1681 439 1737 496 vob

147 530 287 585 obedierit
310 531 401 585 verbis
421 531 589 602 apostolicis,
614 531 691 600 hano
713 536 821 602 notate,
849 537 878 589 ct
903 551 962 590 non
1011 533 1134 589 inomni
1152 533 1225 588 loco.
1248 535 1350 602 Amen,
1370 534 1442 587 Data
1460 533 1660 597 Kalliartias,
1676 533 1738 589 von

148 624 388 680 commisceamini
401 641 466 680 cam
481 626 542 695 illo,
554 630 586 681 ut
602 625 802 683 confundatur.
818 629 853 685 Et
873 628 962 685 nahts
1013 629 1041 681 et
1053 626 1155 683 Raima
1166 625 1233 681 viris
1245 625 1407 682 clarissimis
1422 625 1593 682 consulibus.

147 717 225 790 quasi
238 716 385 772 inimicum
400 717 574 790 existimare,
582 719 631 774 sed
641 719 774 793 corripite
785 724 819 776 ut
830 721 960 790 sratrcm,

309 1049 382 1140 DE
422 1049 714 1147 PRlMlTlVA
747 1053 1023 1147 ECGLESIA
1055 1052 1127 1145 ET
1161 1052 1384 1146 SYNODO
1421 1052 1664 1146 ululant.

181 1373 281 1441 Nemo,
296 1375 345 1446 qai
364 1375 520 1447 Scripturas
534 1377 644 1434 divinas
658 1377 732 1449 legit
746 1377 862 1448 ignorat
874 1377 959 1449 quod,
1010 1373 1145 1447 Apostoli,
1165 1393 1179 1424 «
1193 1372 1342 1440 orationes,
1366 1369 1579 1442 postulationes,
1605 1367 1738 1425 obsecrat¹

147 1466 176 1523 in
192 1467 333 1540 principio
348 1471 490 1525 nascentis
504 1471 642 1539 Ecclesia,
660 1470 803 1543 discipulis
819 1470 850 1526 in
869 1487 961 1526 anum
1011 1469 1168 1542 gratiarum
1178 1467 1304 1522 actiones
1316 1466 1407 1521 facere
1421 1480 1472 1536 pro
1482 1463 1623 1533 omnibus,
1637 1479 1738 1536 proras

146 1561 338 1633 congregatis,
351 1579 416 1618 cam
427 1564 611 1620 multitudine
622 1564 807 1634 credentium,
820 1563 850 1620 in
859 1564 962 1637 quibus
1011 1565 1040 1617 et
1054 1561 1104 1634 qui
1116 1561 1147 1617 in
1159 1559 1331 1617 sublimitate
1350 1562 1427 1627 sunt,
1443 1561 1475 1613 ut
1486 1557 1613 1630 quietam
1633 1560 1663 1613 et
1685 1561 1738 1613 trai

145 1657 206 1709 crat
218 1671 370 1711 caranum
385 1659 414 1712 et
428 1658 523 1713 anima
533 1674 600 1726 unc,
611 1658 717 1731 quique
726 1659 880 1715 vendentes
889 1675 960 1731 prae·
1010 1657 1067 1710 lam
1080 1655 1165 1710 vitam
1178 1653 1313 1710 habeant.
1327 1654 1361 1708 Et
1374 1653 1427 1708 boc
1439 1652 1547 1707 bonam
1560 1654 1589 1706 ct
1600 1653 1738 1722 accepturi

144 1747 190 1803 dia
203 1754 231 1802 et
244 1750 432 1820 possessiones
453 1768 519 1807 suas
541 1751 709 1821 atterebant,
729 1757 757 1808 et
782 1736 1108 1810 dividebatachoram
1132 1749 1188 1804 Deo
1209 1748 1234 1818 (l
1252 1750 1319 1804 lim.
1339 1763 1369 1814 ιι,
1390 1751 1400 1802 l
1422 1750 1448 1801 et
1468 1746 1545 1816 sep).
1566 1766 1581 1796 ιι
1602 1744 1669 1801 ldeo
1691 1760 1738 1800 ma

144 1840 272 1912 singulis,
288 1847 374 1915 prout
387 1845 488 1917 cuique
504 1862 574 1918 opas
587 1851 648 1901 erat
659 1846 730 1917 (Act.
745 1864 782 1915 iv,
797 1849 831 1903 ³2
843 1851 870 1903 et
881 1848 958 1918 sep).
1009 1843 1137 1917 gentium
1151 1844 1333 1914 protestatur,
1342 1840 1388 1896 cui
1399 1862 1412 1891 ι
1429 1839 1587 1895 sollicitudo
1596 1838 1730 1894 omnium

146 1935 281 1992 Futurum
306 1953 432 2009 namque
459 1939 614 1996 Ecclesiam
638 1941 667 1995 in
688 1940 821 2012 gentibus
839 1940 960 2013 apostoli
1009 1937 1114 1993 siarum
1139 1935 1278 1991 incumbit
1293 1936 1329 2008 (ll
1349 1938 1409 1995 Cor.
1433 1950 1462 2002 ιι,
1486 1933 1543 2005 28),
1566 1954 1580 1982 »
1605 1933 1738 2004 quique<

145 2029 348 2100 previdebant,
364 2033 546 2106 maximeque
568 2034 636 2106 quia
657 2034 795 2090 Dominus
811 2034 868 2090 illis
884 2051 959 2107 prae·
1009 2048 1106 2102 scopos
1118 2047 1219 2102 regere
1240 2045 1292 2102 per
1315 2028 1452 2101 Spiritum
1470 2031 1600 2084 sanctum
1612 2026 1738 2082 constitu

146 2121 421 2180 dixeratzEuatesin
434 2127 573 2182 mundum
582 2128 760 2196 universum,
771 2127 961 2200 predicantes
1009 2125 1125 2180 clcsiam
1140 2124 1189 2180 Ilei
1202 2124 1273 2196 (Aca.
1288 2140 1332 2193 xx,
1344 2121 1400 2194 26).
1413 2121 1544 2187 »Quibus
1556 2121 1596 2176 ait
1611 2137 1618 2176 :
1635 2141 1650 2171 «
1660 2119 1738 2177 Pasci

144 2217 327 2288 evangelium
353 2219 447 2287 (Marc.
477 2237 530 2289 avr,
560 2220 613 2292 lb),
641 2222 684 2275 rel
711 2222 778 2293 qaia
799 2221 959 2294 expellendi
1010 2219 1039 2274 in
1052 2218 1132 2274 vobis
1146 2221 1189 2274 est
1205 2233 1323 2290 gregem
1336 2215 1738 2288 hei,proridentesnoncoac‘

144 2314 249 2365 erauta
262 2310 373 2379 Jadaea,
384 2318 522 2368 noverant
529 2330 557 2368 se
565 2313 593 2368 in
604 2309 735 2385 gentibus
744 2315 958 2388 dispergendas,
1009 2316 1108 2385 sponte
1126 2312 1283 2368 secundum
1298 2312 1397 2379 Deum,
1413 2326 1507 2381 neque
1525 2309 1615 2380 turpis
1635 2308 1711 2364 lucri
1735 2332 1738 2376 ι

145 2403 598 2479 Ecclesiamquecongrcgandam
611 2407 718 2464 exradi
730 2409 959 2481 populoldcirco
1009 2407 1059 2463 sed
1077 2405 1235 2462 voluntaria
1258 2404 1282 2476 ll
1301 2408 1371 2461 Patr.
1393 2421 1421 2473 r,
1439 2403 1477 2475 tt.
1494 2425 1508 2453 a
1531 2404 1603 2459 Cum
1624 2402 1704 2458 enim
1725 2402 1738 2459 d

143 2496 250 2566 praedia
263 2497 294 2552 iu
307 2499 434 2556 iudaeam
447 2500 568 2556 minime
588 2507 654 2558 sunt
667 2502 774 2576 adepti,
794 2501 845 2558 sed
864 2501 959 2574 pretia
1010 2523 1024 2551 ι(
1038 2499 1261 2557 Nemomihtaus
1274 2498 1465 2569 Deoimplicat
1474 2515 1505 2553 se
1514 2496 1635 2569 negotiis
1644 2495 1738 2553 saeculi

143 2592 340 2648 tantummodo
353 2593 390 2649 ad
403 2595 540 2651 fovendos
550 2600 675 2667 egentes.
687 2597 798 2651 atvero
807 2596 958 2651 carnintcr
1009 2594 1216 2667 (lilimndta
1225 2591 1732 2663 (tamenimsuntnegotiasrecularia,

143 2684 269 2741 turbines
292 2689 322 2742 at
342 2688 461 2744 adversa
486 2690 586 2746 mandi
611 2695 801 2747 succresceret
823 2690 957 2759 Ecclesia,
1009 2686 1496 2745 canonesmanilestaatetinhibcnt
1509 2686 1738 2758 perspicue,quo

143 2794 177 2832 oo
191 2795 279 2850 usque
294 2783 424 2853 pervenit
445 2787 479 2838 ut
501 2800 558 2839 non
575 2784 671 2839 solum
685 2788 793 2855 gentes,
808 2783 960 2839 sedetiam
1009 2783 1077 2838 dam
1092 2784 1142 2854 qui
1155 2783 1185 2837 in
1197 2782 1270 2838 clero
1282 2781 1415 2836 videntur
1425 2779 1507 2836 electi
1516 2784 1634 2853 propter
1640 2780 1738 2836 lucrat

144 2873 264 2928 Romani
275 2875 417 2948 principes
428 2876 487 2949 (qui
495 2893 568 2948 pene
580 2878 665 2933 tatius
674 2877 751 2933 orbis
764 2877 960 2933 monarchiam
1009 2877 1194 2933 conductores
1202 2876 1359 2932 alienarum
1367 2875 1576 2947 possessionum
1582 2874 1701 2942 fiant,et
1709 2891 1738 2931 sa

145 2965 289 3038 tenebant)
301 2968 337 3024 ad
350 2969 436 3025 tidem
459 2971 561 3027 Christi
585 2976 613 3027 et
631 2971 768 3044 baptismi
784 2975 960 3028 sacramenta
1008 2971 1050 3027 ria
1062 2971 1177 3043 negotia
1191 2970 1243 3025 sah
1266 2987 1333 3026 cura
1353 2986 1404 3024 sua
1418 2968 1565 3041 accipiant,
1579 2968 1693 3025 Domini
1706 2986 1738 3045 qr

143 3067 355 3119 concurrerent.
380 3065 414 3120 Et
433 3064 535 3137 quibus
559 3065 602 3120 vir
623 3065 863 3138 religiosissimas,
883 3067 957 3122 Con·
968 3112 996 3187 C
1009 3063 1738 3137 ministeriamparvipendentes,saecalariumrerod

143 3153 283 3210 staulinus
297 3156 417 3227 primus,
431 3158 518 3213 fidem
539 3159 665 3215 veritatis
682 3163 816 3231 patenter
827 3160 956 3232 adeptus,
1008 3163 1103 3215 rentes
1113 3159 1224 3229 domos,
1239 3161 1268 3214 et
1279 3161 1398 3231 propter
1410 3158 1558 3214 avaritiam
1571 3158 1738 3230 patrimoni<

143 3246 288 3306 licentiam
306 3250 384 3307 dedit
395 3268 446 3324 per
462 3252 626 3309 universum
639 3253 738 3309 orbem
757 3270 808 3310 suo
821 3254 960 3325 degentes
1008 3252 1228 3310 sollicitudinem
1248 3257 1401 3321 sumentes,
1430 3253 1554 3308 decrevit
1581 3258 1677 3309 sancta
1701 3270 1738 3326 syr

143 3340 263 3414 imperio
282 3361 340 3399 non
358 3346 450 3402 solum
464 3346 528 3402 fieri
540 3347 722 3415 Christianos,
746 3348 897 3404 sedetiam
915 3348 957 3403 la·
1007 3348 1120 3403 naham
1135 3346 1268 3418 deinceps
1288 3347 1421 3402 clericum
1444 3350 1492 3402 aut
1513 3347 1703 3418 possessiones
1715 3364 1738 3403 ci

142 3434 289 3492 luicandas
303 3440 442 3510 ecclesias,
460 3445 489 3496 et
510 3440 618 3512 praedia
632 3441 785 3497 tribuenda
804 3440 957 3497 constituit.
1008 3457 1081 3511 cere,
1105 3445 1156 3497 aut
1175 3441 1296 3513 negotiis
1319 3441 1502 3496 saecularibus
1524 3457 1553 3497 se
1573 3441 1694 3497 miscere
1719 3459 1738 3514 p

142 3529 266 3602 benique
280 3531 357 3588 idern
371 3534 505 3605 praefatus
519 3535 649 3607 princeps
668 3535 786 3590 donaria
806 3535 957 3604 immensa,
1007 3535 1182 3608 pupillorum
1205 3541 1233 3591 et
1257 3536 1460 3607 orphanorum,
1476 3541 1525 3591 aut
1545 3536 1568 3590 si
1587 3535 1661 3591 forte
1676 3537 1737 3608 epis

142 3628 169 3678 ct
180 3623 317 3681 lubricam
331 3628 429 3699 templi
443 3629 543 3700 primm
558 3629 631 3685 sedis
643 3629 717 3685 beati
736 3629 872 3702 principis
887 3645 956 3702 apo·
1007 3630 1134 3698 civitatis,
1153 3629 1402 3684 ecclesiasticarum
1419 3646 1516 3685 reram
1538 3630 1738 3686 sollicitudincr

143 3716 279 3773 stolorum
292 3720 424 3793 instituit,
436 3723 507 3777 adeo
522 3727 552 3779 ut
567 3725 664 3779 sedern
676 3724 956 3796 imperialem,quam
1007 3724 1074 3779 here
1088 3723 1245 3796 praecipiat,
1265 3727 1298 3778 ut
1316 3723 1423 3795 liquido
1437 3727 1524 3794 patet,
1539 3725 1608 3796 quia
1621 3724 1678 3779 alia
1691 3740 1738 3780 sar

142 3812 264 3868 Romani
275 3814 416 3887 principes
428 3818 621 3889 possederant,
634 3818 819 3890 relinqueret,
833 3820 862 3874 et
874 3818 957 3873 beato
1008 3818 1086 3889 gotia
1100 3816 1258 3884 saecularia,
1274 3816 1330 3871 alia
1345 3817 1538 3872 ecclesiastica.
1553 3818 1652 3874 Nonne
1675 3819 1738 3891 Moy

142 3907 223 3961 Petro
242 3909 357 3981 suisque
381 3911 550 3981 presulibus
572 3912 754 3983 prolaturam
778 3912 955 3967 concederet.
1007 3912 1109 3966 saeculo
1124 3914 1264 3965 aratrum
1279 3910 1378 3965 crebra
1393 3932 1407 3960 a
1424 3910 1639 3967 tabernaculum
1656 3911 1738 3968 intrm

142 4000 218 4054 tdern
238 4018 306 4058 vero
329 4003 486 4074 presidens
504 4005 534 4059 in
554 4009 650 4060 sancta
667 4005 785 4076 synodo,
800 4020 865 4075 quoe
880 4004 957 4075 apud
1007 4004 1105 4071 exiret,
1113 4003 1163 4074 qui
1170 4004 1246 4058 intus
1255 4004 1598 4077 contemplationeraptas
1613 4005 1712 4076 (Eeod.
1728 4023 1738 4063 ι

140 4093 956 4168 Nicaenumcongregatacst,cumqaerelamquorumdam
1007 4096 1044 4167 8),
1059 4117 1073 4146 a
1094 4096 1164 4152 foris
1185 4095 1394 4152 infirmantium
1417 4098 1539 4170 negotiis
1553 4099 1725 4170 urgebatur,

141 4187 316 4258 conspiceret
336 4205 431 4244 coram
449 4206 478 4245 se
499 4190 693 4257 deferendam,
716 4191 755 4245 eit
770 4208 777 4245 :
792 4192 846 4247 Vos
866 4209 882 4246 a
904 4208 955 4247 ne·
1006 4189 1056 4245 Dei
1069 4207 1171 4246 arcam
1186 4190 1374 4258 considerans,
1391 4191 1459 4246 loris
1479 4208 1565 4247 onera
1584 4193 1738 4249 carnalium

141 4280 219 4334 mine
241 4280 390 4353 dijudicari
412 4283 538 4355 potestis,
564 4283 632 4355 quia
658 4284 745 4339 salius
774 4285 825 4339 Dei
846 4285 955 4357 judicio
1007 4285 1101 4340 tabat?
1122 4285 1207 4357 Cujus
1230 4287 1329 4356 typum
1352 4285 1512 4342 sacerdotes
1536 4285 1566 4340 in
1589 4287 1738 4342 Ecclesiae

142 4375 336 4444 reservamini,
354 4376 392 4432 dii
415 4378 520 4433 etenim
545 4379 634 4433 vocati
657 4379 732 4434 estis.
757 4379 874 4447 idcirco,
899 4397 955 4436 non
1006 4378 1121 4446 debent,
1135 4382 1168 4434 ut
1182 4379 1251 4433 dum
1265 4379 1340 4433 foras
1353 4383 1457 4434 exeunt
1472 4379 1508 4434 ad
1519 4380 1693 4436 exsecranda
1707 4398 1738 4437 ιιι

141 4470 257 4542 potestis
270 4471 305 4525 ab
319 4470 482 4526 bominibus
493 4471 625 4543 judicari.
641 4472 682 4527 Ab
697 4473 745 4528 illo
761 4473 868 4529 etenim
880 4479 954 4530 tom·
964 4488 995 4562 D
1006 4489 1057 4545 pro
1072 4472 1283 4528 necessitatibus
1302 4472 1492 4542 subditorum,
1513 4473 1591 4529 intus
1607 4473 1686 4529 adse
1701 4491 1738 4530 ret

141 4580 211 4635 pore
228 4569 257 4620 et
268 4564 408 4637 deinceps,
420 4565 474 4620 viri
490 4565 694 4638 religiosissimi
708 4585 766 4623 non
785 4568 876 4623 salam
888 4584 955 4640 pos·
1005 4582 1058 4639 per
1080 4567 1351 4637 contemplationem
1376 4566 1587 4637 mandatorum,
1613 4568 1687 4623 sicut
1705 4571 1738 4625 Pa

140 4656 278 4713 sessiones
300 4663 328 4714 ct
350 4660 459 4731 proedia
486 4677 551 4732 quae
574 4661 767 4732 possederant,
795 4663 843 4717 sed
870 4662 956 4717 etiarn
1008 4682 1022 4710 a
1035 4659 1085 4733 qui
1098 4659 1260 4715 caelestibus
1273 4660 1387 4715 secretis
1400 4660 1533 4715 inseritur
1547 4664 1582 4731 tu
1593 4649 1652 4717 Gor.
1668 4679 1718 4731 ιιι,
1733 4685 1738 4706 ι

98 4799 100 4803 ,
141 4751 306 4823 sernetipsos
322 4753 443 4809 Domina
463 4760 674 4825 consecrarunt,
691 4754 863 4811 aedificantes
879 4755 954 4811 basi·
1006 4758 1102 4808 tamen
1116 4770 1167 4825 per
1181 4754 1424 4809 condescensionis
1436 4753 1542 4809 viscera
1557 4755 1717 4812 carnalium
1730 4775 1738 4812 ι

139 4843 768 4917 licasinsaislundis,inhonoresanctoram,
783 4853 953 4921 martyrum,
1004 4850 1208 4920 perscrutatur.
1230 4847 1273 4903 Sic
1292 4852 1320 4902 et
1340 4847 1423 4903 Jacob
1445 4848 1628 4903 ascendeutes
1651 4854 1681 4906 et
1703 4850 1738 4908 de

138 4954 190 5009 per
210 4937 336 4995 civitates
362 4957 394 4995 ac
419 4942 589 4996 monasteria
615 4942 776 5009 innumera,
801 4942 830 4997 in
853 4944 955 5015 quibus
1005 4943 1102 4996 dentes
1117 4941 1232 5013 angelos
1244 4941 1314 4996 vidit
1328 4939 1402 5011 (Gen.
1425 4958 1520 5010 ιιιιιι,
1539 4942 1591 5012 ιι),
1607 4944 1676 5015 quia
1691 4944 1738 5000 rid

140 5037 228 5087 cretas
242 5034 361 5088 Domino
375 5035 558 5090 servientium
577 5037 750 5091 conveniret.
768 5035 894 5109 Denique
910 5053 953 5092 re·
1005 5040 1126 5090 ractores
1139 5035 1270 5090 Ecclesiae
1286 5052 1344 5089 non
1359 5035 1449 5089 solum
1464 5036 1520 5091 Deo
1541 5038 1738 5110 contemplatui

139 5143 197 5196 ges,
222 5131 250 5181 et
272 5127 406 5199 praesidas
423 5145 454 5183 ac
476 5128 660 5200 magistratus
682 5145 740 5183 non
764 5129 858 5185 solum
881 5130 955 5185 hanc
1005 5145 1093 5200 perna
1107 5131 1253 5200 appetunt,
1268 5129 1318 5183 sed
1337 5128 1472 5184 deorsam
1496 5147 1608 5203 qnoque
1630 5132 1668 5186 ad
1690 5148 1738 5189 me

139 5220 285 5276 licentiam
306 5221 441 5290 tribuere,
463 5222 513 5277 scd
535 5222 620 5278 etiam
644 5223 698 5295 ipsi
725 5224 839 5294 propria
861 5222 954 5295 largiti
1005 5221 1080 5276 illias
1102 5221 1263 5277 miserando
1285 5222 1470 5277 descendunt.
1498 5225 1542 5290 Et,
1570 5223 1640 5279 dnm
1662 5241 1738 5281 sacer

138 5320 204 5369 suat
219 5332 270 5387 per
288 5314 418 5371 universa
437 5332 529 5388 regna
547 5320 698 5383 terrarum,
717 5315 791 5371 ande
811 5316 956 5372 alerentur
1005 5317 1109 5370 haruin
1127 5316 1203 5370 sacta
1217 5315 1366 5371 imitantur
1381 5321 1408 5371 et
1422 5332 1451 5372 se
1464 5318 1639 5387 custodiunt,
1653 5322 1683 5374 ct
1694 5319 1738 5375 sul

138 5413 255 5480 agentes
270 5410 319 5482 qui
332 5409 403 5465 nihil
415 5409 445 5464 in
458 5410 566 5465 mundo
580 5408 763 5481 possidebant
773 5409 954 5482 ecclesiaeque
1004 5426 1070 5464 rum
1089 5426 1177 5465 onera
1197 5415 1321 5481 portant,
1344 5413 1373 5464 et
1398 5411 1529 5466 ridentur
1549 5412 1618 5468 tales
1639 5429 1738 5487 esses

138 5502 186 5557 hei
207 5502 414 5560 fabricarentur
434 5508 520 5576 atque
542 5506 780 5572 restaurarentur,
796 5483 912 5576 [leoque
927 5507 956 5559 ct
1005 5503 1081 5557 idern
1096 5503 1230 5574 egregius
1240 5504 1494 5576 predicator-dicit,
1506 5510 1538 5561 ut
1549 5525 1563 5558 a
1574 5505 1624 5578 qui
1635 5509 1738 5564 utuntu

137 5596 267 5652 Ecclesiae
280 5598 341 5670 ejas
355 5598 409 5653 rite
421 5597 625 5653 lanculantibus
638 5597 782 5669 servisque
794 5597 871 5653 illius
884 5613 953 5670 sup·
1004 5596 1113 5651 mundo
1126 5602 1262 5670 tanquam
1279 5614 1336 5653 non
1350 5603 1477 5668 utantur,
1498 5604 1527 5655 ct
1546 5599 1596 5673 qui
1616 5600 1738 5673 gaiident

135 5688 283 5757 plementa
293 5692 447 5765 (atabsqae
460 5691 627 5747 necessitate
636 5690 952 5762 essentltribuercntur,
1004 5707 1090 5764 quam
1108 5707 1165 5746 non
1190 5692 1352 5764 gaudentes,
1376 5694 1473 5765 etqui
1494 5696 1593 5751 emunt
1608 5697 1738 5771 tanquan

120 5782 170 5842 at,
199 5781 266 5837 baec
289 5785 473 5858 accipientes,
493 5790 631 5861 possent,
659 5786 818 5847 secandam
842 5786 955 5843 monita
1003 5783 1177 5860 possidentes
1192 5785 1216 5851 ll
1227 5787 1286 5844 Cor.
1302 5805 1350 5857 vn,
1364 5788 1417 5860 30).
1432 5808 1447 5840 a
