3870 6150
134 242 184 325 ui
576 246 719 305 urrann.
741 246 786 304 in
804 249 886 304 sne.
908 248 951 303 u.
965 277 1000 289 -
1019 236 1139 305 rsloonr
1157 236 1371 303 sanceronis
1765 238 1815 299 us

135 357 949 429 stolus:«senioremneinerepareris,sedutpatremob·
961 372 991 445 Α
1001 373 1068 429 ceps
1079 357 1242 413 custodiant
1257 373 1264 411 ι
1280 356 1349 428 quia
1364 354 1435 409 nihil
1453 354 1571 425 prodest
1585 351 1698 407 homini
1712 351 1817 424 reliqua

134 471 215 517 secra
227 454 249 523 (l
258 455 325 509 Tim.
338 468 365 519 r,
377 452 433 523 l),»
446 451 703 523 legimusnamquc
712 451 773 524 ipso
783 452 902 508 hennino
911 450 953 506 di·
1002 450 1076 506 bona
1087 467 1172 521 agere
1185 450 1240 505 uisi
1253 466 1335 504 mens
1349 448 1385 503 ab
1404 447 1553 518 iniquitate
1568 450 1727 512 revocetur,
1742 450 1771 500 et
1784 445 1817 499 ab

132 553 217 604 ,cente
229 569 243 597 «ι
254 563 308 600 non
320 562 378 600 esse
391 544 561 616 discipulum
572 545 834 616 supermagistrum
843 544 951 616 (uarat.
1001 544 1251 600 obsecrationibus
1276 543 1375 613 lingua
1398 541 1573 596 cohibeatur.
1597 539 1676 596 Unde
1697 538 1738 593 ait
1751 539 1819 593 Pro·

134 658 161 709 x,
176 641 230 711 24),
242 661 256 688 u
274 640 329 694 hec
343 644 394 706 est,
410 638 535 694 nonsibi
553 639 656 693 dehere
671 655 846 710 quemquam
859 639 894 693 ad
907 638 950 692 in·
1002 639 1109 708 pheta:
1127 661 1141 688 «
1156 638 1260 692 Cohibe
1275 638 1404 708 liugnam
1415 641 1493 690 tuam
1509 651 1526 688 a
1539 633 1626 702 rnalo,
1642 638 1673 687 et
1684 631 1764 687 labia
1775 636 1823 687 tua

130 734 238 806 juriam
262 734 408 787 doctorum
434 731 578 786 vindicare
601 732 771 801 doctrinam,
787 749 840 787 neo
857 731 953 802 aliqua
1002 748 1038 786 ne
1053 733 1205 802 loquantur
1217 731 1326 797 dolum,
1342 729 1450 784 diverte
1463 746 1480 783 a
1493 728 1578 793 malo,
1595 729 1624 781 et
1640 726 1686 781 fac
1701 725 1824 781 bonum.

133 827 349 891 machinatione
370 825 485 881 Domini
500 825 663 897 discipulus,
688 826 714 880 id
737 831 788 892 est,
809 825 951 896 apostolo·
1003 826 1085 896 (Psoi.
1101 842 1197 890 sxxur,
1215 824 1265 889 l-ll.
1281 847 1295 872 »
1312 823 1401 878 {lenio
1417 823 1495 877 euim
1514 822 1622 875 bonum
1645 819 1763 888 iaciens,
1780 818 1825 873 al-

134 938 198 977 rum
211 935 385 976 successores
399 917 547 974 detrahere
562 923 612 974 aut
628 919 780 985 infamare,
805 918 855 989 qui
875 918 950 989 iuju-
1003 918 1054 973 teri
1071 917 1153 974 rcrbo
1166 923 1216 974 arii
1231 919 1305 973 laeto
1322 933 1424 971 nocere
1440 915 1509 981 vult,
1536 919 1566 969 et
1586 913 1710 985 reliqua.
1730 914 1780 967 llio
1793 912 1829 971 in

134 1016 177 1069 ria
190 1014 340 1070 doctorum
355 1013 391 1067 ad
407 1012 551 1068 Christum
566 1012 694 1084 pertinet
708 1002 789 1083 cujus
801 1013 860 1066 rice
874 1012 951 1083 lega·
1002 1014 1162 1067 memorata
1183 1011 1329 1066 constitnit
1344 1010 1474 1065 omnium
1490 1024 1631 1064 consensu
1652 1005 1779 1078 synodo,
1794 1013 1829 1064 ut

134 1095 213 1164 tione
227 1109 387 1178 iunguntur
403 1123 409 1172 ;
433 1106 554 1177 qualiter
575 1106 652 1161 enim
676 1105 829 1161 [lominum
844 1105 951 1161 coutri-
1003 1106 1096 1160 uultus
1109 1105 1257 1177 presbyter
1272 1104 1372 1159 missas
1386 1103 1532 1159 celebrare
1545 1106 1712 1174 presumat,
1726 1099 1782 1155 nisi
1795 1099 1829 1158 it

135 1206 219 1270 stent,
232 1201 281 1272 qui
296 1201 348 1255 hoc
362 1216 447 1271 agere
461 1206 649 1270 praesumunt,
663 1199 809 1279 Dominus
818 1200 846 1253 in
860 1200 950 1254 Eran-
1002 1199 1118 1254 sacratis
1130 1200 1166 1253 ab
1181 1199 1315 1270 episcopo
1334 1198 1403 1252 locis
1424 1196 1480 1269 qui,
1495 1197 1538 1251 sui
1560 1196 1705 1268 particeps
1720 1194 1758 1249 de
1770 1209 1829 1249 cn-

136 1295 208 1368 gelio
221 1298 351 1360 testatur,
368 1294 408 1349 ait
421 1293 497 1347 euim
512 1293 571 1364 ipse
583 1293 709 1348 silvator-
723 1309 731 1349 :
747 1313 760 1344 a
777 1293 856 1358 erod
868 1309 950 1364 expe·
1002 1297 1064 1348 tero
1077 1293 1200 1348 voluerit
1220 1309 1281 1347 esse
1299 1292 1460 1347 sacerdotii.
1479 1292 1512 1345 Et
1530 1290 1645 1361 pietatis
1655 1288 1766 1343 allecta
1781 1287 1829 1346 his

135 1390 194 1444 diat
216 1388 415 1444 scandalizanti
436 1403 525 1441 unum
545 1388 580 1440 de
599 1387 707 1459 pusillis
734 1387 793 1442 istis
817 1387 846 1442 in
868 1386 953 1441 maris
1003 1386 1195 1442 sanctissimus
1210 1403 1283 1457 papa
1297 1387 1432 1456 subgesta
1447 1384 1583 1456 synodica
1595 1382 1745 1438 revocarit
1757 1398 1829 1453 apo.

135 1483 278 1554 protunda
293 1482 432 1553 demergi,
449 1484 477 1535 et
498 1481 603 1535 molam
625 1480 777 1535 asinariam
797 1481 870 1536 collo
893 1480 953 1550 ejus
1002 1481 1099 1534 stolica
1119 1481 1286 1536 auctoritate
1309 1481 1415 1535 multos
1427 1479 1462 1533 ab
1477 1478 1540 1533 aliis
1554 1476 1697 1548 episeopis
1710 1492 1829 1541 excom.

134 1575 270 1648 suspendi
286 1575 392 1647 (narra.
405 1588 481 1643 xrru,
493 1576 529 1645 a).
547 1595 561 1623 »
583 1574 611 1628 Si
630 1573 692 1628 talis
707 1589 776 1645 orgo
797 1589 882 1646 poena
896 1575 951 1629 Do·
1002 1575 1170 1640 manicatos,
1188 1579 1216 1629 et
1228 1591 1245 1628 a
1259 1573 1387 1645 tyrannis
1400 1573 1504 1644 eiectos
1518 1572 1553 1625 ad
1572 1570 1829 1651 communionem¹

135 1669 205 1725 mini
226 1669 377 1741 discipulos
401 1668 660 1723 scandalizantibus
680 1667 869 1740 promittitur,
884 1667 953 1739 qnid
1003 1670 1032 1721 ct
1043 1668 1167 1722 restituit
1181 1684 1228 1722 eos
1240 1668 1270 1722 in
1284 1666 1408 1722 ecclesiis
1421 1666 1523 1738 quihus
1533 1665 1651 1722 lucrant
1664 1664 1737 1720 olim
1749 1664 1828 1730 insti.

134 1739 1057 1835 infuturoeisproveniredebeatsummoperepensandumBtuti
1080 1760 1131 1815 suh
1152 1761 1353 1827 satisfactione,
1376 1763 1461 1832 atque
1485 1763 1622 1831 purgatos
1646 1775 1698 1813 eos
1718 1767 1820 1835 recepit

133 1859 187 1926 ast,
203 1873 291 1928 quam
312 1872 370 1911 uon
385 1872 488 1929 parum
509 1854 627 1926 periculi
643 1855 697 1910 illis
712 1871 829 1911 manere
845 1853 952 1927 poterit
1002 1855 1073 1910 daus
1092 1855 1221 1926 exempla
1243 1855 1344 1909 futuris
1366 1853 1485 1909 eruendi
1505 1853 1668 1908 sacerdotes
1697 1853 1733 1908 de
1757 1869 1811 1924 pes.

135 1955 202 2007 ante
226 1950 389 2017 Dominum,
413 1949 463 2022 qui
484 1941 546 2004 hece
563 1950 723 2005 detrectent
744 1949 950 2005 suiserhibere
1001 1948 1182 2020 sequentium
1211 1949 1351 2004 manibus.
1379 1947 1532 2004 Constituit
1560 1947 1648 2002 etiam
1676 1948 1804 2006 nullan·

134 2043 289 2100 ministris?
304 2043 385 2107 Quod
394 2042 433 2097 ila
446 2042 562 2097 demum
576 2041 697 2113 probare
710 2041 823 2114 poterit,
832 2042 855 2097 si
864 2043 951 2098 Deum
1000 2042 1078 2101 tione
1088 2041 1309 2098 transmarinum
1319 2043 1464 2097 hominem
1473 2058 1561 2114 penes
1570 2058 1623 2096 nus
1635 2040 1666 2097 in
1676 2041 1800 2099 clericatus

133 2137 256 2192 timeant
277 2136 326 2208 qui
351 2135 417 2190 talia
438 2151 569 2190 exercere
589 2134 708 2191 minime
730 2135 897 2203 lorraidant,
928 2134 951 2190 si
1002 2136 1092 2208 gradu
1104 2136 1218 2208 suscipi,
1232 2136 1288 2203 nisi
1303 2136 1429 2208 quinque
1444 2136 1643 2208 episcoporum
1656 2135 1797 2206 designata

134 2230 268 2301 imposito
283 2229 396 2283 sibimet
415 2227 545 2298 improbo
558 2226 671 2282 silentio
684 2245 700 2282 a
713 2229 817 2284 talibus
827 2246 855 2284 se
869 2228 948 2284 dein·
1001 2229 1038 2283 sit
1049 2229 1257 2300 chirographis.

135 2390 236 2408 m

152 2421 159 2434 1

458 2525 747 2622 lNClPlUN'l'
792 2525 1054 2619 DECRETA
1101 2527 1277 2620 MilllCl
1321 2526 1505 2619 PAPAE.

133 2697 456 2782 Epr'stotoAEpyptiorum
475 2709 631 2778 pontificum
652 2707 690 2761 od
710 2708 833 2762 Marcum
849 2722 953 2776 popam
1003 2706 1133 2761 subnexa
1168 2706 1290 2778 capitula
1323 2706 1512 2778 septuaginta.
1541 2707 1613 2761 Sane
1642 2701 1790 2775 runcantibus

166 2795 217 2852 im
246 2779 445 2850 ΜΘῙῙΨῙΨῚὌΝς
472 2780 577 2836 Nf⁶2¹²i
603 2779 728 2840 mmm*
758 2780 824 2848 qnia
851 2777 954 2832 ‘mam‘
1002 2800 1286 2872 nohisoctogintain
1300 2803 1460 2855 memorata
1472 2798 1599 2870 capitula
1619 2801 1734 2854 tractata
1745 2795 1790 2849 sunt

170 2865 261 2907 ‘mm
272 2849 639 2920 exempwmmcmdmm'
679 2916 684 2923 ·
754 2894 759 2909 ¹
1003 2890 1789 2966 synodo,scilicetquadraginu,narcetem-acatium

139 3054 142 3059 q
170 2987 291 3043 bomine
312 2988 410 3041 sancto
431 2989 459 3040 et
475 2985 620 3057 apostotici
642 2984 775 3040 culminis
790 2985 952 3042 venerando
1002 2986 1088 3056 edita,
1105 2993 1133 3043 et
1145 2987 1365 3060 quadragintae
1378 2980 1790 3041 LatinissimiliterLatineedita

133 3083 231 3138 asico
254 3083 357 3135 sanetae
377 3080 512 3135 Romame
536 3083 566 3134 et
584 3078 749 3151 apostoliea
767 3077 850 3146 sedis,
865 3081 951 3150 atque
1002 3079 1119 3151 lingua3
1134 3081 1184 3136 sed
1206 3079 1297 3137 risum
1320 3087 1362 3136 ost
1385 3079 1519 3136 trecentis
1533 3080 1634 3135 decern
1647 3084 1676 3134 et
1689 3075 1789 3134 octou-

134 3172 444 3231 unirersalisEcclesiae
465 3189 557 3244 papa,
578 3175 752 3230 Aruauasrus
778 3176 807 3227 et
829 3171 953 3228 universi
1003 3175 1093 3230 trihus
1115 3175 1145 3229 in
1168 3175 1301 3246 predicto
1316 3179 1412 3230 sancto
1433 3173 1539 3245 Spiritu
1559 3173 1682 3245 repletis
1701 3165 1789 3226 concilio

135 3267 334 3340 AEgyptiorurn
349 3265 484 3338 episcopi.
1002 3269 1195 3341 cougregatis,
1220 3274 1249 3325 et
1270 3269 1392 3324 maxime
1416 3269 1477 3340 jam
1501 3266 1577 3323 dicto
1602 3263 1758 3330 Alexandro,
1772 3262 1790 3312 tl

171 3361 269 3418 hdros
283 3360 446 3433 pervenisse
459 3376 517 3415 non
531 3359 850 3431 dubitamusquantaet
859 3357 953 3431 qualia
1002 3362 1165 3434 apostolica
1187 3363 1261 3417 sedis
1288 3361 1485 3434 apocrisariis,
1512 3365 1543 3416 ut
1572 3361 1673 3416 decem
1698 3353 1789 3429 capitata

135 3457 171 3512 ab
186 3454 502 3522 haereticisetmaxime
513 3453 805 3525 abdrianisquotidie
816 3453 951 3525 patimur,
1002 3457 1205 3523 adunarentur,
1222 3455 1284 3511 aliis
1301 3460 1387 3527 atque
1411 3454 1545 3527 congruis
1571 3454 1602 3508 in
1620 3454 1691 3509 locis
1711 3453 1787 3507 usn

135 3567 220 3623 quarn
235 3549 265 3603 in
279 3547 485 3604 tantumabeis
495 3563 714 3620 persequamur,
725 3546 953 3602 utetiamrirere
1002 3553 1110 3616 rentur,
1131 3548 1208 3604 etad
1229 3549 1351 3604 formam
1377 3549 1526 3620 sexaginta
1546 3546 1744 3618 discipulorum
1761 3537 1788 3593 ul

135 3642 308 3700 nostaedeat.
318 3641 389 3697 Nam
399 3641 520 3697 instanti
531 3640 760 3713 temporesuhito
770 3645 799 3695 et
809 3641 952 3713 insperata
1002 3643 1089 3698 totius
1104 3642 1180 3698 orbis
1196 3646 1276 3698 terrae
1287 3643 1464 3714 linguarum,
1476 3641 1626 3713 sexaginta
1636 3639 1709 3696 tanti
1718 3639 1788 3693 etun
1826 3630 1829 3691 ἐ

135 3735 763 3808 innosirruentes,nosquejuxtepraceptum
773 3722 954 3806 Domini,qui
1003 3737 1167 3792 excellentis
1195 3736 1307 3792 concilii
1332 3737 1433 3792 tierent
1456 3735 1591 3807 capitula,
1618 3751 1683 3807 ane
1704 3737 1788 3788 omnen
1827 3752 1829 3795 ς

136 3831 249 3888 ait:«Si
259 3845 309 3887 ros
319 3829 461 3901 persecuti
475 3828 581 3884 luerint
593 3829 623 3883 in
637 3844 727 3884 unam
741 3827 894 3896 civitatem,
906 3827 952 3883 lu·
1004 3830 1229 3886 Christianorum
1253 3831 1441 3886 informarent
1465 3829 1564 3886 orbem
1585 3834 1613 3884 et
1641 3841 1734 3884 omnes
1753 3816 1788 3877 sub
1825 3844 1829 3895 .;

136 3925 192 3997 gite
200 3924 230 3980 in
238 3923 324 3978 aliam
331 3923 438 3992 (Motth.
448 3922 705 3995 x,23),ulugiendo
716 3924 835 3993 propter·
841 3920 952 3977 cladem
1003 3924 1168 3980 sacerdotali
1181 3928 1209 3979 et
1221 3924 1378 3980 Christiano
1389 3922 1506 3979 nomine
1516 3922 1666 3994 degentes,
1680 3913 1788 3976 ursule
1826 3962 1829 4005 ,

135 4017 244 4092 populi,
258 4016 435 4072 declinantes
448 4032 501 4071 nos
521 4014 766 4086 comprehendere
782 4030 840 4070 non
854 4015 951 4070 valne-
1003 4019 1031 4073 et
1045 4033 1103 4072 una
1114 4017 1294 4074 sacerdotalis
1308 4024 1393 4090 alque
1414 4016 1552 4073 clericalis
1572 4017 1687 4088 regeret
1706 4020 1787 4070 norat·
1827 4022 1829 4033 ·

135 4114 214 4179 ruut,
227 4109 276 4165 scd
292 4109 388 4164 omnia
402 4112 499 4163 nostra
513 4107 676 4180 depopulati
690 4109 767 4176 sunt,
792 4108 822 4162 in
839 4111 953 4163 tantum
1002 4127 1057 4167 nec
1071 4111 1222 4183 quisquam
1236 4129 1253 4166 a
1265 4128 1316 4188 suo
1330 4111 1480 4167 dissideret
1492 4110 1597 4182 capite.
1613 4112 1694 4167 Nunc
1704 4100 1788 4176 argutil

138 4201 777 4270 enimnostravastaverunt,utneclibros,nec
787 4201 954 4257 vestimenta
1002 4204 1171 4277 pradictum
1187 4210 1230 4262 est
1243 4205 1351 4261 inimici
1365 4209 1469 4261 sanctur
1492 4204 1543 4261 Dei
1564 4203 1703 4271 Ecclesia,
1714 4203 1788 4255 clm·

137 4295 336 4361 ecclesiastica,
348 4295 461 4366 aliaque
475 4298 653 4362 ornamenta,
668 4310 721 4351 nec
742 4293 852 4366 reliqna
872 4298 952 4351 uten-
1002 4298 1079 4354 xime
1093 4299 1188 4354 hriani
1204 4300 1336 4372 aquibus
1351 4299 1478 4371 quotidie
1495 4312 1708 4369 expugnamur,
1722 4290 1789 4348 roal*

138 4390 200 4446 silia
222 4388 304 4447 nebls
320 4387 508 4444 dimitterent.
524 4388 623 4444 Libros
645 4404 710 4443 rero
731 4393 843 4444 nostros
865 4405 953 4460 usque
1003 4393 1095 4448 rimur
1115 4398 1143 4448 et
1164 4393 1355 4464 opprimimur
1374 4392 1493 4465 prefata
1516 4391 1695 4463 septuaginta
1713 4372 1791 4442 h'ieatl

138 4481 995 4562 adminimumineendentes,neciolauuumrelinqnentes1)
1007 4487 1118 4542 concilii
1133 4486 1256 4558 capitula
1278 4503 1343 4558 quoe
1367 4486 1402 4541 de
1421 4487 1540 4558 prelata
1553 4483 1665 4557 syuodo
1672 4484 1729 4555 jam
1739 4478 1792 4535 au

137 4575 956 4652 propterreritatistidemNicaenamsynodum,quaclerus
1000 4565 1794 4652 pisenteborninomeoalexandro,decretoomniumui

139 4679 168 4729 et
178 4672 298 4746 populus
309 4670 539 4739 imbuebatur,et
554 4670 679 4726 maxime
688 4671 749 4742 jam
759 4671 863 4727 imbuti
875 4674 957 4727 erant
1005 4689 1156 4745 scopcrpm
1168 4674 1260 4744 attuli,
1276 4691 1339 4747 quas
1353 4674 1440 4730 etiam
1449 4690 1547 4730 coram
1560 4673 1696 4729 omnibus
1706 4654 1793 4726 raciliii

139 4766 169 4822 in
181 4766 382 4823 contumeliam
393 4767 530 4834 nostram,
542 4767 570 4819 et
582 4764 715 4819 omnium
727 4764 955 4821 Christianorum
1005 4773 1090 4840 atque
1105 4768 1279 4841 transcripsi,
1291 4774 1357 4824 sunt
1369 4768 1436 4840 igne
1452 4767 1611 4835 combusta,
1621 4748 1747 4840 optamru
1755 4761 1795 4814 uta

138 4858 954 4930 incenderunt.Quapropterprecamur,Paterheatissime,
1005 4863 1104 4917 vestroe
1126 4867 1231 4918 sauctae
1256 4861 1330 4917 sedis
1351 4860 1483 4917 Ecclesia.
1504 4860 1676 4917 auctoritate
1698 4847 1796 4932 quedl

139 4955 206 5029 quia
220 4970 280 5011 non
293 4951 455 5009 dubitamus
466 4952 542 5024 apud
557 4969 605 5007 vos
618 4952 747 5024 plenaria
770 4969 830 5009 esse
851 4951 956 5010 ticeni
1005 4962 1099 5012 mater
1122 4959 1151 5012 et
1172 4959 1256 5028 caput
1277 4955 1408 5012 omnium
1429 4954 1617 5011 Ecclesiamm
1633 4952 1793 5011 eandoem

140 5047 251 5105 concilii
264 5046 446 5118 exemplaria,
461 5050 492 5100 ut
503 5046 586 5101 nohis
600 5046 647 5101 illa
661 5063 724 5119 quse
744 5049 850 5103 sancta
863 5063 956 5104 recor·
1006 5050 1133 5122 ptionem
1162 5054 1192 5104 et
1212 5050 1415 5105 recreationem
1443 5048 1571 5105 bdelium
1596 5046 1796 5103 orthodnenu

141 5142 262 5200 dationis
277 5138 492 5213 predecessoris
513 5139 598 5196 vestri
621 5140 752 5213 Sylreslri
766 5141 884 5197 fuerunt
904 5141 956 5197 snb
1006 5142 1152 5215 percipere
1172 5160 1225 5215 per
1246 5147 1404 5215 presentes
1424 5143 1534 5216 legatos
1552 5157 1727 5198 mereamur.
1746 5135 1796 5191 len

140 5242 203 5294 tuta
225 5235 344 5292 mittatis
366 5233 559 5306 stipulatione.
586 5234 657 5289 Nam
679 5236 792 5306 quando
813 5234 956 5306 praedictae
1005 5237 1137 5292 norimus
1147 5237 1320 5310 apostolatus
1336 5238 1422 5293 vestri
1436 5253 1487 5293 cor
1502 5235 1694 5310 gratiasancti
1703 5228 1797 5306 spitus

141 5332 249 5407 synodo
269 5347 334 5387 eum
345 5329 434 5385 bealae
445 5327 591 5384 memoriae
603 5329 773 5395 Alexandro,
787 5328 876 5400 digno
885 5328 954 5396 ileo,
1006 5330 1036 5385 in
1050 5334 1162 5387 tantum
1172 5348 1233 5387 esse
1248 5349 1408 5399 accensum,
1421 5336 1454 5387 nt
1465 5330 1599 5389 omnibus
1613 5327 1798 5403 oppressisse

140 5426 273 5502 pontifice
283 5427 389 5492 nostro,
404 5423 434 5477 id
444 5427 495 5490 ast,
505 5421 702 5477 Alexandrinae
713 5421 956 5492 inagnreeiritatis
1006 5426 1133 5493 curratis,
1148 5432 1255 5499 quanto
1264 5425 1355 5499 magis
1363 5425 1444 5482 nobis
1455 5412 1798 5499 qui,licetexigniordiata

141 5513 955 5594 cpiscopo,indiaconatusinter-luimusolllciosubnoslrae
1005 5512 1800 5593 tamenvestrisumusvohisqucobedianteaeumomuibtl

140 5607 644 5688 poenitenliaetestimonioperbeatos
653 5607 727 5664 viros
737 5609 957 5679 Victorem,Vin·
1006 5613 1089 5668 nobis
1103 5615 1272 5683 commissis,
1290 5619 1318 5671 ot
1331 5631 1440 5683 sumus,
1451 5620 1480 5671 et
1486 5630 1548 5670 esse
1557 5629 1675 5686 semper
1683 5609 1800 5669 volumu-

137 5708 265 5783 cendum
277 5705 470 5779 presbyteros,
481 5700 644 5775 apostoliea
659 5701 734 5758 sedis
755 5703 954 5778 apocrisarios,
1006 5707 1073 5764 ideo
1088 5707 1169 5765 decet
1179 5713 1207 5766 et
1217 5714 1331 5781 oportet
1340 5726 1389 5766 ros
1399 5707 1550 5766 nobishoc
1559 5724 1625 5781 quae
1636 5694 1803 5781 rogamus,ll

119 5795 957 5876 minuscutpradlctqpapasylvesuoeumastipunuom
1005 5801 1059 5857 alia
1081 5818 1145 5875 quas
1165 5803 1324 5859 necessaria
1343 5804 1423 5875 juxta
1444 5801 1614 5876 sapientiam
1635 5816 1725 5877 qaam
1742 5788 1806 5855 wffl
