3870 6150
627 290 864 347 trechtfatttttt
882 289 1074 346 cartaceo.
1637 281 1688 342 'ill

103 400 237 457 thelicam
259 399 404 472 pertinere
423 397 594 467 doctrinam,
621 399 698 470 quod
722 398 824 453 ahhor·
835 411 861 483 Α
874 397 989 452 absolui.
1007 399 1076 452 Nam
1091 396 1113 449 si
1130 396 1221 450 adhuc
1238 394 1330 451 taliter
1343 396 1439 461 sentit,
1459 395 1572 467 quamdo
1589 413 1618 449 sa
1634 413 1687 449 no-

105 495 209 565 ongius
229 499 257 548 et
274 492 573 565 penitusapprohatur
592 490 754 559 adversum,
779 491 823 545 in·
875 496 932 546 stro
950 489 1057 561 judicio
1082 490 1225 563 quibusvis
1254 489 1376 561 acceptis
1402 488 1502 544 litteris
1528 504 1592 543 cum
1621 488 1690 544 sciat

103 589 203 643 llorum
222 591 251 641 et
269 586 384 641 monitis
404 591 433 639 et
447 585 540 639 verbis
562 589 594 640 ut
612 586 762 651 haherent,
780 585 823 639 in·
875 583 1069 639 damnandum
1085 600 1114 637 sc
1127 600 1197 651 csse,
1218 583 1384 638 committet.
1407 582 1486 647 Quod
1503 583 1525 636 si
1546 598 1690 636 accercen-

113 684 256 753 quateuus
270 680 304 734 ad
321 685 430 733 rectum
450 678 514 732 vitae
529 679 674 733 tramitem
694 677 824 745 redeant,
876 678 1023 747 dusesset,
1037 676 1129 731 abhis
1143 676 1244 731 melius
1259 677 1342 731 fieret
1357 676 1405 747 qui
1422 676 1513 746 magis
1525 675 1649 746 proximi
1663 681 1691 729 et

103 775 197 841 abunt,
223 790 259 829 ne
288 773 396 827 diutius
425 775 551 827 mentem
579 772 722 835 obsidens,
748 770 827 827 velut
876 772 1036 843 nonlongo
1060 773 1204 825 terrarum
1217 770 1307 841 spatio
1321 769 1454 824 videntur
1470 785 1531 824 esse
1547 768 1691 840 disjuncti,

117 883 219 922 eorum
241 866 369 921 sensibus
383 883 464 922 error
479 865 604 920 invadat.
621 866 694 919 Nam
708 865 731 919 si
750 863 827 921 Pela·
877 864 925 920 sed
945 880 1002 919 non
1024 864 1114 919 deerit
1132 880 1199 919 cura
1218 863 1240 918 si
1258 862 1408 918 medicinae
1430 863 1556 934 praebeat
1569 862 1617 918 ille
1630 879 1690 917 ma·

103 977 272 1034 quocunque
292 960 394 1015 restitit
423 961 484 1015 loco
505 975 604 1014 eorum
633 958 827 1030 animaequi
876 959 991 1014 teriam.
1005 959 1102 1013 Potest
1114 957 1191 1011 enirn
1208 956 1345 1011 damnare
1356 973 1420 1028 quae
1433 958 1562 1010 senserat
1574 972 1606 1010 ac
1620 955 1692 1010 datis

117 1054 162 1108 vel
191 1053 357 1124 simpliciter
385 1054 538 1109 crederent
566 1052 750 1124 disputandi,
773 1052 827 1107 hac
876 1052 978 1107 litteris
993 1050 1098 1106 erroris
1117 1051 1171 1119 sui,
1192 1055 1221 1105 ut
1236 1066 1398 1121 regressum
1419 1049 1455 1103 ad
1475 1065 1527 1103 nos
1547 1048 1628 1104 decet
1647 1065 1693 1103 ve·

106 1149 201 1202 atione
217 1148 336 1218 decepit,
351 1165 400 1202 scu
415 1148 461 1201 hic
473 1147 514 1201 illi
527 1147 558 1200 in
573 1146 644 1201 urbe
657 1149 734 1213 sunt,
751 1144 826 1217 quod
876 1146 955 1201 niam
971 1144 1125 1217 postulare,
1138 1145 1241 1199 fratres
1251 1143 1418 1199 charissimi.
1433 1131 1549 1197 bibrum
1562 1158 1628 1197 sane
1642 1141 1692 1213 qui

103 1244 171 1298 ates
187 1258 238 1296 nee
254 1241 439 1296 manifestare
460 1256 621 1312 possumus,
642 1257 694 1295 nec
711 1255 826 1311 negare,
878 1244 939 1315 ejus
960 1259 1020 1299 esse
1042 1242 1188 1297 dicebatur
1204 1241 1317 1297 nobiae
1336 1245 1430 1296 vestra
1444 1239 1581 1295 charitate
1604 1245 1693 1295 trans·

103 1338 120 1391 t
134 1335 157 1389 si
170 1338 236 1389 sunt
248 1335 363 1402 lateant,
384 1351 434 1390 nec
451 1334 604 1406 aliquando
624 1333 763 1401 audeant,
784 1332 828 1386 vel
877 1337 995 1392 missum
1010 1336 1177 1403 evolvimus,
1194 1336 1223 1389 in
1236 1352 1292 1407 quo
1310 1335 1399 1390 multa
1417 1334 1585 1406 blasphema
1600 1338 1694 1402 erant,

114 1429 318 1500 predicantem
339 1429 392 1483 ista
411 1428 576 1496 defendere,
593 1428 636 1483 vel
651 1427 718 1482 talia
732 1426 827 1498 aliquo
877 1431 947 1487 nihil
975 1430 1051 1503 quod
1073 1431 1208 1501 placeret,
1230 1429 1301 1483 nihil
1328 1428 1406 1501 quod
1431 1428 1545 1500 penitus
1558 1444 1616 1483 non
1635 1427 1693 1482 dis·

103 1539 177 1577 irum
191 1528 332 1594 praesente
342 1523 458 1592 jactare,
468 1527 496 1577 et
510 1522 539 1576 in
553 1525 633 1577 tauta
645 1520 743 1592 populi
754 1520 827 1574 mul·
878 1525 1005 1597 pliccret,
1028 1542 1045 1579 a
1073 1523 1170 1594 quovis
1190 1522 1386 1578 damnandum
1410 1527 1495 1594 atque
1516 1521 1693 1588 calcandum,

103 1632 136 1672 ne
151 1615 327 1687 deprehendi
341 1616 445 1687 aliquis
459 1616 540 1671 facile
557 1632 609 1670 nec
623 1614 726 1669 alicubi
740 1613 830 1686 possit
879 1619 959 1689 eujus
973 1617 1077 1673 similia
1095 1616 1149 1672 nisi
1170 1617 1220 1688 qui
1232 1615 1287 1670 ista
1299 1615 1460 1687 scripserat,
1477 1631 1562 1670 nemo
1576 1614 1649 1670 alter
1665 1615 1694 1669 in

103 1709 142 1778 ei,
163 1710 220 1763 sive
240 1709 269 1763 in
284 1711 383 1781 quovis
399 1715 541 1764 terrarum
561 1709 620 1763 loco
643 1708 760 1779 degant.
780 1706 828 1762 uei
878 1716 1002 1767 mentem
1027 1710 1166 1783 reciperet
1193 1713 1278 1782 atque
1304 1709 1434 1764 sentiret.
1459 1709 1527 1763 Nam
1556 1709 1694 1764 hocloco

117 1802 321 1868 misericordia,
334 1803 480 1874 gratiaque
495 1801 733 1872 credimus,quod
746 1787 868 1859 facileB
881 1805 916 1860 de
930 1806 994 1877 lege
1013 1804 1097 1859 latius
1119 1803 1265 1875 disputare
1290 1804 1368 1858 velut
1385 1819 1482 1858 coram
1502 1802 1595 1874 posito
1616 1818 1697 1874 repu-

103 1901 204 1964 ,antun
219 1897 317 1951 audita
330 1897 390 1967 ejim
403 1896 586 1952 damnatione
602 1896 651 1968 qui
664 1895 751 1950 fuerit
763 1910 827 1966 per·
879 1898 1036 1971 guantique
1052 1898 1168 1969 Pelagio
1187 1896 1379 1952 necessarium
1402 1913 1462 1951 esse
1490 1913 1547 1950 non
1566 1895 1696 1951 duximus

121 1993 151 2045 et
162 1991 296 2044 resistens
310 1990 394 2060 hujus
410 1990 552 2062 dogmatis
571 1993 671 2043 arretor
686 1989 828 2055 iuventus,
879 2009 943 2048 cum
961 1992 1106 2048 vobiscum
1130 1994 1220 2046 totam
1242 2007 1304 2047 rem
1319 1990 1483 2057 scientibus,
1505 1989 1626 2062 parique
1642 2005 1694 2043 no·

103 2086 212 2152 iterest,
229 2084 274 2137 uhi
291 2084 333 2136 isti
350 2084 466 2150 fuerint,
483 2083 551 2137 dum
566 2083 729 2154 iiliicuuque
749 2081 828 2137 inve·
880 2086 990 2142 hiscum
1003 2086 1164 2141 assensione
1181 2084 1382 2157 gaudentibus,
1399 2084 1603 2155 colloquamur.
1618 2083 1696 2137 Tunc

103 2178 237 2245 otuerint,
256 2183 321 2230 suut
342 2177 470 2230 sarumdi.
490 2177 573 2230 Noliis
593 2182 688 2230 tamen
703 2192 756 2231 nee
770 2192 831 2229 sua·
880 2179 957 2235 enim
977 2179 1080 2236 metius
1097 2179 1159 2234 haeo
1177 2179 1305 2250 exempta
1325 2182 1481 2250 ponuntur,
1503 2176 1616 2247 quando
1630 2192 1696 2231 cum

103 2274 190 2342 potest
214 2288 278 2324 eum
302 2287 360 2325 esse
384 2274 550 2342 purgatum,
577 2270 705 2340 quamvis
725 2268 761 2323 ad
779 2286 831 2324 nos
881 2273 926 2328 his
960 2290 1032 2346 quos
1059 2274 1163 2329 harum
1194 2276 1303 2328 constat
1329 2288 1427 2327 rerum
1455 2270 1609 2342 prudentes
1637 2287 1698 2325 esse

103 2366 142 2419 cio
157 2365 259 2434 quihus
272 2364 348 2417 laicis
364 2365 420 2417 sint
436 2368 513 2434 gesta
530 2363 649 2434 perlata,
666 2362 770 2434 quibus
784 2362 830 2417 itte
881 2371 1044 2423 tractamus.
1059 2368 1129 2422 Nam
1143 2367 1178 2421 da
1195 2370 1306 2422 naturae
1319 2365 1515 2439 possibilitate,
1531 2381 1564 2420 ac
1577 2364 1611 2419 de
1625 2364 1697 2420 tibe-

103 2457 188 2512 titum
203 2458 374 2511 seereueret
399 2464 427 2511 ei
451 2458 622 2511 absolutura.
647 2456 715 2520 Quae
733 2461 831 2511 utrum
881 2477 913 2517 ro
928 2461 1055 2528 arbitrio,
1079 2463 1108 2514 et
1127 2461 1161 2516 de
1177 2460 1258 2515 omni
1282 2459 1333 2515 hei
1355 2459 1458 2530 gratia,
1481 2462 1510 2513 et
1535 2458 1700 2529 quotidiana

103 2552 159 2607 sint
181 2551 353 2617 dubitamus,
369 2551 444 2622 quod
461 2551 512 2604 suh
530 2551 607 2604 nulle
625 2550 700 2604 illius
723 2548 832 2604 concilii
884 2555 984 2626 gratia,
1002 2554 1048 2610 aui
1064 2571 1123 2610 non
1135 2554 1171 2608 sit
1181 2558 1257 2609 recte
1267 2552 1403 2608 sentienti
1415 2552 1592 2607 uberrimum
1605 2551 1700 2624 dispu-

103 2645 195 2701 xtione
209 2649 358 2710 venerunt,
371 2662 423 2698 nec
439 2661 537 2699 eorum
552 2645 661 2716 aliquas
674 2642 833 2715 accepimus
882 2652 953 2703 tare.
970 2647 1201 2704 Anathematizet
1214 2663 1283 2719 ergo
1298 2647 1352 2702 ista
1364 2662 1427 2717 quie
1440 2645 1536 2714 sensit,
1550 2651 1582 2700 ut
1594 2644 1635 2700 illi
1649 2645 1700 2717 qui

103 2755 172 2793 cre
198 2740 315 2804 litteras,
339 2740 414 2808 apud
441 2755 512 2809 quos
535 2737 615 2792 istius
639 2738 680 2792 rei
701 2736 833 2809 praestitit
884 2741 945 2813 ejus
967 2742 1146 2797 sermonibus
1169 2742 1304 2809 fuerant,
1335 2739 1542 2812 praeceptisque
1568 2739 1699 2811 collapsi,

103 2849 126 2886 ⁵·
152 2831 234 2896 Qss⁰d
255 2832 277 2885 si
302 2833 337 2886 de
361 2849 413 2886 sua
432 2833 479 2886 ille
498 2831 634 2902 potuisset
661 2831 832 2902 purgatione
883 2834 951 2907 quid
966 2835 1083 2890 tandem
1099 2835 1202 2890 haheat
1216 2834 1287 2890 fides
1301 2850 1368 2889 vera
1383 2837 1567 2903 cognoscant.
1583 2832 1701 2889 Facilius

103 2943 167 2991 ere,
182 2925 235 2980 liae
255 2927 347 2996 magis
361 2925 505 2979 credimus
525 2925 600 2996 quod
622 2926 735 2996 egisset.
752 2925 832 2988 Quod
884 2928 961 2984 enim
982 2929 1110 2985 revocari
1131 2933 1298 3001 potuerunt,
1324 2944 1388 2983 cum
1418 2927 1471 2982 ista
1492 2944 1509 2981 a
1535 2944 1585 2983 suo
1610 2944 1703 2983 sense-

103 3040 107 3068 »
123 3019 218 3073 seriiis
232 3036 292 3075 esse
307 3024 429 3090 poterat,
448 3025 477 3072 ut
499 3018 562 3074 illus
578 3024 693 3089 cogeret
708 3018 834 3089 epistolis
883 3021 943 3076 rint
956 3025 1073 3078 auctore
1087 3022 1229 3077 damnari.
1246 3021 1329 3087 Quod
1345 3023 1369 3076 si
1384 3021 1434 3075 ille
1450 3020 1589 3092 pertinaci
1601 3021 1631 3075 in
1649 3021 1702 3076 hac

103 3112 146 3185 qui
166 3112 388 3184 dijudicaverant
404 3112 542 3182 judicare.
565 3114 668 3166 Verum
695 3129 760 3166 eum
778 3111 834 3165 sint
884 3116 1005 3172 voluerit
1019 3115 1167 3188 impietate
1189 3116 1351 3187 persistere,
1372 3118 1416 3169 est
1433 3113 1580 3185 agendum
1603 3120 1701 3188 quate-

103 3207 148 3260 iin
163 3205 230 3277 ipsis
241 3206 333 3277 posita
344 3205 439 3276 gestis,
449 3221 513 3276 quae
525 3205 634 3276 objecta
643 3205 746 3277 partim
754 3222 833 3260 mus·
844 3160 872 3234 C
884 3226 938 3264 nus
947 3210 991 3264 vel
1006 3210 1050 3264 his
1060 3209 1150 3281 possit
1160 3209 1316 3280 subveniri,
1328 3225 1400 3281 quos
1411 3225 1469 3263 non
1478 3225 1546 3263 suus
1557 3208 1608 3264 sed
1617 3209 1702 3281 hujm

103 3299 131 3355 lo
145 3300 192 3355 ille
205 3301 370 3371 suppressit,
385 3299 490 3370 partini
507 3300 598 3354 multa
608 3298 638 3354 in
651 3316 680 3354 se
693 3299 777 3355 verba
786 3316 832 3354 re·
885 3303 977 3375 magis
986 3319 1065 3359 error
1076 3303 1199 3373 induxit,
1211 3319 1246 3358 ne
1255 3306 1284 3357 et
1297 3302 1351 3357 illis
1366 3302 1428 3357 haec
1442 3302 1582 3358 medicina
1592 3312 1701 3375 pereat,

103 3394 187 3461 endu,
204 3399 263 3449 tota
276 3395 445 3448 obscuritate
464 3393 601 3463 confudit,
631 3392 726 3464 aliqua
743 3394 835 3466 magis
884 3397 964 3469 eujus
979 3397 1031 3452 iste
1044 3397 1131 3452 talem
1150 3413 1210 3452 non
1228 3395 1365 3466 admittit,
1382 3413 1434 3452 nee
1448 3396 1574 3469 postulat
1592 3412 1701 3452 curam.

110 3488 289 3559 argumentis
309 3504 397 3560 qnam
411 3504 476 3542 vera
496 3487 614 3557 ratione,
630 3491 661 3540 ut
673 3487 707 3541 ad
722 3490 834 3559 tempus
885 3493 960 3546 Deus
981 3507 1031 3547 vos
1053 3490 1194 3546 custodiat
1211 3489 1382 3558 incolumes,
1409 3489 1512 3544 fratres
1534 3489 1701 3546 charissimi.

103 3583 255 3652 epoterat,
276 3582 417 3652 purgavit,
443 3580 498 3635 alia
523 3580 667 3652 negando,
688 3581 744 3635 alia
764 3581 836 3636 falsa
885 3584 1127 3640 hatarrlialend.
1142 3583 1298 3640 Februarii.

103 3676 256 3731 metatione
269 3675 418 3729 vertendo.
443 3674 497 3729 Sed
519 3675 627 3728 utinam
648 3673 725 3744 quod
744 3674 836 3746 magis
921 3681 994 3734 ltem
1006 3678 1125 3750 epistola
1140 3677 1289 3733 familiaris
1303 3677 1340 3732 ad
1353 3677 1538 3733 Aurelianum
1554 3677 1703 3751 Carthagi·

103 3769 177 3824 idum
191 3775 232 3823 est
245 3770 328 3823 etiam
344 3769 391 3822 ille
406 3785 436 3823 se
451 3769 486 3823 ad
496 3784 594 3822 veram
609 3768 755 3822 catholica
770 3767 835 3823 fidei
885 3788 1005 3827 neusem
1021 3771 1200 3843 episcopum.

121 3862 157 3918 ab
188 3862 237 3917 illo
270 3862 311 3917 sui
342 3862 464 3916 tramitis
496 3878 590 3916 errore
616 3864 776 3929 convertat,
804 3867 837 3917 ut
922 3865 1606 3938 lsaoeaariusAeaeumepiscopoCarthagiuensi.
1623 3866 1705 3923 tuf-

103 3966 118 4017 t
134 3960 257 4032 velitque
277 3961 414 4032 purgari,
437 3960 620 4014 considerans
641 3959 836 4032 quotidianam
886 3959 1044 4015 miliaribus
1057 3959 1167 4031 scriptis
1181 3959 1295 4015 dilectio
1311 3976 1379 4015 vera
1398 3960 1536 4031 consistit,
1552 3963 1582 4039 et
1593 3960 1703 4016 firmius

103 4055 205 4110 retiam
216 4054 446 4125 adjutoriumque
462 4070 647 4125 cognoscens,
662 4059 693 4110 ut
707 4054 837 4109 videatur
887 4054 1033 4110 charitatis
1045 4053 1140 4109 officia
1153 4054 1255 4108 melius
1271 4071 1300 4109 se
1313 4070 1378 4110 orsa
1389 4059 1563 4110 mereantur.
1579 4055 1703 4119 Quamo-

103 4165 129 4219 n,
153 4154 182 4203 et
203 4149 375 4220 approbetur
394 4148 428 4202 ab
451 4148 582 4202 omnibus
611 4147 762 4203 manifesta
788 4164 836 4203 ra·
886 4148 1030 4220 hremper
1042 4148 1159 4204 fratrem
1173 4151 1301 4203 nostrum
1313 4148 1419 4204 iulium
1433 4148 1704 4220 epistolaextriuse·

120 4245 270 4308 correctus,
291 4259 349 4296 non
374 4245 518 4313 gestorum
530 4240 650 4312 judicio,
667 4240 717 4295 sed
740 4240 775 4295 ad
789 4257 836 4296 ea·
888 4259 937 4297 cus
951 4241 1046 4297 missae
1060 4242 1232 4314 respondere
1249 4241 1361 4314 gestivi,
1376 4259 1411 4298 ne
1426 4242 1502 4314 apud
1518 4259 1566 4297 me
1586 4242 1704 4298 forsitan

103 4351 158 4391 am
177 4336 262 4390 fidem
283 4337 367 4390 corde
391 4352 535 4390 converso.
551 4334 631 4389 Unde
647 4351 706 4390 non
719 4350 836 4406 postam
887 4339 1050 4392 remaneret
1072 4336 1223 4408 peculiaris
1247 4339 1360 4407 negatae
1384 4335 1559 4391 salutationis
1585 4335 1702 4406 oflensa,

105 4446 136 4485 m
150 4446 201 4485 nce
216 4430 372 4500 approhare
391 4446 443 4483 nec
462 4430 576 4500 culpare
593 4428 747 4500 judicium,
770 4446 837 4484 oum
888 4428 1082 4501 supradictum
1096 4430 1184 4502 igitur
1200 4431 1317 4485 fratrem
1333 4434 1462 4485 nostrum
1477 4435 1533 4485 tue
1557 4429 1703 4486 dilectioni

103 4540 182 4579 amus
199 4530 295 4577 utrum
311 4541 377 4578 vera
393 4524 449 4577 sint
463 4527 551 4594 gesta,
575 4528 624 4577 aut
638 4523 660 4578 si
679 4540 747 4578 vera
760 4523 1019 4607 suut,1)restituo,
1035 4541 1100 4578 cum
1115 4524 1279 4595 apostolicae
1289 4524 1346 4579 sedi
1356 4524 1477 4594 dignum
1491 4523 1527 4578 ad
1536 4524 1704 4579 relationem

122 4617 324 4687 subterfugisse
343 4620 455 4671 constet
475 4617 564 4688 magis
583 4633 716 4688 quamue
735 4618 764 4672 iu
778 4621 836 4673 tota
886 4619 1008 4691 duplicis
1027 4617 1125 4690 synodi
1142 4618 1286 4689 judicatis.
1302 4617 1447 4689 Superest,
1464 4622 1495 4672 ut
1508 4621 1603 4672 oratus
1622 4634 1704 4674 ane-

103 4728 126 4767 ιι
137 4728 287 4783 purgasse.
301 4713 353 4775 Qui
367 4711 389 4764 si
402 4711 529 4775 contidit,
545 4711 680 4783 novitque
690 4729 746 4767 non
758 4712 836 4767 omni
886 4712 930 4768 bis
943 4712 1079 4767 hominus
1092 4714 1227 4783 praestare
1241 4710 1385 4783 dignetur,
1400 4713 1540 4783 quatenus
1549 4711 1644 4766 omnis
1655 4713 1705 4768 Ee-

103 4821 142 4862 ιιι]
162 4823 222 4860 esse
239 4805 434 4877 indignatione
454 4805 530 4878 quod
550 4805 625 4861 dieat
645 4809 694 4861 aut
703 4807 764 4878 J'am
783 4806 837 4862 hoo
887 4806 978 4863 ctesias
993 4822 1051 4861 suae
1066 4805 1176 4860 macula
1188 4804 1329 4860 coutinuis
1344 4804 1488 4861 laboribus
1500 4805 1605 4861 nostris
1619 4806 1706 4879 possit

103 4916 160 4954 ise
176 4900 312 4954 refutasse
334 4899 409 4970 quod
433 4899 554 4967 dixerat,
578 4917 636 4955 non
654 4917 671 4955 a
688 4900 773 4955 nohis
791 4917 835 4957 ac·
888 4899 1024 4972 abstergi.
1051 4899 1189 4955 Dominus
1203 4899 1341 4955 custodiet
1362 4902 1390 4954 te
1408 4899 1599 4969 incolumem,
1618 4901 1706 4958 frater

103 4993 130 5062 i,
148 4993 200 5048 sed
218 4994 280 5066 ipse
301 4993 386 5048 dehet
407 4993 501 5064 potius
522 4994 668 5063 festinare,
689 4997 722 5048 ut
738 4994 835 5067 possit.
888 4994 1064 5051 charissime.
1078 4995 1147 5050 [tata
1159 5010 1188 5048 vr
1202 4993 1264 5048 llal.
1281 4992 1362 5048 Febr.

345 5270 631 5370 lNClPlUNT
673 5277 936 5372 uacuum
975 5275 1160 5371 zoztttl
1209 5274 1376 5369 PAPAE

103 5466 182 5532 Quod
197 5469 332 5523 monachi
347 5470 392 5523 vel
410 5469 474 5524 laici
488 5471 541 5525 nisi
562 5487 613 5544 per
631 5473 737 5545 gradus
750 5475 841 5529 eecle-
928 5476 954 5529 3.
975 5473 1043 5539 Qua
1059 5473 1090 5528 in
1106 5471 1227 5543 singulis
1245 5470 1416 5527 elericorum
1430 5467 1563 5540 gradihus
1578 5469 1705 5539 tempora

104 5576 152 5617 cos
166 5577 225 5616 non
236 5562 359 5618 debeant
372 5565 406 5619 ad
417 5581 562 5620 summum
577 5567 765 5623 sacerdotium
779 5584 842 5640 per·
894 5568 952 5623 sint
964 5568 1089 5641 praelixa.

103 5670 134 5709 '⁰-
931 5662 1085 5734 Episcopus
1107 5662 1222 5717 Zozmus
1243 5659 1322 5716 urbis
1339 5659 1436 5714 Romae
1452 5656 1562 5713 llrsirio
1575 5656 1708 5729 episcopo

103 5748 301 5821 0¹10d⁸lquis
318 5750 465 5807 interdicta
486 5754 654 5827 despexerit,
676 5757 780 5829 gradus
801 5755 844 5811 sui
896 5755 1068 5824 Salonitanc,
1089 5755 1221 5810 salutem.
1243 5753 1337 5824 Exigit
1357 5750 1461 5807 dilexio
1474 5753 1729 5820 tuauuauuestnnx

104 5843 156 5898 ¹¹¹⁰
171 5842 337 5915 subjacebit.
896 5850 1061 5927 apostolieae
1076 5850 1155 5908 sedis
1165 5849 1200 5907 'itt
1214 5866 1275 5924 quo
1282 5850 1410 5905 latrum
1420 5844 1540 5901 decreta
1548 5840 1764 5902 calceellum,
