3870 6150
129 244 180 301 aas
577 238 717 300 ΑΡΡΕΝΙ).
739 238 782 298 ab
799 240 879 300 sec.
899 240 941 298 lx.
958 273 991 282 -
1010 240 1128 301 alnou!
1145 238 1356 300 annosiores
1757 247 1806 299 sac

89 408 92 415 ,
129 352 241 419 riostris,
256 352 314 406 sive
327 351 363 406 ab
376 351 444 422 ipsis
456 350 592 424 apostolia
611 366 684 422 quos
696 350 823 423 potiores
835 350 938 406 merito
949 355 1145 434 persecutus.
1160 351 1244 406 Nobis
1258 351 1319 406 ausi
1332 353 1398 405 sunt
1411 349 1506 405 lacere
1523 365 1670 405 canonum
1683 352 1806 407 mentio·

125 445 211 500 luisse
226 460 283 498 non
299 443 417 499 dubium
431 448 482 512 est,
497 461 547 499 seu
563 444 598 498 ab
620 444 683 516 ipso
704 443 823 499 Domino
845 444 940 500 Salva·
991 462 1068 512 nem,
1085 448 1184 500 eontra
1199 461 1269 516 quos
1284 460 1332 517 vos
1347 459 1464 515 semper
1482 441 1692 499 ambitionibus
1706 443 1807 501 illicitis

124 543 186 592 tore
200 536 250 608 qui
260 536 439 608 judicaturus
458 537 584 593 creditur
597 537 674 592 vivos
688 542 716 593 et
732 542 870 607 mortuos,
883 539 940 593 sive
990 538 1107 592 tenendi
1121 554 1181 592 esse
1194 539 1397 592 monstrantur.
1413 537 1472 600 Oua
1484 537 1514 591 in
1527 535 1640 608 synodo
1655 537 1700 592 vel
1713 554 1808 594 secian-

124 631 231 686 laetum
251 632 294 685 est
308 647 435 702 unquam
449 631 493 685 vel
509 631 673 686 laciendum
696 647 757 685 esse
778 631 940 686 mandatur.
992 631 1062 686 dum
1075 631 1155 702 eujus
1168 631 1270 702 synodi
1289 630 1413 685 formam
1424 629 1652 685 Alexandrinum
1669 631 1807 688 loannem

125 724 247 779 ldortuos
274 723 423 779 suscitasse
456 725 578 796 legimus
608 724 763 779 Christum.
793 725 823 778 lu
845 739 942 780 errore
992 724 1027 779 de
1047 723 1168 778 Ecclesia
1190 724 1234 778 cui
1257 723 1403 778 ordinatus
1428 723 1521 778 iuerat
1542 723 1741 794 expulerunt?
1757 724 1807 789 Oui

126 819 255 872 mortuos
268 817 417 872 absolvisse
431 833 490 872 non
506 817 638 889 legimus.
659 818 692 872 Et
704 817 753 888 qui
766 817 819 871 hoc
832 822 941 872 certam
991 816 1076 872 nullis
1099 817 1190 871 causis
1208 815 1395 886 evidentibus,
1410 832 1464 871 nec
1485 819 1552 870 ante
1575 821 1748 881 conventus,
1760 834 1807 873 nee

126 909 249 965 faciendi
263 911 339 964 solus
358 911 459 966 hahuit
471 914 652 982 potestatem,
665 910 748 965 beato
761 911 847 965 Petro
861 910 940 982 prin-
991 913 1089 982 postea
1101 911 1279 981 provocatus,
1294 909 1381 964 etiam
1397 909 1425 962 in
1438 909 1546 980 judicio
1567 910 1746 980 competenti
1759 927 1806 981 po-

126 1003 255 1074 cipaliter
269 1003 386 1058 mandat
405 1004 533 1075 apostolo
550 1019 557 1058 :
574 1024 588 1054 α
611 1003 680 1068 Qua
704 1003 836 1074 ligaveris
855 1019 941 1075 super
991 1004 1047 1058 tuit
1064 1002 1197 1058 accusari.
1215 1002 1295 1066 Quod
1311 1001 1334 1056 si
1348 1001 1447 1056 dicunt
1462 1018 1469 1056 ε
1485 1003 1646 1073 Imperator
1658 1001 1715 1057 hoc
1735 1003 1807 1071 iecit,

127 1102 244 1164 terram,
253 1097 342 1168 ligata
357 1101 441 1151 erunt
452 1101 481 1151 et
490 1097 520 1151 in
529 1097 608 1167 eoelo,
618 1102 646 1151 et
656 1113 720 1168 quae
730 1096 847 1151 solveris
856 1112 942 1167 super
992 1098 1047 1152 hoe
1055 1095 1149 1166 ipsum
1160 1095 1263 1167 quibus
1277 1094 1443 1163 canonibus,
1455 1095 1559 1166 quibus
1568 1095 1682 1166 regulis
1691 1101 1734 1150 est
1744 1111 1809 1166 pra-

128 1194 235 1244 terram
254 1195 339 1244 erunt
359 1190 453 1244 soluta
474 1195 503 1245 et
525 1189 555 1243 in
579 1190 648 1244 coelo
661 1190 770 1258 (llottlv.
786 1205 842 1256 xvr,
859 1190 940 1260 18).r
992 1191 1192 1262 ceptuthur
1203 1189 1270 1244 huie
1284 1193 1343 1243 tam
1356 1205 1443 1259 pravo
1452 1188 1526 1243 laeto
1536 1188 1686 1243 consensit
1697 1188 1809 1244 Aeacius

129 1283 221 1352 Super
232 1286 349 1347 terram,
364 1282 467 1353 inquit,
481 1297 548 1336 nam
568 1282 596 1337 in
615 1283 668 1337 hae
683 1282 817 1353 ligatione
840 1282 941 1337 delun·
992 1300 1057 1339 cum
1070 1283 1224 1339 auctoritas
1238 1281 1332 1337 divina
1345 1282 1440 1336 dicat:
1457 1279 1552 1354 237
1566 1282 1632 1337 Non
1653 1281 1749 1336 solum
1765 1281 1809 1352 qui

128 1380 204 1431 etum
228 1391 376 1445 nunquam
396 1374 464 1430 dicit
482 1375 598 1430 absolvi.
612 1375 690 1439 Quod
707 1391 775 1447 ergo
794 1391 943 1446 nunquam
993 1377 1100 1432 sedunt
1116 1391 1276 1447 pravareos
1297 1391 1368 1442 esse,
1383 1374 1532 1429 sedetiam
1553 1375 1606 1446 qui
1629 1374 1809 1430 consentiunt

128 1469 233 1525 iactum
246 1473 289 1522 est
298 1469 341 1521 vel
356 1471 452 1522 mente
466 1468 630 1539 conspicere
643 1468 843 1535 formidamus,
855 1467 943 1522 seien-
992 1468 1171 1525 facientibus.
1188 1467 1295 1532 Quibus
1308 1467 1475 1533 canonibus,
1495 1466 1635 1537 quibusve
1646 1467 1758 1537 regulis
1768 1470 1810 1522 Co·

130 1567 171 1617 tes
190 1561 219 1615 in
241 1560 335 1615 divino
354 1560 461 1631 judicio
483 1577 542 1616 non
563 1576 644 1632 posse
666 1560 779 1631 penitus
803 1560 941 1616 excusari.
993 1561 1108 1617 lendion
1121 1561 1249 1616 exclusus
1261 1565 1312 1627 est,
1329 1560 1372 1614 vel
1394 1558 1479 1630 primi
1499 1559 1618 1615 urbium
1636 1559 1809 1615 diversamur

130 1656 158 1711 Si
168 1660 275 1724 autem,
286 1654 362 1724 quod
372 1670 448 1708 nvrnc
457 1654 651 1725 praetendunt,
661 1654 811 1708 altomana
821 1654 943 1709 Ecclesia
993 1653 1122 1710 catholici
1132 1652 1373 1724 sacerdotestqua
1383 1652 1536 1708 traditione
1545 1652 1696 1723 majorum
1709 1656 1811 1724 aposto

130 1765 158 1804 se
171 1745 286 1803 divisuri
299 1751 374 1813 sunt,
390 1746 421 1800 id
431 1746 606 1817 jamdudum
622 1746 722 1802 iecisse
735 1748 941 1815 monstrantur,
953 1728 981 1801 Β
993 1749 1076 1803 licam
1095 1747 1192 1801 sedem
1210 1747 1239 1800 in
1259 1745 1367 1817 judicio
1386 1744 1506 1801 vocant?
1517 1746 1561 1798 An
1586 1745 1726 1801 secunda
1743 1744 1811 1801 sedis

130 1856 163 1896 eo
177 1841 272 1895 minus
288 1854 352 1894 vere
366 1839 457 1894 miror
468 1839 491 1894 si
509 1839 703 1911 ignorantiam
717 1856 796 1894 snam
808 1839 870 1910 ipse
883 1855 942 1896 raon
992 1839 1140 1906 antistites,
1154 1842 1183 1894 et
1204 1838 1296 1893 tertia
1319 1838 1469 1909 caeterique
1489 1838 1564 1893 bone
1577 1837 1634 1892 sibi
1651 1837 1761 1893 conscii
1771 1854 1809 1893 sa·

128 1932 265 2005 perspicit
283 1931 331 2003 qui
352 1931 420 1987 dicit
440 1931 572 1987 Acacium
596 1932 631 1987 ah
654 1948 712 1987 uno
734 1938 793 1987 n'on
818 1932 943 2003 potuisse
972 1914 1120 1989 'cerasus
1142 1931 1313 1999 debuerunt,
1335 1934 1364 1986 et
1388 1931 1437 2002 qui
1462 1930 1611 2002 religionis
1637 1930 1736 1986 existit
1761 1931 1810 1987 iui-

128 2025 270 2082 damnari.
295 2026 374 2081 ltane
397 2040 455 2079 non
479 2024 615 2096 perspicit
638 2025 794 2081 secundum
818 2025 942 2080 formam
993 2027 1092 2094 micus,
1106 2023 1211 2096 depelli
1223 2040 1283 2081 non
1295 2022 1412 2079 debuit?
1422 2023 1552 2079 Viderint
1566 2039 1640 2095 ergo
1653 2023 1681 2079 si
1691 2023 1809 2081 alioshe

128 2118 231 2192 synodi
246 2116 482 2174 Chalcedonensis
502 2117 634 2173 Acacium
655 2118 741 2174 luisse
763 2118 941 2187 damnatum,
992 2119 1061 2174 bant
1085 2133 1216 2184 canones,
1242 2116 1345 2188 quibam
1368 2132 1432 2172 suas
1461 2116 1583 2188 ineptias
1612 2122 1808 2190 exsequantur.

130 2229 183 2268 nec
203 2212 280 2267 novit
298 2216 348 2266 aut
362 2227 391 2266 se
414 2226 496 2266 nosse
519 2210 689 2280 dissimulat,
705 2216 824 2282 quantos
846 2211 943 2282 utique
992 2213 1134 2267 Caeterum
1146 2211 1193 2265 isti
1203 2209 1252 2281 qui
1264 2209 1347 2279 sacri,
1360 2208 1410 2280 qui
1422 2209 1621 2279 ecclesiastici,
1632 2210 1688 2282 qui
1699 2210 1808 2280 legitimi

128 2321 180 2379 per
189 2320 375 2360 numerosam
389 2303 560 2359 sententiam
575 2305 731 2359 sacerdotes
744 2304 849 2360 erroris
858 2304 944 2375 htijus
992 2304 1181 2373 celebrantur,
1195 2319 1254 2358 non
1267 2303 1358 2358 solum
1375 2302 1471 2358 sedem
1484 2303 1680 2374 apostolicam
1691 2304 1728 2359 ad
1736 2303 1806 2376 judi

130 2402 260 2454 auctores
273 2400 383 2451 constat
398 2396 483 2452 luisse
502 2396 662 2464 damnatos,
679 2397 751 2452 sicut
769 2397 798 2452 in
813 2414 942 2470 unaqua-
993 2398 1069 2453 cium
1087 2413 1186 2453 vocare
1203 2412 1261 2451 non
1283 2399 1416 2468 possunt3
1439 2400 1468 2451 et
1488 2396 1807 2469 Constantinopolitano

128 2508 184 2564 que
209 2491 309 2546 lraeresi
335 2506 352 2544 a
375 2489 515 2561 principio
542 2489 711 2546 Christianae
743 2489 891 2562 religionis
916 2495 945 2546 et
992 2491 1113 2547 civitatis
1133 2490 1292 2562 episcopus,
1307 2505 1371 2562 qua
1399 2489 1497 2560 utique
1519 2504 1573 2560 per
1592 2505 1723 2546 canonas
1742 2490 1807 2547 inter

128 2585 235 2640 laetam
262 2583 347 2638 luisse
375 2586 403 2637 et
429 2582 491 2637 fleri
519 2583 669 2638 manilesta
700 2599 798 2638 rerum
831 2583 943 2639 ratione
993 2584 1074 2639 sedes
1101 2583 1213 2639 nullum
1244 2597 1349 2637 nomen
1377 2582 1496 2653 aceepit,
1518 2581 1549 2636 in
1574 2583 1805 2638 communionem

132 2676 624 2747 monstretur,praedecessoremque
637 2691 734 2731 meum
747 2681 943 2731 exsecutorem
993 2677 1121 2733 recidens
1147 2675 1323 2747 perfidorum
1346 2690 1404 2731 non
1433 2674 1532 2730 debuit
1556 2674 1750 2732 submoverit
1768 2678 1804 2730 Au

129 2770 216 2826 luisse
239 2768 340 2824 veteris
365 2767 521 2834 constituti,
545 2785 604 2823 non
626 2784 708 2823 novae
736 2768 944 2824 constitutionis
992 2770 1042 2842 qui
1061 2769 1171 2824 homini
1192 2769 1327 2824 mentitus
1351 2767 1455 2823 dieitur
1475 2768 1659 2838 imperatori,
1675 2771 1705 2824 et
1725 2768 1803 2839 impe·

130 2867 284 2918 auctorem.
297 2859 378 2925 Quod
392 2858 944 2932 nonsolumpraculiapostolicoiacere
992 2868 1118 2918 retorem
1146 2861 1250 2916 laesisse
1276 2859 1465 2931 perhibentur
1497 2860 1608 2931 depelli
1643 2861 1803 2927 debuerunt,

129 2954 207 3022 lieet,
226 2952 333 3007 scilieet
356 2952 515 3022 cuicunque
538 2951 677 3023 pontifici,
698 2956 731 3007 ut
752 2952 896 3025 quoslibet
916 2958 945 3008 et
992 2960 1021 3010 et
1042 2955 1073 3009 in
1097 2955 1186 3010 Deum
1206 2954 1255 3025 qui
1275 2968 1404 3009 summus
1426 2958 1469 3008 est
1496 2952 1663 3024 imperator
1685 2954 1803 3010 Acacium

130 3044 943 3118 quemlibetlocum,secundumregulamhaereseosipsius
953 3048 1207 3162 Cdelinquentem
1237 3047 1433 3119 sinceramque
1458 3047 1703 3104 communionem
1729 3046 1801 3103 divini

130 3145 195 3195 ante
208 3139 348 3193 damnata
361 3153 377 3190 a
392 3136 530 3192 catholiea
546 3137 750 3193 communione
769 3138 941 3195 discernant.
993 3141 1162 3198 sacramenti
1180 3139 1342 3196 studentem
1362 3140 1481 3195 miseere
1497 3155 1566 3195 eum
1591 3140 1703 3211 inlidis,
1718 3156 1800 3196 secuu-

164 3231 278 3289 Aeacius
290 3231 397 3304 quippe
412 3246 469 3285 non
482 3231 536 3286 luit
555 3231 621 3285 novi
632 3231 676 3286 vel
687 3231 794 3302 proprii
813 3231 944 3287 inventor
992 3235 1060 3290 dum
1070 3233 1210 3306 synodum
1221 3249 1278 3305 qua
1291 3236 1335 3288 est
1348 3232 1483 3288 damnata
1499 3232 1623 3303 pertidia
1635 3250 1697 3289 non
1709 3237 1801 3306 oporte·

129 3325 244 3392 erroris,
259 3330 289 3379 ut
301 3325 331 3379 in
346 3340 411 3379 eum
428 3340 499 3379 nova
512 3324 581 3379 scita
597 3324 793 3396 procederent,
810 3324 860 3380 sed
874 3325 941 3380 alio·
992 3327 1041 3383 bat
1054 3326 1185 3382 excludit
1199 3326 1253 3382 Sed
1264 3325 1351 3381 velint
1362 3325 1456 3382 nolint
1470 3325 1561 3397 ipsios
1568 3325 1687 3397 judicio
1701 3327 1800 3398 snoqu

128 3436 193 3476 rum
212 3417 334 3474 facinori
356 3434 434 3472 suam
455 3417 687 3472 communionem
708 3417 831 3474 miscuit.
847 3420 942 3490 ltaque
992 3436 1135 3475 canonum
1160 3418 1359 3474 constitutione
1381 3417 1589 3474 firmabuntur.
1611 3418 1672 3476 Sed
1691 3417 1799 3490 religiosi

127 3529 241 3569 neeesse
255 3514 297 3566 est
315 3513 347 3565 ut
367 3510 397 3566 in
417 3511 496 3565 illam
515 3510 655 3566 recideret
668 3510 746 3581 justa
767 3511 859 3567 lanice
879 3527 941 3567 sen·
991 3513 1044 3568 viri
1066 3517 1151 3584 atque
1172 3511 1288 3583 perlecti
1313 3510 1470 3567 secundum
1498 3526 1626 3569 canones
1650 3526 1798 3569 concessam

128 3605 244 3662 tentiam
264 3620 351 3676 quam
374 3619 439 3658 cum
462 3603 520 3658 suis
542 3603 749 3659 suecessoribus
770 3620 822 3674 per
842 3605 940 3660 conni-
991 3603 1796 3678 sediapostolieaepotestatamnimirumeonanturariporc,

128 3699 252 3754 rentiam
266 3696 431 3769 synodalem
445 3701 605 3768 susceperat
617 3700 714 3752 auctor
729 3695 842 3752 erroris.
857 3697 943 3752 Nobis
992 3699 1141 3755 etsihimet
1150 3714 1214 3754 eam
1223 3702 1452 3753 eontracenoncs
1463 3713 1605 3769 usurpare
1615 3694 1796 3756 contenduntt

127 3796 278 3864 opponunt
296 3805 431 3858 canones,
444 3789 513 3845 dum
530 3789 661 3844 nesciunt
684 3789 753 3861 quid
773 3790 941 3862 loquantur.
992 3792 1014 3847 0
1027 3808 1169 3847 canonum
1182 3790 1332 3863 magistros
1345 3794 1431 3862 atque
1443 3791 1587 3859 custodes,
1602 3791 1690 3847 nobis
1701 3791 1794 3848 nulum

127 3887 230 3941 Contra
243 3900 316 3957 quos
327 3884 381 3938 hoc
393 3883 449 3956 ipsi
459 3884 556 3938 venire
571 3899 601 3937 se
614 3882 742 3953 produnt
753 3883 832 3954 qnod
841 3883 942 3954 primas
991 3885 1034 3940 ias
1043 3889 1085 3940 est
1097 3885 1169 3939 inire
1183 3889 1328 3941 certamen
1342 3899 1407 3939 cum
1420 3883 1587 3939 hominibus
1599 3882 1795 3942 communionis

128 3979 189 4035 sedi
211 3993 280 4032 sana
303 3981 436 4046 rectaque
457 3974 587 4030 suadenti
612 3991 712 4046 parere
733 3976 864 4048 lugiunt3
888 3975 942 4048 ipsi
990 3979 1101 4047 alienae,
1135 3977 1230 4033 divina
1267 3977 1411 4050 Scriptura
1446 3976 1636 4048 predicante,
1665 3976 1794 4035 boniaco

128 4075 195 4128 sunt
214 4085 348 4136 canones,
361 4068 409 4140 qui
430 4068 634 4140 appellationes
655 4068 743 4124 totius
757 4068 888 4124 Ecclesia
906 4069 942 4123 ad
991 4071 1158 4127 hereticum
1171 4074 1235 4142 post
1249 4070 1374 4141 primam
1389 4074 1419 4125 et
1430 4069 1586 4125 secvmdam
1600 4071 1795 4144 eorreptionem

129 4165 214 4235 hujus
232 4162 307 4218 sedis
328 4176 449 4216 examen
468 4160 585 4215 voluere
606 4159 722 4216 deterri.
737 4161 779 4216 Ah
799 4161 861 4232 ipsa
876 4178 942 4219 vero
992 4163 1095 4220 devita.
1109 4164 1204 4220 Sciens
1217 4163 1293 4234 quod
1306 4162 1471 4234 hujusmodi
1480 4161 1634 4234 delinquat
1648 4160 1795 4238 proprioy'o·

130 4271 272 4327 nusquam
297 4269 411 4324 prorsus
432 4253 570 4324 appellari
592 4252 696 4308 debere
720 4258 885 4322 sanxerunt,
909 4271 941 4310 ae
991 4257 1064 4312 dicio
1073 4257 1367 4312 condenmatus.Eece
1376 4260 1561 4328 cognoscant,
1574 4255 1795 4328 quianonsoluur

129 4366 182 4422 per
194 4350 247 4403 hoc
263 4347 342 4402 illam
364 4345 399 4400 de
417 4350 479 4401 tota
499 4344 620 4401 Ecclesia
637 4345 776 4416 judicare,
793 4347 883 4418 ipsam
906 4348 941 4404 ad
990 4350 1025 4405 ah
1036 4350 1100 4417 alio,
1110 4351 1220 4406 sedase
1231 4350 1345 4420 proprie
1355 4365 1470 4421 quoque
1479 4349 1639 4407 damnatur
1647 4348 1801 4415 uentos·

129 4442 236 4500 nullius
257 4454 420 4496 commeare
440 4437 592 4509 judicium,
606 4454 658 4494 nec
681 4439 716 4494 de
735 4441 795 4511 ejus
814 4457 981 4532 unquaml)
992 4443 1062 4499 illud
1076 4447 1171 4499 autem
1185 4443 1271 4497 nimis
1284 4445 1327 4498 est
1341 4442 1502 4514 impudens,
1518 4443 1597 4514 quod
1615 4443 1794 4500 Acaciumrs·

129 4538 328 4612 preceperunt
343 4531 452 4604 judicio
469 4531 604 4603 iudicari,
618 4533 846 4606 sententiamque
867 4535 942 4590 illius
994 4536 1070 4591 niam
1091 4536 1248 4607 postulasse
1268 4536 1448 4608 contingunt,
1469 4539 1498 4590 et
1517 4551 1571 4590 nos
1592 4537 1733 4594 exstitisse
1751 4532 1793 4590 dit·

129 4630 338 4687 constituerunt
372 4642 431 4683 non
462 4627 594 4697 oportere
629 4625 752 4695 dissolvi,
781 4628 862 4698 cujus
891 4644 940 4699 po·
991 4629 1088 4686 lieiles.

129 4725 186 4781 tius
200 4723 314 4778 decreta
326 4720 473 4793 sequenda
482 4719 662 4775 mandarunt.
676 4721 707 4775 ln
721 4719 773 4776 hae
785 4720 847 4792 ipsa
859 4738 943 4777 eausa
1026 4723 1116 4778 Testis
1137 4728 1180 4779 est
1200 4724 1290 4779 lrater
1311 4725 1402 4779 vester
1423 4723 1465 4778 vir
1487 4720 1608 4780 illustris
1632 4723 1709 4781 illins
1729 4736 1795 4781 mm

128 4816 292 4875 Timotheus
314 4813 531 4880 Alexandrinus,
553 4817 583 4868 et
603 4813 703 4868 Petrus
729 4813 940 4882 Antioehaenus,
991 4817 1217 4883 Andromachae,
1233 4816 1283 4889 qui
1294 4821 1322 4872 et
1337 4833 1353 4870 a
1368 4816 1449 4871 nohis
1461 4816 1649 4875 abundanter
1660 4820 1796 4876 immeto

128 4914 237 4977 Petrus,
251 4907 363 4977 Paulus,
376 4908 510 4974 loannes,
525 4912 553 4961 et
567 4906 733 4962 caterinen
752 4907 843 4962 solum
858 4924 940 4977 unus,
992 4912 1045 4978 est,
1061 4912 1093 4965 ut
1113 4910 1312 4967 cohortaretur
1323 4909 1456 4965 Acacium
1472 4909 1604 4981 deposita
1619 4911 1794 4969 obstinatione

128 5004 177 5061 sed
206 5003 303 5074 plures
330 5015 437 5055 nomen
475 4998 625 5054 sacerdotii
661 4999 856 5071 preferentes,
881 5000 942 5057 sola
991 5003 1166 5075 resipiscere,
1180 5003 1257 5059 etad
1271 5003 1344 5058 sedis
1363 5003 1525 5075 apostolico
1545 5021 1681 5064 remeare
1697 5018 1794 5062 consor

128 5098 203 5156 sedis
218 5093 377 5168 apostolicae
398 5095 465 5148 sunt
487 5091 655 5148 auctoritate
677 5093 789 5165 dejecti,
804 5094 884 5165 enjus
898 5094 942 5150 rei
991 5097 1073 5165 hum,
1086 5097 1191 5169 quippe
1200 5112 1229 5152 se
1242 5096 1294 5151 sub
1303 5096 1491 5168 jurejurando
1505 5098 1624 5170 magnis
1637 5097 1796 5157 cumoodn

127 5192 207 5250 testis
228 5189 314 5247 etiam
335 5188 452 5243 docetur
464 5186 524 5258 ipse
544 5186 660 5243 Aeacius
677 5187 727 5260 qui
741 5188 942 5260 preceptionis
991 5190 1188 5246 molitionibus
1207 5190 1299 5262 egisse
1321 5195 1450 5258 testatur,
1464 5207 1516 5246 nee
1537 5192 1573 5247 ad
1593 5208 1631 5249 ea
1651 5210 1716 5266 qum
1734 5193 1796 5247 retia

126 5287 212 5359 hvrjus
224 5283 329 5341 exstitit
343 5284 496 5362 exsecutor.
512 5279 593 5346 Quod
607 5281 705 5354 utique
720 5280 793 5336 sieut
806 5281 939 5353 apostoli·
990 5288 1057 5339 sunt
1069 5283 1194 5355 potuisse
1208 5282 1328 5350 deflecti,
1342 5283 1413 5338 sieut
1425 5300 1522 5339 rerum
1538 5285 1683 5357 probatur
1697 5284 1794 5341 amoc

126 5398 189 5439 caru
205 5380 303 5435 sedem
319 5377 401 5450 juxta
419 5375 543 5430 formam
558 5373 721 5446 synodicam
733 5374 833 5429 iecisse
848 5374 939 5429 mani·
991 5376 1073 5432 Certe
1093 5377 1255 5449 proferatur
1265 5376 1404 5448 judicium
1420 5376 1536 5449 quando
1556 5378 1685 5448 miserit,
1697 5373 1795 5452 querit

125 5476 230 5531 lestom
244 5477 296 5542 est,
310 5472 349 5529 sie
366 5469 513 5526 neminem
526 5468 666 5523 resultare
681 5466 806 5539 potuisse
819 5467 939 5522 certissi-
990 5469 1104 5525 veniam
1117 5470 1270 5541 postularit
1279 5469 1551 5542 correptionemque
1561 5488 1649 5529 suam
1658 5472 1794 5543 nempe

126 5585 217 5626 mum.
227 5569 284 5623 lloe
293 5565 381 5638 igitur
394 5562 482 5619 modo
495 5561 626 5617 recidens
635 5560 664 5615 in
679 5560 850 5615 consortium
861 5561 939 5616 dam·
990 5563 1101 5617 mnerit
1115 5563 1315 5632 exhibendam,
1330 5563 1386 5618 nisi
1397 5563 1470 5618 forto
1483 5563 1564 5621 huno
1576 5565 1710 5623 animum
1723 5559 1793 5638 guni

126 5665 257 5719 natomm
277 5664 322 5715 est
341 5658 493 5713 damnatus
505 5653 629 5723 Aeacius,
643 5653 692 5726 qui
705 5668 806 5709 eorum
820 5653 939 5710 damna·
990 5671 1077 5728 quem
1089 5656 1332 5728 successoresejus
1341 5655 1445 5711 hahere
1455 5656 1659 5730 perspicimus.
1669 5658 1792 5717 urano

119 5752 228 5814 tionem
261 5755 420 5825 antequam
451 5747 648 5822 prevaricator
683 5745 824 5818 existeret,
848 5747 941 5804 irrorat
991 5749 1013 5804 si
1028 5748 1141 5805 veniam
1161 5750 1317 5822 postularet
1335 5749 1472 5821 impendi,
1486 5748 1527 5807 sic
1540 5750 1705 5826 sihirellet,
1718 5746 1789 5808 utri·
