3870 6150
159 198 211 253 895
520 194 522 199 '
605 192 747 252 APPEND.
769 195 813 250 ΑΙ)
831 194 910 251 SAEC.
933 197 975 250 ιιι.
990 225 1023 235 -
1044 193 1164 251 lSlDORl
1183 187 1394 250 MERCATORIS
1791 194 1839 246 aaa·

154 302 287 357 rumdam
313 303 492 357 sacerdotum
513 303 599 357 corda
623 307 758 374 corrupta
782 307 857 371 sunt,
874 306 902 357 et
923 319 976 375 per
985 304 1062 390 Asit
1076 303 1124 374 qui
1140 305 1201 356 erat
1215 303 1288 356 Deus
1303 301 1437 369 Verbum,
1453 298 1531 355 etde
1549 300 1630 354 Patre
1646 313 1733 354 nemo
1747 298 1783 352 sit
1797 314 1840 370 gc-

157 412 229 466 quos
244 395 434 465 opprimenda
446 395 552 450 falsitas
565 403 594 451 et
606 395 783 452 defendenda
797 398 901 452 veritas
914 397 973 451 lnc-
1028 397 1105 450 uitus
1118 399 1224 468 praeter
1236 394 1371 449 Verbum.

157 489 203 542 rat
216 502 268 557 per
281 487 355 556 ipsos
368 488 504 543 doctrinae
524 489 690 544 Priscilliuni
709 490 893 561 Evangelium
908 490 974 544 suh·
1062 491 1104 544 lv.
1121 493 1225 557 Quarto
1239 492 1337 543 autem
1351 487 1472 558 capitulo
1489 485 1652 541 continetur
1665 482 1746 556 quod
1767 487 1839 538 nata-

158 580 235 634 ditur
247 580 361 647 Christi,
378 586 409 636 ut
425 582 462 636 ad
477 584 610 654 profanos
632 600 731 638 sensus
744 584 848 654 pietate
863 586 974 638 sancto·
1027 585 1083 636 lem
1112 582 1224 648 Christi,
1251 598 1337 653 quem
1365 580 1523 635 secundum
1552 578 1766 649 susceptionem
1790 577 1841 632 reri

157 689 222 726 riam
235 673 412 729 voluminum
429 675 593 746 depravata,
609 677 660 730 sub
676 676 839 732 nominihus
855 675 976 746 prophe·
1026 676 1151 730 hominis
1165 675 1302 729 catholica
1316 674 1434 729 Ecclesia
1448 670 1686 742 veneratur,quia
1699 692 1714 719 α
1726 671 1841 725 Verbum

156 769 251 820 tarum
263 771 291 820 ct
300 769 493 837 apostolorum
502 787 559 823 nou
568 769 621 824 hoc
633 769 813 841 praedicetur,
826 769 901 840 quod
913 768 975 839 Spi·
1026 785 1092 823 caro
1107 769 1215 823 factum
1229 774 1281 836 est,
1298 771 1327 821 el
1340 766 1476 821 habitarit
1488 766 1518 820 in
1533 764 1616 819 nobis
1630 764 1721 832 (Joan.
1735 780 1755 832 r,
1769 765 1817 832 tt),
1829 788 1839 810 »ι

156 859 227 913 ritus
241 864 356 914 sanctus
370 860 476 930 docuit,
489 863 537 917 sed
552 862 630 934 quod
648 862 752 917 diaholi
768 861 977 916 ministeriase-
1025 879 1083 917 non
1099 878 1162 916 vere
1180 862 1225 916 isti
1241 862 1393 928 honorent,
1410 860 1459 914 sed
1481 859 1626 914 honorare
1648 875 1678 912 se
1703 857 1841 926 simulent,

159 954 225 1007 ruit.
245 953 315 1018 Ouia
336 970 404 1026 ergo
429 956 542 1010 dilectio
563 958 620 1009 tuae
636 955 702 1010 lldei
724 959 863 1026 quantum
884 955 977 1025 potuit
1023 956 1187 1026 jejunantes
1202 956 1304 1009 eodem
1321 953 1366 1007 die
1380 953 1452 1007 sicut
1466 958 1495 1007 et
1509 952 1556 1006 dic
1573 950 1738 1016 Dominico,
1750 949 1840 1020 quiesi

157 1046 305 1116 diligentia
319 1048 465 1103 damnatas
475 1049 542 1103 olim
557 1049 705 1120 opiniones
719 1048 818 1103 decem
828 1053 855 1102 et
865 1051 975 1118 septem
1027 1048 1087 1103 dies
1102 1048 1315 1102 resurrectionis
1325 1046 1438 1102 Christi.
1451 1045 1532 1110 Quod
1545 1044 1722 1115 utiqueideo
1732 1043 1840 1111 iaciunt,

159 1139 289 1211 capitulis
304 1141 532 1212 comprehendit,
549 1159 599 1197 nos
615 1158 728 1214 quoque
743 1141 862 1196 strictim
881 1140 977 1195 omnia
1026 1142 1092 1213 quia
1112 1141 1256 1196 Christum
1280 1140 1437 1195 Dominum
1461 1139 1491 1193 in
1511 1154 1577 1193 aera
1598 1137 1728 1191 hominis
1750 1143 1840 1190 natura

158 1237 351 1300 retractemus,
369 1251 404 1288 ne
427 1236 533 1306 aliquid
549 1235 653 1290 harum
674 1235 915 1307 blasphemiamm
929 1239 977 1289 aut
1027 1240 1124 1288 natum
1140 1251 1200 1288 esse
1215 1249 1273 1288 non
1287 1233 1417 1301 credunt,
1431 1231 1481 1286 sed
1502 1248 1553 1303 per
1566 1230 1728 1302 quamdam
1743 1229 1840 1284 illusio·

158 1327 305 1382 tolerabile
318 1327 446 1381 videatur
460 1334 510 1382 aut
523 1328 653 1383 duhium.
1028 1344 1095 1380 nem
1110 1330 1251 1381 ostentata
1266 1326 1355 1380 videri
1369 1324 1478 1391 volunt,
1494 1341 1559 1395 quae
1574 1339 1641 1377 sera
1659 1339 1718 1376 nou
1733 1323 1840 1385 luerint,

196 1420 214 1474 l.
242 1420 336 1474 Primo
371 1421 470 1491 itaque
502 1422 624 1492 capitula
656 1422 867 1477 demonstratur
891 1436 976 1492 quam
1027 1426 1177 1491 sequentes
1193 1420 1298 1490 dogma
1319 1419 1454 1475 Cerdonis
1476 1421 1565 1488 atque
1579 1415 1743 1483 Marcionis,
1758 1419 1786 1469 et
1801 1432 1841 1469 co·

159 1511 246 1582 impie
268 1513 395 1567 sentiunt
410 1513 445 1568 de
458 1514 594 1569 Trinitate
608 1515 712 1582 divina,
729 1515 778 1586 qui
793 1519 821 1568 et
835 1514 935 1582 Patris,
949 1516 978 1567 et
1028 1514 1120 1584 gnatis
1135 1513 1192 1567 suis
1209 1511 1367 1567 Manichaeis
1384 1528 1437 1583 per
1450 1510 1549 1566 omnia
1562 1508 1783 1564 concordantes.
1796 1509 1842 1572 Qui

159 1604 231 1672 Filii,
241 1611 269 1660 et
279 1605 400 1676 Spiritus
411 1607 499 1661 sancti
510 1624 596 1663 unam
607 1612 692 1680 atque
703 1608 836 1662 eamdem
847 1609 978 1661 asserunt
1028 1608 1099 1661 sicut
1112 1607 1140 1660 in
1156 1610 1253 1663 nostro
1270 1607 1403 1660 examine
1417 1604 1521 1659 detecti
1534 1609 1621 1674 atque
1637 1602 1764 1657 convicti
1774 1607 1841 1670 suut,

159 1714 218 1754 esse
238 1715 400 1770 personam,
424 1706 561 1772 tanquam
581 1701 659 1756 idem
684 1702 769 1768 Deus,
785 1718 861 1756 nuric
883 1690 1201 1768 Pater,Bllominicum
1218 1699 1294 1753 diem
1315 1715 1401 1770 quem
1424 1697 1506 1753 nobis
1527 1696 1679 1753 Salvatoris
1703 1696 1841 1750 nostrire·

161 1808 238 1846 rrunc
253 1791 348 1860 Filius,
365 1810 441 1847 niano
463 1793 585 1865 Spiritus
604 1798 718 1849 sanctus
732 1795 905 1861 nominetur,
924 1811 976 1849 nec
1026 1793 1163 1848 surrectio
1186 1792 1371 1858 consecravit,
1394 1791 1513 1862 exigunt
1537 1790 1566 1844 in
1589 1805 1718 1844 moerore
1736 1789 1841 1860 jejimii,

156 1885 228 1939 alius
242 1885 278 1940 sit
291 1887 340 1956 qui
353 1887 463 1957 genuit,
478 1887 549 1941 alius
572 1889 620 1959 qui
640 1888 753 1959 genitus
768 1892 821 1957 est,
837 1888 909 1943 alius
927 1888 976 1960 qui
1026 1887 1089 1953 soli,
1106 1891 1137 1940 ut
1149 1886 1294 1956 proditum
1308 1890 1360 1953 est,
1376 1883 1540 1939 reverentias
1553 1883 1626 1937 hanc
1638 1881 1841 1937 continentiam

157 1975 192 2033 (ιι
206 1981 326 2050 utroque
345 1980 490 2050 processit,
505 1980 554 2035 sed
568 1981 719 2052 singularis
733 1981 825 2035 unitas
843 1981 872 2035 in
887 1981 976 2036 tribus
1027 1980 1204 2048 devoventes,
1218 1983 1248 2033 ut
1262 1996 1313 2050 per
1325 1979 1422 2034 omnia
1436 1977 1492 2031 sint
1505 1994 1521 2031 a
1534 1982 1642 2031 nostrae
1655 1975 1727 2030 lidei
1743 1976 1840 2030 unitate

158 2071 275 2143 quidem
290 2073 444 2138 vocabulis,
456 2073 505 2127 sed
519 2090 578 2127 non
591 2074 682 2128 trihus
695 2073 731 2128 sit
744 2074 906 2145 accipienda
916 2091 976 2144 per·
1027 2073 1179 2139 discordes,
1195 2076 1224 2126 et
1239 2072 1299 2126 dies
1314 2072 1361 2143 qui
1378 2089 1395 2125 a
1414 2071 1496 2126 nobis
1512 2086 1577 2125 com
1594 2069 1697 2124 laetitia
1720 2068 1840 2136 hahetur,

159 2164 245 2219 sonis.
261 2164 339 2229 Quod
354 2165 540 2237 blasphemiae
559 2183 651 2236 genus
666 2166 701 2220 de
715 2167 827 2223 Sabellii
841 2167 976 2238 opinione
1027 2165 1061 2219 ab
1080 2165 1133 2220 illis
1146 2165 1176 2218 in
1196 2164 1350 2219 afflictione
1372 2164 1502 2219 ducatur.
1519 2162 1600 2216 lfnde
1622 2162 1747 2234 dignum
1764 2166 1841 2216 estut

159 2263 351 2329 sumpserunt,
386 2259 465 2329 cujus
497 2259 629 2330 discipuli
658 2259 745 2314 etiam
778 2260 975 2332 patripassiani
1025 2258 1133 2312 inimici
1156 2259 1247 2314 crucis
1267 2257 1369 2312 Christi
1385 2263 1413 2312 et
1435 2256 1655 2311 resurrectionis
1670 2255 1839 2328 talemacci·

158 2351 260 2405 merito
281 2357 491 2423 nuncupantur,
508 2353 575 2423 quia
591 2353 614 2407 si
636 2353 696 2424 ipse
719 2358 761 2408 est
780 2353 866 2408 Filius
883 2355 976 2425 quiet
1025 2353 1106 2422 piant
1124 2353 1292 2406 sententiam
1306 2351 1419 2423 qualem
1436 2349 1548 2421 elegere
1563 2349 1741 2404 doctrinam.

157 2441 248 2512 Pater,
265 2461 330 2498 crux
355 2444 414 2499 Filii
438 2445 527 2499 Patris
550 2450 592 2500 est
615 2446 718 2517 passio,
732 2450 760 2501 ct
782 2446 922 2518 quidquid
946 2446 975 2501 in
1061 2447 1093 2499 V.
1108 2445 1212 2509 Quinto
1233 2449 1329 2499 autem
1351 2444 1473 2515 capitulo
1487 2443 1706 2515 referturquod
1722 2443 1839 2497 animaru

157 2534 247 2592 lorma
260 2538 333 2592 servi
348 2537 434 2592 Filius
447 2539 521 2592 Patri
542 2538 700 2594 obediendo
717 2541 863 2609 sustinuit,
881 2543 974 2595 totum
1026 2539 1151 2593 hominis
1163 2539 1266 2593 divinae
1278 2541 1405 2593 asserant
1418 2554 1478 2592 asse
1501 2537 1682 2607 substantiae,
1698 2554 1752 2591 nec
1763 2553 1780 2590 a
1792 2553 1838 2591 na·

158 2629 187 2685 in
201 2648 229 2686 se
243 2632 325 2686 Pater
338 2632 399 2703 ipse
418 2633 550 2703 suscepit.
572 2632 653 2697 Quod
675 2633 820 2688 catholicae
835 2632 899 2688 lidei
916 2634 975 2688 sine
1026 2635 1090 2686 tura
1102 2632 1240 2686 Creatoris
1262 2633 1306 2686 sui
1331 2630 1500 2686 conditionis
1515 2636 1621 2685 nostrae
1643 2631 1752 2685 distare
1767 2635 1841 2684 natu·

159 2723 343 2794 ambiguitate
360 2724 532 2779 contrarium
548 2731 600 2792 est,
616 2742 680 2797 quse
692 2726 861 2781 Trinitatem
882 2729 973 2781 unita-
1027 2742 1099 2780 ram.
1113 2726 1205 2789 Quam
1220 2726 1398 2797 impietatem
1413 2741 1446 2779 ex
1462 2724 1704 2795 philosophorum
1714 2740 1841 2796 quorum·

156 2814 193 2870 tis
203 2817 242 2870 sic
254 2824 369 2885 ὁμοὺσιον
382 2818 544 2882 confitetur,
556 2823 586 2871 ut
597 2818 711 2872 Patrem
722 2824 751 2873 et
760 2818 863 2873 Filium
873 2826 901 2874 et
913 2821 974 2890 Spi-
1026 2819 1090 2873 dam
1104 2823 1131 2873 et
1145 2817 1367 2873 Manichaeorum
1381 2818 1515 2889 opinione
1528 2822 1701 2871 manantem
1711 2817 1857 2900 catholica·

158 2908 246 2963 ritum
257 2909 317 2963 siue
330 2909 496 2964 confusione
508 2910 652 2980 indivisos,
663 2911 723 2965 sine
738 2914 976 2984 temporesompi-
1025 2912 1095 2967 fides
1109 2912 1235 2979 damnat,
1250 2913 1341 2967 sciens
1355 2911 1462 2965 nullam
1481 2914 1540 2965 tam
1557 2910 1713 2965 sublimem
1735 2917 1840 2981 tamque

160 3005 266 3068 ternos,
283 3003 343 3057 sine
358 3003 517 3058 differentia
531 3005 628 3059 credat
643 3006 774 3076 aequales,
786 3005 852 3078 quia
867 3007 974 3062 unitate
1024 3006 1201 3078 praecipuam
1221 3022 1282 3061 esse
1297 3007 1436 3060 iacturam
1455 3005 1498 3058 cui
1517 3006 1590 3059 Deus
1605 3004 1670 3076 ipse
1684 3009 1786 3058 natura
1800 3006 1839 3057 sit.

158 3095 188 3149 in
210 3095 375 3150 Trinitatem
395 3113 454 3152 non
479 3115 511 3152 ex
536 3098 634 3154 eadem
655 3115 785 3169 persona,
809 3100 857 3154 sed
876 3101 974 3155 eadem
985 3055 1012 3130 C
1024 3099 1104 3163 Quod
1118 3100 1197 3154 caim
1212 3099 1247 3153 de
1270 3099 1362 3170 seipso
1377 3104 1429 3166 est,
1446 3098 1473 3153 id
1487 3104 1539 3167 est,
1555 3099 1631 3169 quod
1658 3099 1732 3170 ipse.
1748 3099 1803 3152 h'ec
1816 3096 1839 3150 id

157 3189 282 3260 implent
294 3190 429 3245 essentia.
1024 3193 1103 3248 aliud
1121 3195 1165 3247 cst
1184 3209 1271 3264 quam
1295 3193 1379 3247 Filius
1399 3198 1427 3248 et
1448 3193 1567 3264 Spiritus
1592 3196 1721 3246 sanctus.
1744 3193 1840 3246 Prata

195 3284 226 3337 ll.
237 3282 266 3336 ln
277 3283 402 3338 secundo
413 3282 974 3358 capituloostenditineptumvanumque
1024 3286 1097 3342 hauc
1108 3290 1203 3341 autem
1219 3303 1339 3341 summae
1355 3287 1508 3355 Trinitatis,
1520 3302 1608 3340 unam
1622 3285 1840 3340 consubstantia-

157 3377 974 3450 ccmmentumdeprocessionibusquarumdamvirtutum
1024 3378 1838 3452 lemetsempitcrnamatqueiucommutabilemdeitatem,

158 3486 192 3525 ax
209 3471 267 3525 Deo
283 3487 352 3542 quas
376 3470 482 3526 hahere
503 3472 629 3543 coeperit,
644 3477 674 3527 et
695 3489 764 3544 quas
787 3474 909 3528 essentia
926 3491 975 3530 sua
1025 3473 1096 3528 nihil
1108 3474 1239 3529 omnium
1252 3478 1450 3529 creaturarum
1464 3479 1515 3541 est,
1527 3473 1603 3544 quod
1613 3490 1673 3527 non
1688 3472 1719 3527 in
1732 3471 1838 3528 exordio

158 3562 218 3634 ipse
243 3563 429 3634 praecesserit.
453 3564 483 3619 ln
505 3581 561 3636 quo
585 3565 756 3620 arianorum
781 3567 976 3639 suffragantur
1025 3569 1068 3623 sui
1081 3585 1114 3623 ex
1130 3569 1219 3623 nihilo
1233 3576 1360 3624 creatum
1374 3569 1420 3624 sit.
1436 3570 1495 3624 lton
1509 3573 1605 3623 autem
1617 3568 1759 3640 quidquid
1773 3568 1838 3622 inter

156 3656 246 3711 errori
267 3655 422 3712 dicentium
445 3658 521 3729 quod
543 3659 627 3713 Pater
649 3658 718 3714 Filio
743 3660 821 3731 prior
842 3660 887 3728 sit,
907 3661 975 3732 quia
1024 3665 1168 3716 creaturas
1180 3661 1288 3716 eminet
1301 3662 1375 3716 llcus
1391 3666 1443 3730 est,
1459 3679 1512 3716 nec
1526 3662 1549 3716 si
1565 3661 1633 3733 quid
1650 3676 1791 3732 magnum
1800 3664 1837 3714 eu

157 3748 244 3805 fuerit
256 3751 410 3822 aliquando
425 3751 485 3806 sine
501 3751 578 3819 Filio,
594 3757 622 3807 et
637 3757 704 3807 tunc
718 3754 802 3808 Pater
814 3770 872 3810 esse
886 3771 976 3827 coepe-
1025 3759 1110 3825 atque
1125 3755 1254 3809 mirabile
1268 3756 1323 3810 hoc
1336 3761 1379 3810 est
1400 3755 1478 3826 quod
1502 3754 1549 3809 ille
1565 3776 1578 3803 «
1594 3754 1645 3826 qui
1667 3755 1736 3809 iacit
1757 3753 1835 3808 mira·

159 3844 205 3911 rit,
217 3844 332 3915 qrrando
347 3845 447 3899 Filium
463 3845 603 3916 genuerit.
614 3846 670 3900 Sed
682 3846 753 3901 sicut
767 3847 827 3901 illos
840 3849 975 3903 catholica
1025 3848 1092 3902 hilia
1105 3865 1210 3919 magna
1223 3849 1298 3903 solus
1312 3851 1395 3920 (Psoi.
1405 3865 1476 3915 arxi,
1493 3851 1546 3918 lat.
1559 3870 1573 3895 »
1587 3849 1680 3903 Nemo
1695 3848 1836 3903 hominum

157 3937 279 3993 Ecclesia
293 3937 458 4006 detestatur,
473 3939 512 3992 ita
526 3944 553 3993 et
571 3940 641 3993 istos
661 3940 711 4011 qui
727 3945 829 4012 putant
849 3958 976 4013 unquam
1024 3941 1138 4010 veritas,
1154 3958 1239 3997 nemo
1252 3941 1363 4012 justitia
1379 3947 1431 4009 est,
1448 3942 1497 3996 sed
1512 3941 1595 3996 multi
1611 3941 1767 4014 participes
1780 3944 1837 3995 aiot

159 4029 214 4085 lleo
228 4031 256 4086 id
271 4031 348 4102 quod
370 4031 496 4102 ejusdem
517 4034 559 4086 est
582 4033 713 4088 csseutiae
734 4033 866 4089 defuisse.
883 4036 975 4098 Quom
1025 4035 1149 4089 veritatis
1171 4040 1199 4090 et
1221 4035 1369 4105 sapientiae
1392 4038 1478 4107 atque
1499 4033 1626 4106 justitior.
1645 4035 1730 4090 Solus
1748 4040 1835 4090 autera

158 4125 230 4178 sicut
248 4123 417 4178 mutabilem
439 4124 478 4179 ita
493 4125 689 4195 proficientem
714 4126 808 4181 dicere
825 4128 906 4182 nefas
922 4134 973 4184 est.
1026 4129 1097 4182 neus
1108 4128 1214 4182 nullius
1227 4128 1450 4199 participationis
1461 4129 1566 4200 dignus
1579 4134 1632 4183 est.
1647 4129 1686 4183 lte
1697 4126 1837 4200 quoquid-

148 4218 252 4280 ·Quam
273 4216 351 4270 cuim
367 4219 495 4271 mutatur
509 4217 585 4288 quod
607 4217 756 4286 minuitur,
771 4224 830 4274 tam
849 4224 975 4278 mutatur
1024 4221 1094 4292 quid
1109 4222 1195 4293 digne
1211 4225 1354 4292 utcunque
1375 4223 1505 4287 sentitur,
1522 4238 1581 4276 non
1598 4222 1724 4293 qualitas
1738 4228 1781 4278 est
1792 4217 1837 4276 sed

159 4310 245 4364 etiam
259 4309 336 4380 quod
349 4313 481 4381 augetur.
1025 4316 1154 4370 essentia.
1179 4315 1410 4371 iucommutabili
1431 4316 1508 4371 enim
1534 4316 1606 4370 nihil
1630 4316 1752 4386 accedit,
1774 4313 1835 4370 nihil

195 4403 236 4457 lll.
261 4403 347 4458 Tertii
372 4420 438 4458 vero
466 4403 582 4476 capitali
609 4421 703 4460 sermo
730 4406 871 4479 designat,
896 4409 1146 4502 quodDdcperit
1158 4409 1225 4481 quia
1238 4409 1349 4464 esseilli
1363 4409 1438 4481 quad
1455 4415 1497 4463 est
1511 4409 1720 4481 sempiternum
1734 4423 1837 4481 semper

157 4495 234 4553 idem
258 4497 339 4569 impii
366 4501 504 4566 asserant,
532 4498 595 4553 ideo
630 4500 813 4571 unigenitum
842 4502 896 4557 dici
927 4504 972 4558 Fi·
1026 4506 1069 4557 est
1082 4503 1333 4574 proprium.Uudc
1345 4503 1374 4557 in
1390 4519 1419 4557 se
1433 4519 1554 4558 manens
1566 4503 1684 4558 innovat
1699 4503 1835 4568 omnia,et

156 4590 226 4645 hum
249 4591 309 4657 Dei,
331 4591 398 4663 quia
422 4591 498 4646 solus
522 4593 558 4647 sit
579 4597 662 4647 natus
687 4609 720 4648 ex
743 4594 867 4666 Virgine.
893 4597 974 4660 Quod
1024 4595 1094 4649 nihil
1111 4595 1214 4668 accipit
1226 4596 1302 4668 quod
1316 4597 1375 4668 ipse
1390 4613 1446 4650 non
1459 4596 1546 4651 dedit.
1560 4596 1689 4651 Nimium
1704 4597 1837 4668 igitursu·

158 4684 255 4755 utique
270 4700 328 4739 noa
342 4685 481 4740 auderent
504 4684 608 4757 dicere,
625 4687 681 4741 nisi
696 4688 774 4742 Pauli
797 4689 974 4745 Samosateni
1023 4688 1113 4760 perhi,
1125 4689 1304 4761 nimiumque
1320 4694 1386 4745 suut
1400 4690 1477 4758 caeci,
1492 4689 1541 4761 qui
1555 4705 1622 4744 cum
1633 4689 1738 4745 dicunt
1748 4691 1837 4746 huma·

158 4782 186 4831 et
206 4777 319 4831 Photini
338 4776 415 4832 virus
441 4778 609 4850 hausissent,
633 4780 682 4852 qui
703 4781 799 4837 dixere
820 4783 973 4839 [lominum
1023 4799 1089 4836 nam
1104 4784 1228 4837 animam
1243 4783 1369 4839 divinam
1382 4799 1442 4838 esse
1456 4781 1836 4853 substantiam‚nunintelli

158 4875 286 4925 nostrum
301 4871 396 4925 lesum
415 4872 569 4940 Christum,
583 4879 736 4946 antequam
756 4885 920 4931 nasceretur
937 4894 973 4933 ex
1024 4883 1095 4947 gunt
1108 4877 1180 4930 nihil
1195 4894 1224 4931 se
1235 4877 1310 4932 aliud
1324 4877 1416 4932 dicere
1432 4893 1518 4948 quam
1531 4879 1623 4932 ileum
1643 4894 1705 4932 esse
1721 4876 1834 4932 mutabi-

156 4963 267 5035 virgine
281 4964 364 5019 illaria
378 4981 437 5020 non
457 4967 551 5021 titisse.
566 4967 595 5023 Si
616 4973 711 5023 autem
725 4969 770 5023 isti
782 4969 858 5025 aliud
875 4970 910 5026 de
920 4988 971 5026 suo
1023 4972 1089 5038 lem,
1104 4975 1132 5025 et
1145 4971 1238 5041 ipsum
1254 4970 1367 5042 perpeti
1388 4970 1526 5042 quidquid
1546 4974 1644 5042 potest
1657 4975 1770 5027 uaturae
1783 4970 1834 5042 ιιιι

157 5073 241 5112 sensu
262 5057 383 5128 intelligi
402 5059 503 5114 volunt
522 5067 607 5132 atque
631 5060 805 5133 principium
826 5063 860 5118 de
880 5070 972 5119 matre
1023 5063 1128 5118 inferri.

156 5151 227 5206 daut
240 5151 360 5218 Christo,
376 5157 505 5207 asserant
522 5170 637 5210 necesse
653 5159 695 5210 est
716 5172 775 5211 non
798 5173 890 5211 unum
911 5174 971 5213 esse
1058 5158 1098 5210 Vl.
1115 5157 1201 5212 Serta
1214 5156 1360 5212 annotatio
1374 5153 1479 5212 indicat
1494 5174 1541 5212 eos
1563 5155 1672 5226 dicere,
1687 5156 1768 5231 quod
1781 5155 1835 5213 dia·

156 5245 258 5301 Tilium
269 5245 329 5313 Dei,
343 5246 390 5300 sed
403 5245 473 5302 alios
487 5263 602 5319 quoqne
626 5264 658 5303 er
681 5265 794 5304 summo
809 5251 890 5305 Patre
903 5268 970 5322 pro·
1022 5250 1104 5305 bolus
1118 5267 1266 5322 nunquam
1279 5250 1368 5306 luerit
1388 5251 1489 5321 honus,
1503 5267 1555 5306 nec
1568 5256 1674 5307 natura
1687 5253 1752 5323 ejirs
1763 5248 1834 5323 opifl·

156 5339 278 5411 genitos,
292 5356 415 5411 quorum
435 5340 482 5396 hic
504 5357 579 5396 unus
595 5341 632 5396 sit
652 5348 734 5396 natus
757 5359 791 5398 ιιι
811 5343 930 5414 ιιιιιιιιι,
945 5348 973 5399 ιι
1023 5343 1098 5397 ιιιιιιι
1112 5343 1160 5398 [ιιι
1177 5344 1222 5410 sit,
1234 5343 1284 5398 sed
1298 5360 1364 5399 eum
1376 5359 1408 5398 ex
1419 5346 1490 5399 chao
1504 5347 1532 5399 ιι
1545 5343 1674 5400 tenebris
1684 5342 1834 5409 emersise,

155 5434 201 5488 hic
210 5434 246 5489 ob
257 5435 311 5489 hoc
320 5434 482 5506 appellatur
492 5434 665 5506 unigenitus,
678 5436 745 5506 quia
756 5436 828 5490 hanc
838 5437 972 5493 nascendi
1023 5437 1089 5510 quia
1102 5437 1208 5492 scilicet
1222 5438 1335 5493 nullum
1350 5439 1392 5494 sui
1407 5438 1509 5493 habeat
1518 5442 1678 5507 auctorem,
1691 5438 1744 5495 sed
1753 5434 1836 5495 omni!

156 5527 347 5583 conditionem
375 5528 446 5582 alius
472 5527 597 5583 liliorum
627 5527 676 5582 [lei
698 5544 783 5584 nemo
806 5533 970 5603 susceperit.
1024 5531 1161 5602 maliipse
1174 5532 1210 5586 sit
1225 5531 1398 5604 principium
1415 5537 1502 5604 atque
1518 5530 1692 5603 substantia,
1701 5526 1835 5590 comate

155 5622 273 5693 Quoquo
284 5637 398 5676 versum
411 5621 500 5692 igitur
512 5638 541 5677 se
551 5621 734 5690 contulerint,
745 5622 775 5677 in
786 5639 900 5695 magnae
912 5631 972 5681 ten·
1022 5641 1089 5680 vera
1105 5641 1169 5696 quae
1189 5629 1231 5679 est
1250 5626 1388 5681 catholica
1410 5624 1537 5681 omnium
1561 5629 1772 5695 creaturarum,
1785 5620 1835 5680 sive

153 5713 229 5768 dunt
246 5713 405 5786 impietatis
426 5714 592 5789 abruptum,
608 5715 630 5770 si
646 5715 792 5794 Christum
813 5718 971 5788 Deum,ch
1023 5717 1223 5790 spiritualium,
1243 5720 1301 5775 sive
1323 5719 1524 5793 corporalium,
1543 5716 1657 5776 bonam
1677 5718 1837 5777 mnarum

135 5809 284 5862 ermatre
300 5808 401 5866 volunt
421 5808 534 5869 hahere
554 5810 744 5888 principium,
760 5811 978 5871 eclesiastici
1025 5811 1223 5878 suhstantiam,
1244 5816 1273 5868 et
1295 5813 1365 5869 mali
1389 5814 1497 5869 nullam
1525 5828 1584 5869 essa
1613 5818 1760 5883 naturam,
1776 5806 1836 5886 quis

121 5891 316 5965 unigenitum
344 5899 525 5975 diffiteatur,
543 5920 613 5964 cum
627 5910 657 5965 et
683 5905 718 5967 dc
741 5909 838 5965 matre
856 5907 880 5964 is
901 5910 988 5965 natus
1036 5905 1730 5983 heus,nuinrtirars'stat'isastcanutamtitnan
1738 5908 1836 5969 haam
