3870 6150
160 240 208 299 ill
604 241 745 297 mcccc.
765 242 810 297 cl)
827 242 908 299 SAEC.
928 239 1019 296 1x.-
1038 240 1160 296 lsluoltl
1179 240 1392 297 ucucnrouts
1789 248 1838 302 972

159 351 246 418 tutus,
262 362 321 404 non
332 347 393 418 ejus
406 347 546 402 consortio
557 352 728 419 respuerunt
747 348 893 407 continuo.
914 349 972 406 Cur
980 358 1011 433 Α
1020 347 1148 403 dentiam
1162 363 1243 403 suam
1256 353 1437 422 mentemque
1449 365 1589 406 vesanam
1599 351 1736 406 inanibus
1745 352 1841 423 potios

157 438 972 513 excusationemdeignorantiaecolorepraetendunt,cum
1021 441 1123 496 tabulis
1137 441 1232 497 celare
1242 442 1365 498 letaliter
1375 460 1461 515 quam
1472 444 1617 516 perdendo
1628 445 1841 502 medicinaliter

158 533 242 590 bodie
254 537 283 590 et
295 532 448 589 manifesta
465 533 597 605 contagio
612 533 799 606 perfidorum,
819 539 847 591 et
860 553 877 591 a
889 538 973 593 nobis
1022 551 1121 591 sanare
1136 534 1332 591 contendant?
1347 536 1422 592 Nihil
1432 538 1508 592 enim
1519 538 1598 593 vobis
1607 555 1764 595 commune
1775 557 1839 596 cum

156 626 258 699 saepius
269 626 442 698 exprobrata
448 630 603 683 sectantur.
615 626 677 693 Quo
689 628 892 702 satisepparet,
904 631 972 703 quie
1021 628 1186 684 hominibus
1203 630 1412 685 communionis
1431 637 1565 688 externae.
1585 631 1651 687 ideo
1673 637 1791 688 vocetur
1804 634 1839 689 ad

157 736 209 777 nec
221 724 291 777 tunc
303 721 430 793 quidem,
444 720 531 776 obem
540 721 563 776 si
572 727 787 794 cognoscerent,
803 724 971 796 refutarent,
1017 721 1158 792 judicium
1169 726 1279 778 certum
1289 739 1466 796 quecunque
1475 741 1608 796 persona,
1620 729 1707 781 utaut
1717 726 1840 782 fateatur

157 813 272 888 cquando
285 831 361 870 nunc
375 814 462 872 edam
477 814 623 887 publicata
635 831 693 871 non
706 820 842 884 renuunt,
856 834 971 889 prorsus
1021 814 1141 887 objecta,
1152 819 1202 871 aut
1214 816 1399 872 convincatur
1408 819 1536 890 objectis.
1546 821 1612 874 Post
1627 820 1838 877 confasionem

156 910 186 965 in
195 908 353 982 quamlibet
361 926 391 966 se
400 914 510 981 partem
519 909 785 983 excusationemque
794 915 970 984 convertant,
1021 925 1105 980 porro
1115 908 1273 965 litterarum
1286 914 1385 967 tenore
1396 911 1578 984 deprompto,
1591 929 1644 968 cur
1653 914 1839 985 adjudicium

155 1002 305 1059 manifeste
315 1002 466 1073 oenomai
476 1002 544 1059 talia
553 1003 666 1075 quaeeis
676 1003 860 1074 suffocantur,
871 1010 904 1061 ut
913 1006 971 1063 suis
1020 1005 1168 1058 vocaretur
1188 1004 1305 1075 boecius
1320 1005 1414 1076 quise
1431 1005 1576 1061 consessus
1587 1012 1631 1061 est
1646 1008 1742 1076 Petro,
1754 1025 1838 1080 quem

157 1097 212 1169 ipsi
223 1096 318 1152 verbis
337 1096 448 1169 possint
465 1095 632 1168 actibusque
650 1098 791 1166 concludi,
802 1099 918 1154 necnisi
928 1116 971 1156 so·
1019 1095 1092 1166 petit
1104 1112 1121 1150 a
1134 1096 1384 1168 sedisapostolicae
1406 1099 1598 1171 preceptione
1611 1100 1750 1156 damnari
1760 1118 1836 1157 com·

155 1189 969 1264 lamperniciemobstinataeperfidieresiduumvrntilare.
1020 1188 1157 1245 munione
1173 1190 1304 1260 sociasse,
1325 1207 1378 1246 nec
1395 1192 1496 1263 eiiam
1518 1193 1597 1248 credi
1612 1197 1747 1249 externa
1761 1211 1837 1250 com·

190 1286 370 1341 Herculem
393 1301 457 1357 quae
478 1282 513 1340 da
535 1283 708 1341 calendione
729 1286 971 1345 venerabilidicta
1019 1283 1163 1338 munionis
1176 1283 1284 1352 effecto,
1299 1284 1342 1340 vel
1357 1301 1407 1355 pro
1422 1302 1483 1350 sua,
1505 1287 1547 1340 vel
1572 1303 1625 1358 pro
1654 1304 1770 1356 comam,
1797 1290 1837 1345 rel

154 1383 230 1449 sunt,
246 1382 275 1434 et
289 1378 319 1434 iu
333 1378 448 1435 loannis
463 1377 643 1434 Alexandrini
655 1379 827 1435 conveniunt
839 1385 916 1436 certa
929 1398 971 1437 ra·
1020 1391 1072 1446 pro
1093 1376 1170 1430 Petri
1183 1375 1348 1432 defensifflle
1359 1378 1421 1449 jam
1436 1383 1539 1449 P0³³0b
1559 1380 1643 1451 cujus
1665 1398 1696 1435 ⁵0
1710 1381 1837 1452 suposito

154 1472 231 1528 tione
244 1487 409 1544 personam,
423 1473 481 1527 imo
493 1471 517 1527 si
531 1488 616 1528 causa
629 1472 729 1528 eadem
744 1473 828 1529 letius
841 1473 969 1547 inquira-
1020 1468 1172 1525 miscuerat
1195 1470 1317 1525 nefando
1344 1472 1495 1526 consortio.
1522 1473 1699 1545 ieceratque
1722 1491 1753 1530 se
1775 1491 1835 1530 cum

153 1570 210 1635 tur,
225 1568 310 1622 tante
323 1565 380 1621 illic
395 1565 555 1638 tragoediae,
571 1565 645 1621 tanti
655 1566 838 1638 reperiuntur
847 1583 968 1639 errores,
1019 1562 1081 1634 ejus
1094 1579 1177 1618 causa
1189 1563 1250 1618 sine
1265 1563 1440 1620 dubitatione
1451 1581 1649 1634 communem,
1667 1567 1717 1622 cui
1737 1569 1837 1624 exami-

152 1665 185 1716 ut
198 1659 221 1715 si
237 1659 291 1731 ipsi
303 1663 370 1716 sunt
381 1659 493 1731 judicas
515 1659 564 1732 qui
589 1660 650 1715 haec
672 1662 882 1733 perpetrarunt,
904 1679 968 1718 cum
1020 1655 1135 1712 natione
1147 1656 1294 1728 praemissa
1304 1660 1333 1712 et
1346 1657 1473 1728 legitima
1483 1664 1566 1728 esset,
1582 1660 1606 1714 si
1616 1661 1658 1715 ita
1667 1662 1835 1733 purgatione

153 1753 301 1810 evidenter
317 1753 425 1810 fuerint
442 1753 589 1820 confutati,
603 1771 620 1808 a
637 1770 691 1809 sua
707 1754 892 1810 damnatione
910 1773 968 1812 non
981 1726 1009 1799 B
1020 1750 1516 1823 suscepi&feblilaliiflrffiifflssfeiur·
1527 1752 1661 1809 Sedcum
1671 1755 1835 1811 0⁰dssm11011

152 1848 229 1904 onim
238 1847 508 1921 temperent.Talem
518 1846 596 1902 enim
605 1847 823 1920 illicentequam
832 1854 971 1907 monstra·
1018 1845 1147 1916 legitime
1160 1845 1285 1900 discusso
1296 1847 1380 1916 atque
1394 1849 1515 1917 purgato
1525 1849 1740 1904 communione
1753 1850 1832 1905 socia·

152 1947 199 1998 tur
214 1941 287 1998 nibil
300 1941 379 1996 aliud
393 1958 482 2015 quam
496 1940 645 2013 quaesitam
657 1957 769 1997 causam
786 1944 971 2014 quemadmo
1019 1945 1075 2009 tus,
1090 1955 1177 2012 quam
1192 1938 1340 1994 adhaereo
1353 1955 1382 1994 se
1396 1940 1519 2009 miscuit,
1530 1947 1588 1996 tam
1600 1943 1833 2012 prosedamum

153 2034 221 2091 dum
231 2035 369 2092 catholico
377 2034 568 2106 qualicunque
576 2034 970 2108 depositopontillce,lraereti-
1018 2032 1118 2089 habuit
1129 2032 1265 2104 loquendi
1284 2031 1427 2089 fiduciam.
1448 2034 1520 2088 Nam
1538 2035 1660 2091 acacius
1680 2054 1751 2092 cum
1765 2037 1832 2093 nullo

152 2145 184 2184 co
195 2130 277 2185 Petro
283 2130 460 2184 reseraretur
468 2143 606 2183 accessus.
616 2129 696 2183 Nunc
704 2128 969 2187 istudnemodiseu-
1019 2125 1168 2198 privilegio
1183 2125 1342 2194 fulciretur,
1358 2130 1389 2181 ut
1400 2127 1435 2181 de
1448 2127 1573 2183 secunda
1582 2128 1653 2184 sede
1663 2130 1832 2201 possetierre

154 2222 242 2277 tiebat
251 2222 393 2293 synodum
409 2237 494 2277 nemo
507 2220 650 2293 poscebat,
666 2221 770 2293 passim
782 2224 879 2279 omnia
890 2225 968 2280 licito
1015 2220 1167 2291 judicium,
1178 2219 1342 2290 potnitjure
1355 2220 1486 2276 damnari
1495 2221 1581 2277 simili
1595 2223 1699 2289 modo,
1715 2224 1770 2280 nisi
1781 2226 1830 2297 pri·

153 2314 479 2389 tleriaquibuscunque
493 2314 671 2384 ridebantur,
688 2316 799 2371 nullum
814 2317 969 2375 discrimen
1019 2330 1073 2369 mae
1098 2313 1173 2368 sedis
1197 2314 1367 2369 auctoritate
1390 2317 1539 2386 percepta,
1568 2332 1625 2371 nec
1655 2318 1831 2374 examinandi

153 2424 261 2479 rerum,
280 2409 357 2465 nulla
371 2408 546 2465 examinatio
557 2408 757 2480 postulabatur
768 2412 908 2483 Ecclesiae,
920 2413 969 2469 sed
1018 2407 1149 2478 Pelrijus
1159 2406 1270 2475 habuit,
1284 2423 1336 2462 nec
1351 2408 1506 2479 recipiendi
1521 2409 1639 2480 penitus
1654 2415 1828 2482 potestatem.

154 2507 236 2576 prout
251 2503 405 2577 unicuique
424 2503 549 2559 venisset
562 2503 593 2559 in
610 2506 747 2571 mentem,
763 2505 798 2560 de
811 2505 875 2560 tiliis
890 2506 967 2562 urbi-
1018 2501 1088 2565 Ouia
1102 2501 1270 2572 regulariter
1284 2501 1419 2568 constitit,
1435 2518 1488 2557 nec
1506 2503 1585 2574 apud
1606 2519 1662 2560 nos
1674 2506 1760 2562 Petro
1770 2506 1828 2560 olla·

151 2597 203 2653 bus
215 2597 361 2654 catholicis
375 2597 536 2669 pellebatur
548 2597 707 2669 episcopus,
726 2614 785 2653 non
799 2600 890 2655 solum
905 2616 968 2656 me·
1019 2598 1101 2649 team
1115 2594 1342 2666 absolutoquem
1356 2596 1504 2652 damnasse
1518 2613 1570 2651 nos
1584 2598 1724 2654 novimus
1733 2599 1828 2655 exami-

149 2691 346 2762 tropolitanus,
360 2691 411 2746 sed
425 2690 512 2746 etiam
525 2691 617 2745 tertiae
632 2696 660 2746 ct
672 2692 805 2747 secundae
826 2693 901 2748 sedis
914 2710 967 2748 an·
1019 2704 1099 2744 nasse
1108 2689 1152 2743 vel
1164 2688 1313 2744 absolvisse
1324 2689 1474 2744 nescimus.
1487 2690 1585 2746 Restat
1595 2695 1628 2746 ut
1636 2691 1712 2747 illud
1720 2693 1828 2749 demon·

149 2783 239 2839 tisias.
253 2785 284 2839 ln
310 2785 354 2839 his
378 2785 456 2839 nulla
473 2800 570 2839 rerum
584 2784 763 2856 investigatio
778 2785 966 2856 querebatur,
1018 2785 1142 2838 strcmus
1156 2783 1289 2838 eumdem
1300 2784 1416 2838 Petrum
1432 2800 1518 2855 quem
1535 2800 1566 2839 se
1582 2793 1745 2857 purgatum
1760 2804 1828 2843 com·

150 2876 228 2932 nulla
240 2877 371 2933 iacienda
385 2877 503 2933 consilia
516 2876 722 2944 tractabantur,
739 2877 970 2950 subrogabantur
1018 2877 1154 2932 munione
1168 2877 1306 2948 recepisse
1317 2877 1473 2949 pretendit
1491 2878 1620 2947 Aeacius,
1637 2897 1788 2953 nunquam
1799 2881 1827 2937 sb

152 2969 289 3038 haeretici,
304 2985 390 3027 nemo
403 2969 568 3039 resultabat,
583 2970 633 3025 sed
642 2970 720 3025 velut
734 2976 815 3027 mitta
825 2973 967 3044 pecorain
1017 2970 1158 3025 haereticae
1169 2970 1382 3026 communionis
1390 2971 1562 3042 contagione
1571 2988 1713 3043 cessasse,
1722 2991 1773 3032 nec
1780 2991 1827 3030 nou

149 3063 313 3137 captionem
323 3064 418 3133 ducta,
433 3063 554 3120 subditis
564 3063 753 3119 voluntatibus
763 3065 913 3137 perfidiam
924 3085 966 3124 se·
1018 3063 1827 3135 solumipsotemporequocommunicariteiltcaeiussem-

149 3157 309 3226 elabantur,
320 3173 379 3213 non
385 3156 492 3213 mirum
502 3158 628 3230 quidem,
639 3158 746 3214 sinunc
756 3176 805 3216 eos
814 3160 968 3220 defendere
1018 3157 1300 3230 perdlcxondrinum
1306 3159 1430 3227 Petrum,
1438 3158 1501 3213 ctio
1509 3159 1827 3235 haereiicommooilcgb

151 3250 313 3319 moliantur,
324 3251 968 3324 quorumindiscussemasanctismentibusse-
1016 3252 1185 3324 perdurasse
1205 3254 1290 3323 atque
1307 3252 1347 3307 ita
1364 3257 1393 3307 et
1409 3268 1460 3323 per
1476 3252 1553 3308 hunc
1568 3256 1711 3312 Acacium
1726 3256 1825 3330 perfide

149 3343 206 3400 noti
221 3347 288 3400 suut
296 3345 447 3400 vilitatem.
459 3345 515 3402 Sed
524 3345 662 3401 miramur
671 3362 723 3402 cur
733 3362 783 3403 eos
792 3329 851 3403 n'on
861 3349 969 3420 pudeat
1016 3344 1224 3402 communionis
1236 3344 1390 3424 quecepisse
1404 3346 1578 3418 contagium,
1596 3352 1626 3404 et
1638 3366 1694 3421 per
1706 3350 1825 3406 eamdem

149 3439 178 3493 iu
192 3437 314 3495 istorum
326 3438 513 3495 damnatione
525 3439 561 3495 de
574 3439 681 3513 synodo
691 3457 748 3496 uon
758 3442 834 3497 lacta
846 3444 966 3512 causari,
1016 3438 1070 3493 illis
1095 3438 1248 3507 haereticis,
1274 3438 1377 3510 quibus
1401 3440 1501 3493 Petrus
1528 3442 1762 3500 communicabat
1784 3459 1823 3498 ea·

148 3549 214 3588 cum
221 3531 519 3605 scianttcttantosque
525 3533 673 3605 pontifices
680 3534 967 3606 nullasynodofuisse
1017 3531 1084 3587 dem
1107 3537 1187 3602 peste
1200 3532 1372 3588 convictum.
1386 3533 1440 3601 Qui
1454 3535 1639 3607 presumpsit
1652 3554 1713 3593 non
1727 3541 1822 3594 serrato

148 3625 292 3699 depulsos,
300 3625 455 3681 inistorum
463 3625 650 3696 rejectionem
657 3627 681 3682 si
690 3627 725 3682 de
734 3628 869 3684 noninito
877 3630 968 3686 conci·
1016 3623 1117 3681 ordine
1129 3626 1244 3681 Petrum
1255 3625 1397 3698 suscipere
1409 3642 1463 3681 nec
1476 3627 1680 3686 examinatum
1692 3647 1768 3699 eum,
1780 3646 1823 3685 uec

149 3719 580 3792 licconquerenturcugnoscent
589 3722 885 3790 se,curuonethocin
895 3723 964 3779 alio·
1016 3719 1180 3791 agnoscitur
1189 3719 1328 3791 recepisse
1344 3725 1511 3791 purgatum,
1522 3726 1551 3776 et
1563 3722 1628 3778 ideo
1641 3730 1749 3794 praeter
1759 3723 1821 3780 sede

149 3829 212 3869 rum
222 3813 378 3884 rejectione
386 3812 578 3885 quesivenrnt
585 3815 722 3870 accusari.
734 3815 764 3871 Si
771 3832 839 3872 vero
849 3816 878 3872 in
884 3820 966 3873 caete·
1016 3811 1177 3884 apostolicae
1190 3813 1346 3882 licentiam,
1362 3829 1422 3869 non
1432 3813 1592 3886 legitimam
1612 3817 1669 3872 sibi
1683 3819 1744 3891 ejus
1755 3833 1820 3874 rece·

147 3923 243 3963 rerum
256 3907 411 3978 rejectione
421 3906 704 3964 concilianecessaria
715 3909 905 3978 consuerunt,
913 3926 965 3967 nec
1016 3906 1144 3978 ptiouem
1152 3923 1291 3979 usurpare
1301 3907 1432 3975 voluisse,
1444 3912 1475 3963 ut
1484 3909 1820 3985 examinationcmeg'uset

146 4002 176 4056 in
186 4001 247 4057 istis
257 4001 416 4057 necessaria
425 4000 511 4057 luisse
524 4006 709 4072 cognoscant.
718 4005 760 4058 An
770 4002 800 4057 in
811 4003 964 4060 catholico·
1014 3999 1214 4073 purgationem
1224 4007 1318 4072 posset
1327 4018 1380 4073 pro
1390 4018 1441 4057 sua
1452 4003 1600 4059 voluntate
1608 4007 1739 4075 mentiri,
1748 4010 1819 4078 atquc

146 4110 212 4150 rum
219 4093 380 4165 dejectione
391 4109 449 4148 non
460 4093 513 4149 luit
521 4110 602 4166 opus,
614 4100 642 4150 et
654 4095 708 4150 luit
716 4112 889 4169 magnopere
895 4113 964 4153 con·
1014 4110 1080 4151 eum
1093 4111 1145 4150 nec
1158 4095 1364 4164 examinatum,
1378 4113 1431 4152 nec
1445 4097 1588 4170 reciperet
1598 4101 1720 4157 omnino
1729 4116 1817 4175 purgo·

148 4187 321 4259 gregandiin
329 4186 744 4259 prevaricatorisdamnatione
755 4191 884 4245 confessi.
892 4191 964 4255 Quid
1014 4188 1819 4268 tum.Quemsirevemvelletexaminatumpurgatumque

147 4279 341 4350 igiturrestat,
355 4279 409 4335 nisi
420 4283 452 4335 ut
461 4278 559 4335 dicant
567 4281 717 4338 hereticos
727 4299 785 4338 non
796 4283 892 4340 fuisse.
903 4286 963 4341 Non
1014 4281 1150 4354 recipere,
1160 4281 1290 4338 ordinem
1301 4284 1331 4338 in
1341 4282 1667 4354 ejusexamicationcac
1676 4288 1819 4361 receptione

145 4389 215 4446 crgo
226 4373 261 4429 de
269 4372 379 4446 synodo
390 4377 613 4444 conquerantur,
625 4375 675 4447 qui
686 4392 715 4431 se
726 4377 823 4449 palam
833 4393 962 4434 commn-
1013 4376 1286 4447 potinscustodisset,
1294 4377 1344 4433 sed
1354 4378 1538 4433 rrtvideretur
1548 4381 1646 4452 magis
1655 4399 1742 4455 quam
1751 4397 1817 4437 rera-

145 4466 240 4524 nionis
250 4471 375 4524 externae
385 4466 541 4541 perbibent
549 4471 776 4527 sectatores.Cur
785 4488 854 4544 ergo
863 4471 904 4527 eis
913 4490 960 4545 sy·
970 4470 1000 4543 D
1012 4471 1082 4526 citer
1095 4475 1169 4526 esset
1179 4471 1244 4542 jure
1259 4473 1416 4544 prorogari.
1426 4473 1503 4528 Sicut
1516 4490 1587 4544 ergo
1599 4480 1670 4531 ante
1683 4494 1741 4535 nou
1754 4475 1820 4550 prius

145 4561 961 4636 nodusnecessariaiuisserideatur‚quisecontraChalce·
1013 4563 1168 4634 damnarit,
1178 4581 1265 4637 quam
1277 4570 1306 4621 et
1315 4566 1434 4621 referret
1449 4570 1479 4622 et
1491 4574 1623 4639 posceret
1637 4570 1820 4645 abapostolira

146 4656 963 4730 donensemsynodumrenirecognoscuntouidliutichia-
1014 4661 1149 4729 potestate
1178 4659 1384 4728 damnandum,
1409 4660 1449 4716 sic
1471 4664 1499 4715 et
1518 4662 1692 4734 recipiendo
1715 4664 1820 4722 modom

143 4750 418 4805 nuserrcrcumsuis
427 4750 591 4806 auctoribus
602 4752 746 4824 generalis
755 4753 886 4809 Ecclesiae
894 4769 962 4810 voce
1012 4767 1124 4807 servare
1144 4750 1296 4822 debuisset,
1319 4758 1352 4808 ut
1373 4754 1538 4826 priusquam
1549 4772 1580 4811 se
1596 4757 1624 4813 ei
1635 4756 1820 4815 communioni

142 4842 296 4899 damnatus
309 4848 360 4898 est.
378 4843 433 4898 liac
446 4843 566 4899 dubium
577 4845 655 4917 quod
666 4845 739 4901 sicut
750 4846 778 4900 in
790 4863 961 4920 unaquaque
1012 4844 1204 4917 misceretper
1215 4846 1312 4901 sedem
1323 4848 1509 4918 apostolicam
1527 4855 1665 4920 posceret
1678 4849 1820 4909 examinari

143 4936 341 5010 lueresi,quod
353 4937 561 4993 incessabiliter
572 4940 761 5011 repetendum
772 4945 824 5008 cst,
834 4941 901 5013 quia
910 4941 960 4997 fir·
1012 4954 1088 5007 cnm,
1109 4943 1137 4995 et
1152 4940 1281 5011 legitima
1296 4941 1407 4996 ratione
1427 4943 1555 5014 purgari,
1576 4960 1646 5000 cum
1661 4963 1715 5002 nec
1728 4942 1819 5002 exami-

141 5045 223 5085 mum
239 5045 298 5086 esse
319 5030 416 5085 nullus
434 5030 556 5104 ambigit
569 5032 756 5101 Christianus,
776 5050 875 5091 omnes
884 5051 961 5091 com·

141 5123 228 5194 plicas
254 5127 406 5181 sectatores
426 5127 684 5184 communicatores
707 5127 853 5185 damnatos
872 5131 961 5186 semel

141 5217 290 5290 pravitatis
303 5218 366 5292 pari
380 5221 457 5275 sorte
477 5222 639 5276 censentur.
662 5221 786 5295 ideoque
807 5223 844 5278 sit
858 5240 958 5279 conse-

139 5328 241 5383 quens,
266 5317 300 5369 nt
315 5313 388 5369 sicut
404 5311 572 5370 Timotheus
585 5317 672 5387 atque
687 5316 788 5371 Petrus
802 5316 901 5372 talium
913 5333 959 5372 se-

139 5408 262 5463 ctatores
275 5407 433 5463 secundum
451 5407 527 5463 illius
547 5408 647 5479 synodi
668 5412 800 5465 tenorem
823 5409 900 5465 nulla
914 5426 957 5467 re·

138 5500 214 5556 centi
226 5500 302 5557 lacta
318 5501 486 5574 pontillcum
500 5503 724 5575 congregatione
738 5502 865 5559 damnati
881 5507 957 5576 sunt,

138 5592 178 5648 sic
190 5597 219 5650 et
233 5596 318 5652 Petro
331 5594 399 5669 quia
409 5594 632 5652 communicavit
643 5596 770 5664 Aeacius,
785 5601 816 5652 ut
831 5597 959 5654 criminis

132 5685 289 5761 particeps,
309 5689 350 5746 ita
369 5705 484 5745 consors
497 5688 533 5745 sit
550 5689 641 5746 iactus
654 5695 682 5746 et
694 5706 797 5762 poena.
813 5691 885 5758 Quid
900 5691 939 5764 igi
945 5723 956 5734 -

119 5777 170 5832 tur
180 5780 357 5854 ambagibus
374 5788 406 5844 ct
417 5783 533 5844 nebulis
551 5784 604 5844 ista
621 5788 794 5862 proterunt.
815 5788 847 5842 ot
860 5785 953 5860 impu-

1012 5033 1100 5089 nandi
1132 5038 1181 5088 aut
1215 5034 1371 5106 recipiendi
1408 5052 1476 5091 eum
1501 5037 1624 5094 haberet
1652 5041 1714 5113 ipse
1738 5038 1816 5114 pocu-

1011 5127 1120 5197 tlcium,
1152 5133 1180 5184 et
1204 5128 1318 5184 nonnisi
1349 5145 1401 5200 per
1425 5130 1501 5186 illius
1527 5131 1606 5187 sedis
1632 5136 1819 5191 auctoritatem

1011 5219 1102 5294 241
1123 5237 1352 5295 consensumque
1363 5223 1416 5279 hoc
1426 5225 1669 5298 possetimplere,
1682 5227 1819 5298 sincerius

1010 5316 1177 5372 auctoritate
1195 5332 1262 5371 eom
1275 5332 1332 5372 non
1344 5321 1457 5388 poterat
1475 5318 1536 5390 ipse
1550 5320 1703 5394 damnare,
1725 5328 1752 5378 ct
1763 5336 1817 5376 cum

1010 5409 1157 5481 principali
1172 5409 1332 5482 diligentia,
1344 5416 1373 5466 et
1386 5411 1489 5467 discuti
1499 5415 1604 5485 potuit,
1622 5421 1655 5473 et
1668 5415 1817 5490 purgarint

1010 5503 1045 5558 ad
1056 5504 1286 5559 communionem
1297 5505 1516 5562 convenientem
1530 5507 1659 5567 admitti.
1669 5514 1741 5570 Cum
1751 5508 1815 5566 eoin

1009 5601 1118 5654 constet
1130 5614 1218 5670 super
1227 5598 1396 5655 arrctoritate
1405 5600 1656 5673 sedisapostolicae
1665 5599 1814 5679 immoti

1008 5707 1149 5762 personas,
1165 5696 1215 5749 aut
1227 5693 1366 5749 discussas
1379 5695 1421 5750 vel
1437 5711 1499 5751 esse
1513 5702 1667 5770 purgatas,
1680 5704 1730 5757 sot
1739 5698 1775 5753 sic
1784 5695 1814 5749 ab

1008 5785 1068 5841 aliis
1098 5786 1199 5859 quibus
1225 5787 1405 5860 competebat
1438 5789 1580 5863 episcopis
1606 5794 1765 5851 metum.
1788 5792 1811 5842 ci
