3870 6150
585 214 819 276 succursuros
837 195 1055 276 concinnos
1228 230 1234 235 ·
1598 224 1649 283 soa

103 321 177 385 erim
190 344 281 400 quam
297 327 407 386 coelitus
421 328 551 402 illapsam
566 329 639 386 mihi
653 347 705 403 per
715 346 782 386 san·
794 325 940 411 Auctibus
954 328 1033 399 grari
1047 329 1268 387 contradictione
1283 328 1345 387 hec
1357 330 1501 389 sententia
1513 331 1649 388 resultare

108 423 303 495 apostolorum
327 424 579 498 frequentiumque
601 427 716 482 patrum
734 442 785 481 ora
834 421 1033 492 perpenditur,
1048 426 1076 477 et
1090 423 1128 478 sic
1143 424 1271 480 funditas
1284 425 1474 481 damnationis
1486 426 1647 498 astipulatio

114 533 164 572 seu
180 517 297 590 quidde
319 520 457 574 secuturis
472 519 604 591 negotiis,
618 536 669 591 pro
682 518 785 591 quibus
835 514 983 582 retinetur,
1008 532 1044 568 ne
1066 515 1243 589 pietatique
1264 521 1397 590 apostolo
1419 520 1592 590 praecinente
1613 519 1649 574 ad

103 614 225 666 ruentum
233 613 465 683 congregationis
472 613 628 668 coadunari
635 612 785 684 percensui
836 607 932 662 omnia
947 607 1022 663 utilis
1036 612 1078 664 ast
1094 611 1117 678 ll
1130 613 1196 666 Tira.
1211 626 1247 678 rr,
1262 612 1299 682 8),
1314 612 1476 686 quicunque
1490 612 1582 668 aditus
1601 629 1646 668 re·

103 726 106 752 ι
119 702 300 773 decreverim,
317 705 348 759 in
363 706 446 777 hujus
459 706 531 761 tomi
542 706 614 761 seria
627 705 785 777 conscripta
835 704 973 770 servetur,
988 702 1088 757 restris
1101 703 1160 757 heac
1175 704 1323 760 committo
1337 705 1436 762 fidenti
1450 706 1546 762 animo
1563 706 1648 761 saeris

103 814 122 853 ic
135 797 233 853 relicta
253 799 421 870 pernoscite,
436 803 464 854 et
485 799 593 855 cunctis
614 816 679 871 qne
692 798 785 855 tenori
835 795 1036 867 pertractanda
1046 796 1170 866 judiciis,
1184 815 1215 852 ac
1231 798 1389 854 dirimenda
1404 800 1561 866 sententiis,
1572 798 1648 855 unde

106 895 157 946 trae
180 892 375 966 amplitudinis
399 897 524 965 potestas
547 893 709 965 impressit,
734 910 783 948 vo·
831 887 1646 962 jamvestrumcrit,inspirantevobismiserationedirina,

104 985 233 1041 titudinis
247 987 370 1057 gravitas
390 987 524 1042 ellectum
539 990 599 1043 tam
617 986 658 1043 cis
671 993 785 1060 promat
833 981 874 1035 ita
890 980 1037 1054 utriusque
1059 983 1229 1038 discriminis
1242 989 1405 1056 temperare
1419 1002 1595 1052 mensuram,
1610 1002 1647 1041 na

103 1084 195 1135 muter
215 1079 360 1151 inpendat,
383 1097 468 1152 quam
494 1084 596 1136 nostras
620 1085 783 1137 mansuetu-
835 1080 884 1131 aut
896 1074 926 1129 in
936 1075 1101 1146 juramento
1113 1077 1238 1132 conditio
1252 1082 1347 1133 teneat
1361 1095 1432 1146 reos,
1449 1082 1498 1133 aut
1515 1078 1646 1149 impieta·

103 1172 198 1228 enites
211 1172 265 1228 hoc
281 1173 364 1228 nobis
376 1174 520 1246 implenda
533 1174 725 1230 commendat,
834 1169 870 1223 tis
891 1169 960 1224 ultio
975 1169 1080 1225 habeat
1100 1171 1284 1239 inhumanos,
1301 1173 1396 1243 sieque
1418 1171 1504 1227 vestri
1524 1187 1575 1226 nos
1600 1171 1646 1224 in·

103 1265 160 1321 ium
176 1268 270 1339 itaque
287 1267 463 1323 allocutionis
481 1285 553 1324 meae
571 1285 603 1323 ex
619 1267 784 1324 defiuitione
833 1269 924 1318 struat
943 1264 1038 1319 iorma
1055 1264 1167 1335 judicii,
1182 1268 1215 1320 ut
1234 1266 1376 1337 subjectos
1397 1266 1527 1337 populos,
1542 1280 1594 1320 nec
1617 1264 1648 1319 in

103 1359 151 1417 ‚dei
166 1361 316 1430 inchoans,
332 1364 434 1416 catera
450 1377 514 1434 quae
524 1361 629 1417 laturis
644 1365 709 1417 suut
720 1377 784 1434 pro
834 1357 1077 1427 profanationibus
1092 1358 1250 1414 habeamus
1273 1359 1408 1427 subditos,
1422 1375 1473 1414 nec
1493 1358 1649 1430 impietatis

103 1453 161 1509 'dius
176 1453 346 1525 intimanda,
361 1457 439 1511 vellit
453 1473 538 1527 supra
551 1455 725 1511 soliditatem
738 1471 785 1527 pe·
833 1449 951 1506 vinculis
966 1450 1112 1506 doleamus
1124 1452 1342 1508 contaminatos.
1356 1455 1421 1510 Post
1432 1452 1518 1524 hujus
1532 1455 1649 1507 conten-

104 1548 782 1621 tructurus,alleoeliamoperismeiaedificium
833 1543 918 1599 tionis
941 1544 1117 1617 alloquium,
1140 1547 1322 1618 sequentium
1347 1563 1444 1602 causas
1465 1546 1648 1616 negotiorum

103 1657 186 1709 urus,
202 1658 237 1696 eo
251 1643 451 1714 consequentia
465 1644 583 1698 validius
598 1659 713 1715 ponarn,
727 1658 784 1718 qup
834 1637 918 1692 simili
928 1653 1043 1710 quoque
1054 1639 1253 1710 subJungimus
1265 1657 1313 1693 vos
1324 1640 1470 1696 intendere
1480 1638 1647 1695 attentione.

103 1735 293 1791 ammissima
308 1738 494 1806 praetulerim,
509 1736 602 1793 prim0
616 1737 713 1809 iraque
733 1754 781 1793 00.
793 1708 822 1779 Β
834 1730 1016 1786 Decernimus
1029 1736 1198 1788 'attestantes
1217 1733 1430 1788 universitatem
1449 1736 1573 1788 nostram
1595 1748 1649 1804 per

103 1829 345 1884 everentiavestra
359 1830 712 1901 habeatquodnosseuon
726 1846 785 1885 am-
834 1841 952 1880 summae
974 1824 1129 1880 divinitatis
1154 1827 1336 1898 coequalem,
1361 1829 1390 1880 et
1414 1831 1598 1891 coaetemam,
1620 1830 1648 1881 et

113 1923 279 1977 orthodoxae
296 1923 362 1978 fidei
377 1941 484 1992 reram,
500 1929 636 1990 sanctam,
652 1929 680 1979 et
692 1924 783 1979 sinea—
833 1916 1056 1989 inseparabilem
1070 1918 1248 1985 Trinitatem,
1262 1925 1348 1992 atque
1366 1920 1442 1974 illius
1455 1917 1585 1990 mysterii
1601 1934 1645 1972 sa-

103 2015 175 2071 riam
193 2016 227 2071 de
240 2016 323 2072 corde
339 2035 409 2088 puro
422 2017 633 2073 etccnscientia
643 2018 717 2072 bona
728 2017 784 2089 ple·
834 2016 1014 2068 crementum
1030 2013 1108 2084 quod
1122 2012 1304 2068 incarnatum
1319 2013 1367 2069 liei
1380 2013 1527 2069 Filiumde
1540 2011 1646 2083 Spiritu

106 2108 222 2175 habere,
238 2110 375 2164 veraciter
389 2111 461 2166 seire
482 2117 510 2165 et
532 2110 696 2165 firmissime
715 2110 783 2165 reti·
834 2109 941 2173 sancto,
971 2106 1097 2161 altaria
1119 2106 1235 2178 Virgine
1259 2123 1312 2179 pro
1334 2108 1425 2162 salute
1446 2105 1557 2173 mundi,
1580 2121 1647 2159 uera

103 2217 148 2274 [ue
160 2218 224 2257 eam
237 2203 275 2256 ita
289 2204 437 2275 complecti
453 2208 539 2276 atquc
549 2205 784 2275 venerari,atque
834 2198 904 2254 fides
918 2199 948 2254 in
960 2202 1020 2256 toto
1036 2200 1104 2256 orbe
1122 2200 1280 2270 denuntiat,
1295 2205 1379 2272 atque
1396 2200 1549 2256 adventum
1570 2199 1646 2269 ejus·

119 2295 193 2350 sicot
216 2313 279 2350 cam
301 2302 397 2352 sancta
420 2298 572 2368 apostolica
593 2298 705 2354 traditio
731 2297 783 2352 do·
834 2292 899 2347 dem
920 2293 984 2347 Jesu
1009 2292 1113 2348 Christi
1146 2294 1198 2349 litii
1220 2294 1288 2361 Dei,
1313 2293 1401 2349 nostri
1433 2293 1564 2360 Domini,
1590 2307 1648 2364 quo

103 2389 212 2443 tetiam
236 2390 475 2461 sanctasynodus
498 2391 612 2446 Nicaeae
626 2390 782 2458 constituit,
834 2386 995 2457 perimendi
1016 2389 1083 2441 sunt
1098 2386 1189 2458 impii,
1205 2392 1234 2443 et
1247 2404 1371 2459 regnum
1386 2389 1518 2459 ejusque
1540 2385 1647 2458 glorifi-

103 2483 461 2555 stantinopolisaoctorum
472 2485 586 2539 Patrem
596 2485 783 2556 congregatio
834 2479 918 2534 candi
944 2484 1011 2535 sunt
1024 2482 1123 2550 ancti,
1138 2485 1172 2536 ut
1186 2498 1365 2553 quecunque
1386 2481 1501 2553 negotia
1517 2480 1552 2537 de
1575 2496 1646 2551 quo·

119 2575 192 2630 sicut
206 2576 336 2647 Ephesini
351 2577 437 2648 primi
457 2580 544 2632 coetus
556 2578 649 2632 unitas
663 2577 784 2633 affirma-
833 2573 969 2629 rumlibet
982 2575 1164 2646 querelarum
1175 2575 1317 2631 auditibus
1329 2574 1496 2641 exstiterint,
1509 2573 1649 2645 patefacta

116 2669 354 2725 Chalcedonensis
373 2671 484 2725 concilii
504 2671 632 2727 definitio
646 2672 783 2742 praetulit,
833 2684 898 2722 cum
908 2667 1019 2739 justitia
1031 2673 1059 2723 et
1071 2667 1169 2740 vigore
1187 2668 1409 2725 misericorditer
1423 2672 1451 2724 et
1463 2685 1527 2724 cum
1539 2673 1648 2736 tempe·

103 2761 268 2835 nahdelihus
284 2780 407 2830 seruans,
422 2763 459 2818 ad
469 2764 543 2819 hanc
557 2765 705 2820 salvandos
718 2765 785 2819 infi-
834 2767 965 2816 ramento
977 2760 1167 2817 miserationis
1177 2761 1342 2832 justissimae
1356 2761 1536 2817 concorditer
1548 2759 1646 2815 termi-

103 2855 218 2922 itans,io
229 2857 453 2927 hancsubjectos
464 2859 582 2928 populos
591 2858 785 2929 regens,hauc
835 2860 939 2910 nentur
953 2853 985 2911 in
994 2855 1093 2926 legum
1106 2855 1253 2911 sententiis
1267 2873 1331 2928 qnae
1344 2861 1393 2911 aut
1409 2856 1562 2928 depravata
1578 2869 1647 2908 cou-

103 2949 233 3021 gentibus
245 2951 399 3007 tenendam
412 2950 786 3023 insinuans,hanciopopu·
834 2949 956 3017 sistunt,
982 2953 1032 3004 aut
1055 2966 1090 3004 ex
1120 2950 1283 3021 superiluo,
1308 2951 1351 3005 vel
1373 2948 1499 3005 indebito
1523 2947 1649 3018 conjecta

103 3060 113 3096 s
126 3043 311 3111 anniintians,
326 3050 354 3099 ut
365 3045 395 3098 in
407 3044 458 3098 illa
469 3045 633 3115 glorificans
648 3046 784 3115 ileum,et
809 3075 820 3103 a
834 3042 977 3110 videntur,
991 3047 1096 3097 nostrae
1114 3043 1272 3098 serenitatis
1285 3043 1518 3099 accommodante
1534 3056 1649 3096 consen·

104 3136 191 3191 rtales
212 3152 257 3191 me
270 3153 391 3190 summae
405 3137 560 3192 divinitatis
574 3137 694 3193 felicitas
706 3155 781 3193 asse·
834 3153 866 3189 su
882 3137 944 3190 hacc
960 3136 1052 3191 solium
1068 3153 1132 3207 quae
1148 3137 1183 3191 ad
1198 3137 1337 3192 sinceram
1355 3136 1494 3208 justiliam
1510 3140 1539 3190 ot
1557 3150 1647 3206 nego-

103 3232 124 3283 a
134 3228 249 3285 interra
265 3230 418 3284 viventium
434 3231 582 3286 hareditas
595 3249 611 3286 a
624 3248 670 3286 me
685 3232 782 3304 glorie
833 3229 938 3285 tiorum
954 3229 1154 3285 sufficientiam
1169 3232 1338 3286 conveniant
1347 3231 1495 3299 ordinetis,
1507 3244 1649 3284 canonum

119 3323 172 3389 Eo,
186 3324 416 3378 reverendissimi
426 3325 680 3394 Patres‚quantum
692 3326 729 3381 ad
739 3342 783 3380 ve·
834 3323 952 3378 obscura
965 3323 1096 3395 quedam
1117 3328 1145 3379 et
1166 3324 1196 3378 in
1217 3325 1334 3379 dubium
1349 3340 1439 3391 uersa,
1456 3323 1485 3377 in
1499 3321 1648 3377 meridiem

103 3415 156 3472 idei
169 3420 275 3471 sancta·
287 3417 424 3488 pertinuit
437 3434 468 3472 ex
481 3421 539 3472 toto
550 3419 677 3473 animam
688 3435 782 3474 nicam
832 3415 933 3471 lucidae
944 3415 1143 3488 intelligentiae
1154 3417 1306 3486 reducatis,
1318 3417 1506 3488 omniumque
1521 3414 1648 3485 negotio·

105 3508 236 3564 fessionis
258 3509 354 3564 titulos
376 3509 552 3580 explicuisse,
567 3510 783 3566 honorificentia
832 3525 897 3563 rum
910 3512 1065 3565 conventus
1087 3510 1280 3583 ordinumque
1292 3513 1390 3579 status,
1405 3509 1454 3581 qui
1475 3509 1505 3563 in
1524 3512 1645 3563 vestram

103 3600 166 3676 22
179 3602 315 3674 pensavit.
323 3604 382 3658 ianr
391 3620 466 3658 nunc
474 3620 649 3675 inagnopere
660 3604 784 3660 arbitror
833 3600 993 3657 exstiterint
1001 3601 1124 3657 devoluti
1138 3603 1328 3674 praesentiam,
1339 3603 1379 3658 ita
1391 3603 1531 3673 majorum
1541 3599 1656 3671 regulis¹

103 3696 128 3749 hi
152 3700 346 3767 opportunum
377 3713 441 3766 quiae
475 3697 618 3753 tendimus
653 3697 783 3753 societati
832 3694 1039 3750 concordantes
1060 3695 1229 3767 justissime,
1257 3696 1361 3768 pioque
1386 3713 1419 3752 ac
1454 3697 1646 3766 temperanter

107 3804 181 3844 verae
197 3788 262 3842 [idei
278 3789 370 3842 studia
385 3794 487 3844 sancta
499 3791 674 3861 operationis
687 3790 784 3846 innec-
833 3788 1004 3844 constituere
1028 3789 1179 3857 studeatis,
1206 3793 1237 3844 ut
1258 3795 1286 3845 et
1310 3789 1383 3844 mihi
1407 3789 1456 3860 qui
1479 3788 1516 3843 ad
1538 3787 1646 3842 studio·

103 3883 172 3938 hanc
187 3889 236 3937 aut
246 3882 306 3936 sine
316 3883 449 3953 oporibus
462 3888 602 3938 nrartuarn
613 3884 781 3955 habeamus,
832 3898 897 3935 rum
910 3882 1019 3936 fructus
1031 3882 1174 3937 bonorum
1187 3883 1289 3953 angelo
1301 3899 1366 3954 pars
1387 3882 1539 3937 beatorum
1559 3879 1645 3935 adve-

103 3974 287 4048 plcnitudinis
309 3993 367 4029 suae
383 3976 522 4046 dignitato
543 3977 691 4048 perspicua
706 3978 781 4033 deci·
832 3974 893 4029 nial
906 3979 934 4030 et
947 3990 996 4030 vos
1010 3976 1060 4046 qui
1071 3976 1258 4047 adimplentes
1270 3976 1448 4032 voluntatem
1461 3975 1520 4041 ilci,
1532 3990 1578 4029 nra
1587 3989 1645 4027 non

103 4072 192 4136 nesta,
207 4069 275 4122 dum
300 4069 445 4139 Scriptura
462 4085 520 4123 non
544 4069 652 4138 silente,
670 4070 704 4126 de
717 4071 782 4142 qui·
832 4068 974 4140 spernitis,
992 4069 1197 4142 imprecantem
1220 4070 1321 4143 religio
1338 4068 1519 4126 beatitudinis
1533 4073 1646 4122 aetarnae

103 4160 217 4230 inierat,
239 4177 303 4232 qnae
318 4161 416 4215 dicunt
431 4177 460 4215 se
474 4178 567 4231 nossa,
584 4162 675 4217 ileum
687 4169 783 4218 autem
833 4162 976 4235 suscipiat,
991 4166 1020 4218 et
1036 4163 1105 4218 risio
1119 4163 1313 4219 delectationis
1336 4163 1388 4219 Dei
1407 4162 1461 4218 sibi
1482 4160 1646 4234 perenniter

103 4255 137 4310 itt
155 4270 224 4325 ergo
245 4254 317 4308 trano
334 4254 422 4309 sidem
448 4270 535 4325 super
555 4254 683 4327 lapidem
701 4255 783 4312 illum
833 4256 973 4312 inherere
997 4257 1142 4313 concedat.
1155 4259 1210 4312 Vos
1228 4257 1315 4313 etiam
1339 4257 1460 4313 illustres
1481 4256 1557 4312 viros
1574 4269 1646 4326 quos

103 4365 128 4417 o,
147 4369 161 4398 «
174 4364 260 4418 quem
272 4348 493 4419 reprobaverunt
506 4348 625 4420 quidam
639 4348 784 4403 eadifican·
834 4366 870 4404 ex
885 4333 979 4406 allicio
992 4352 1115 4422 palatino
1124 4351 1190 4407 huic
1202 4356 1309 4407 sancte
1321 4351 1431 4424 synodo
1445 4351 1580 4406 interesse
1591 4347 1647 4418 pri-

103 4457 131 4496 m
158 4446 253 4495 minen
274 4457 290 4494 a
313 4440 435 4495 Domino
467 4440 558 4496 lactus
581 4444 624 4495 est
645 4441 674 4496 in
699 4446 927 4519 capatDmatus
939 4443 1072 4514 obtinuit,
1087 4463 1118 4500 ac
1132 4445 1263 4501 nobilitas
1274 4445 1435 4518 spectabilis
1448 4443 1647 4511 honoravit,et

106 4536 179 4589 test
207 4533 379 4588 admirabilis
407 4533 437 4588 in
460 4533 547 4588 oculis
572 4532 674 4588 nostris
699 4535 781 4604 (Psoi.
833 4535 1646 4610 experientiaaequalitatisplebiumrectoresexegit‚quos

108 4630 137 4682 et
148 4626 204 4697 23),
227 4647 240 4674 »
261 4626 374 4698 plenius
395 4626 563 4696 habeamus,
581 4627 697 4700 ejusque
711 4627 782 4683 insi·
832 4629 862 4683 in
883 4628 1021 4701 regimine
1037 4631 1134 4698 socios,
1157 4631 1187 4686 in
1210 4631 1378 4687 adversitate
1392 4630 1474 4697 fidos,
1489 4632 1517 4684 ct
1533 4629 1563 4683 in
1576 4644 1644 4701 pro-

103 4720 231 4776 eceutius
245 4737 428 4789 exornemur,
445 4721 581 4776 attendite
597 4721 677 4793 cujus
690 4721 783 4794 operis
833 4722 921 4794 aperis
942 4723 1099 4795 amplector
1122 4727 1261 4794 strenuos,
1276 4741 1328 4795 per
1343 4740 1414 4796 quos
1436 4723 1547 4794 justitia
1568 4723 1646 4793 leges

120 4815 258 4886 cujusque
280 4814 456 4886 operationis
471 4818 658 4886 augmentum
683 4814 783 4870 studiis
833 4815 942 4887 implet,
965 4815 1110 4872 miseratio
1131 4819 1203 4890 tegis
1223 4817 1369 4888 impletur,
1389 4820 1487 4873 contra
1506 4815 1645 4889 justitiam

103 4911 169 4964 rctae
191 4907 259 4962 iidei
274 4907 437 4963 consociare
453 4907 582 4976 velimus,
596 4912 623 4962 et
637 4907 782 4963 innectere
832 4910 948 4980 legum,
973 4909 1130 4966 moderatio
1158 4910 1298 4982 aequitatis
1320 4911 1539 4983 temperantiam
1575 4910 1646 4983 legis
1749 4902 1778 4953 ss

103 5017 143 5057 ere
164 5006 306 5073 optemus.
322 5002 417 5073 ltaque
432 5000 564 5056 resolutis
580 5005 655 5056 retro
668 5005 780 5073 tempo·
833 5006 994 5075 extorquet,
1007 5004 1144 5075 adjurans
1158 5005 1287 5060 obtestor
1298 5022 1350 5077 per
1364 5022 1449 5061 omne
1472 5005 1540 5060 illud
1553 5005 1644 5060 admi-

103 5115 111 5155 a
130 5111 180 5149 vos
199 5110 373 5165 amnemque
394 5094 530 5166 populum
548 5094 659 5165 jurasse
680 5094 780 5150 recoli·
832 5096 930 5166 rabile,
945 5100 974 5152 et
992 5099 1085 5154 solum
1100 5098 1184 5153 unius
1197 5115 1283 5154 sacrae
1295 5097 1363 5155 fidei
1377 5102 1600 5168 sacramentum,
1616 5101 1645 5152 et

103 5188 280 5265 ujuseunque
290 5188 398 5243 ordinis
409 5188 451 5242 vel
462 5188 579 5242 honoris
589 5204 783 5261 personaque
832 5207 883 5263 per
904 5190 1093 5248 venerabilem
1116 5193 1247 5248 omnium
1269 5196 1432 5249 sanctorum
1454 5195 1571 5249 Petrum
1593 5207 1645 5262 per

103 5283 234 5355 aregiam
254 5282 452 5354 excidiumque
466 5282 625 5337 Gothorum
644 5283 736 5355 gentis
750 5299 782 5338 ac
832 5301 918 5358 quem
939 5285 1063 5343 obtestor
1086 5291 1213 5343 muctam
1236 5295 1417 5359 conventum,
1434 5292 1467 5341 ut
1484 5285 1522 5340 ad
1535 5286 1644 5340 cunctae

103 5380 187 5432 electa
200 5375 353 5432 luissotvel
368 5375 508 5447 cogitasse
524 5375 608 5431 noxia
620 5374 665 5429 vel
679 5376 781 5447 egisse,
831 5378 958 5434 veritatis
977 5395 1011 5435 ac
1035 5378 1210 5436 mactationis
1225 5380 1391 5454 justissimas
1414 5379 1580 5444 formulam,
1607 5375 1645 5430 ita

103 5468 315 5525 ›ilissententioe
326 5468 627 5537 multatusatrocitate,
640 5485 782 5541 nusquam
832 5471 945 5527 anicios
963 5470 1102 5544 dirigatis,
1125 5478 1156 5529 at
1171 5474 1244 5530 nihil
1263 5493 1281 5531 a
1302 5489 1441 5532 consensu
1459 5469 1644 5545 presentium

103 5561 470 5632 urenioeremedium,vel
484 5562 603 5634 alicujus
619 5565 780 5634 lemperau·
831 5565 956 5634 Petrum,
983 5571 1204 5641 sanctorumque
1227 5569 1354 5625 virorum
1378 5566 1516 5623 aliorsum
1539 5562 1644 5621 mentis

103 5656 182 5731 ipere
207 5657 414 5729 qualecumque
448 5655 615 5710 subsidium.
642 5659 678 5710 At
706 5673 782 5711 nunc
832 5657 976 5728 obtutum,
998 5662 1135 5733 quidquid
1159 5662 1326 5717 innocentiae
1348 5661 1480 5727 vicinum,
1502 5657 1642 5730 quidquid

103 5766 141 5806 ‚re
167 5766 376 5821 onerosumque
398 5756 546 5816 censetur,
570 5749 637 5822 quia
668 5749 782 5823 pietatis
828 5749 948 5824 justitie
958 5753 1133 5827 proximum,
1143 5754 1282 5831 quidquid
1294 5770 1310 5808 a
1324 5753 1428 5826 pietate
1439 5768 1499 5813 nou
1508 5751 1641 5826 ebenum,
