3870 6150
205 273 240 330 35
650 259 794 327 APPEND.
813 269 858 326 ΑΙ)
877 270 957 327 SAEC.
978 271 1021 326 lx.
1036 301 1070 311 -
1090 270 1212 327 lSlliOltl
1230 266 1443 328 runcatoris
1854 270 1892 326 :te

241 378 464 435 llomicidiorum
483 390 549 432 sero
570 372 624 432 tria
646 393 752 449 genera
772 393 833 433 esse
855 377 976 446 dicebat,
992 382 1022 434 et
1031 393 1126 466 Anon
1139 379 1270 445 reddere,
1288 395 1341 434 nec
1362 377 1498 450 injuriam
1519 375 1623 446 iacere,
1641 375 1691 432 sed
1709 375 1814 432 factem
1835 391 1890 449 pa·

206 488 320 545 poenam
339 486 439 527 eorum
460 472 607 540 patentem
621 470 681 526 lore
704 470 830 526 docebat.
847 471 924 526 Sicut
942 471 1019 527 enim
1069 472 1174 529 tienter
1194 471 1322 542 sufferre,
1340 471 1470 527 inimicos
1488 468 1618 541 diligere,
1635 468 1839 525 maledicentes
1858 485 1891 525 se

207 563 372 632 homicides,
388 562 583 618 interfectores
602 561 733 631 fratrum,
750 564 789 619 ita
806 568 834 620 et
848 564 1020 620 detractores
1071 583 1128 621 non
1139 566 1351 635 remaledicere,
1363 564 1412 621 sed
1424 564 1517 637 magis
1530 561 1708 633 benedicere,
1719 565 1891 633 etperseou·

206 672 307 713 eorum
331 670 436 728 eosque
457 655 585 711 odientes
602 654 759 712 homicidas
778 673 838 712 esse
857 657 1019 713 manifesta·
1069 661 1177 716 donem
1192 675 1245 731 pro
1263 659 1375 731 justitia
1389 658 1538 714 sustinere.
1552 657 1724 714 charitatem
1736 671 1846 725 amare,
1857 659 1891 712 et

203 751 260 818 bat,
275 749 342 821 quia
354 748 446 820 etqui
459 748 560 804 occidit
572 749 689 804 tratrem
703 765 787 805 suum
803 755 831 805 et
846 750 895 822 qui
909 750 978 824 odit,
992 754 1021 807 et
1069 754 1181 809 nullum
1193 753 1259 808 odio
1270 753 1385 822 habere,
1398 751 1468 823 quia
1484 773 1498 800 «
1514 750 1565 822 qui
1582 749 1642 805 odit
1654 749 1774 804 fratrem
1788 764 1886 819 suum,

204 841 254 913 qui
268 840 393 898 detrahit
405 841 523 913 pariter,
537 841 688 897 homicidae
702 857 762 898 esse
777 845 983 898 monstrantur.
1070 847 1213 902 homicida
1233 849 1277 901 est
1296 845 1321 915 (l
1336 848 1415 901 loon.
1437 860 1477 913 ιιι,
1497 845 1549 913 ts).
1565 863 1579 892 ιι
1596 842 1753 899 Elationem
1773 841 1888 914 ingere,

239 933 344 990 Omnes
357 933 464 988 anima
478 934 638 990 carnalibus
655 935 801 991 desideriis
818 952 882 1008 quae
895 936 1021 992 militant
1069 939 1161 994 zelum
1182 939 1291 994 malum
1312 954 1371 993 non
1393 937 1508 993 habere.
1525 936 1660 990 lnvidiam
1673 950 1732 990 non
1744 949 1887 999 exercere,

203 1024 336 1083 adversus
358 1027 484 1082 animam
506 1026 545 1098 (Il
559 1030 632 1086 Patr.
653 1044 684 1097 ιι,
699 1028 742 1100 ll)
754 1028 906 1099 abstinere,
921 1031 949 1085 et
968 1029 1019 1084 bo·
1069 1048 1122 1088 nec
1134 1032 1345 1088 contentionem
1363 1047 1471 1087 amare.
1484 1030 1556 1085 Cum
1575 1027 1802 1084 discordantibus
1820 1031 1890 1084 ante

202 1136 270 1175 nam
284 1135 384 1176 eorum
396 1120 639 1177 conversationem
650 1137 683 1177 ac
695 1119 877 1178 innocentem
889 1121 1020 1177 omnihus
1070 1126 1137 1182 solis
1152 1141 1282 1181 occasum
1296 1124 1325 1180 in
1338 1139 1439 1196 pacem
1452 1122 1556 1189 redire,
1570 1121 1646 1177 etde
1661 1121 1710 1176 Dei
1723 1120 1887 1177 misericor·

202 1213 361 1270 monstrare
373 1213 503 1285 rogabat.
515 1215 553 1268 Ex
567 1214 650 1270 corde
663 1213 742 1270 enim
757 1219 874 1270 cunctos
886 1214 1019 1271 attentius
1064 1203 1116 1274 'dia
1136 1233 1285 1291 nunquam
1307 1217 1465 1288 desperare.
1486 1215 1615 1271 Seniores
1631 1213 1769 1282 venerari,
1791 1215 1823 1268 et
1836 1213 1886 1284 jn·

202 1306 324 1363 invicem
349 1304 468 1377 diligere
493 1306 666 1374 insinuabat,
690 1311 719 1363 et
739 1323 837 1363 veram
857 1307 1018 1362 imternita-
1068 1311 1163 1367 niores
1173 1311 1302 1383 diligere.
1313 1310 1474 1382 Episcopos,
1486 1309 1642 1364 sacerdotes
1650 1323 1715 1362 suos
1727 1323 1760 1361 ac
1768 1310 1888 1362 cunctos

202 1402 261 1455 tem
274 1397 350 1455 inter
362 1415 391 1454 se
404 1398 510 1454 habere
524 1398 650 1455 docebat.
666 1399 837 1464 Quotidiana
849 1399 926 1455 enim
946 1399 1020 1456 illius
1069 1405 1193 1477 reliquos
1215 1403 1345 1460 Ecclesiae
1367 1403 1512 1459 ministros
1526 1405 1610 1473 atque
1633 1415 1750 1456 omnem
1770 1398 1886 1472 plebem

203 1491 378 1565 predicatio,
394 1491 469 1547 inter
481 1494 584 1548 cetera
597 1492 703 1562 divina,
718 1493 779 1548 haec
792 1496 861 1560 erat,
874 1492 1018 1562 mandata,
1069 1497 1121 1553 sibi
1138 1497 1318 1553 commissam
1337 1496 1425 1552 rerba
1446 1495 1541 1550 divina
1556 1498 1585 1549 et
1596 1494 1730 1550 mandata
1743 1493 1886 1549 instruere

202 1600 290 1657 quam
308 1585 340 1640 in
356 1584 419 1656 ejus
437 1585 599 1657 exemplum
622 1585 708 1641 etiam
728 1585 789 1654 tibi,
803 1586 891 1642 frater
910 1586 1018 1641 charis·
1069 1595 1098 1646 et
1124 1606 1236 1661 amare,
1260 1590 1369 1661 hosque
1399 1604 1500 1644 omnes
1526 1602 1626 1643 comm
1654 1585 1800 1659 episcopos
1826 1587 1886 1641 tota

201 1678 288 1749 sime,
317 1677 478 1750 significare
504 1679 610 1733 curavi.
641 1679 784 1734 Bonorum
811 1679 921 1751 (inqiut)
949 1695 1018 1751 ope·
1069 1682 1157 1738 animi
1178 1682 1281 1739 virtute
1303 1682 1421 1753 diligere
1444 1684 1478 1736 ut
1500 1681 1594 1736 oculos
1619 1695 1696 1748 suos,
1717 1679 1786 1750 quia
1811 1677 1885 1734 oculi

201 1787 267 1827 rum
279 1771 356 1827 inter
369 1775 472 1827 catera
485 1771 593 1828 semina
612 1788 644 1827 ac
662 1772 776 1844 negotia
794 1777 861 1828 sunt
880 1757 1057 1844 quantumB
1068 1781 1135 1832 sunt
1146 1776 1271 1831 illorum.
1287 1776 1395 1831 Eorum
1408 1774 1557 1847 praeceptis
1569 1773 1598 1828 in
1612 1772 1744 1828 omnibus
1757 1771 1883 1841 obedire,

202 1864 395 1936 unusquisqne
412 1863 496 1935 sapit,
512 1869 540 1920 et
560 1867 654 1937 potest
670 1865 736 1920 totis
755 1865 849 1920 intimi
867 1864 961 1921 cordis
976 1865 1019 1936 (ut
1067 1868 1179 1925 etiamsi
1192 1867 1246 1941 ipsi
1267 1868 1351 1924 aliter
1365 1866 1453 1939 (quod
1473 1866 1555 1937 absit)
1569 1870 1665 1937 agant,
1679 1879 1822 1920 memores
1833 1863 1884 1919 sci-

198 1955 381 2029 preslibatum
406 1957 483 2028 est),
513 1956 666 2012 visceribus
697 1956 789 2013 Deum
821 1956 958 2029 diligere,
989 1961 1019 2014 et
1067 1961 1221 2018 licetillius
1237 1960 1546 2032 Dominiciproecepli:
1565 1981 1579 2009 ιι
1594 1959 1662 2023 Quas
1676 1956 1777 2013 dicunt
1790 1957 1883 2026 meite,

199 2048 364 2121 proximum
387 2049 464 2105 velut
485 2049 620 2121 seipsum.
641 2049 792 2122 Abnegarc
808 2050 933 2122 seipsum
951 2050 1016 2121 sihi,
1066 2071 1132 2128 quoe
1149 2059 1246 2111 autem
1267 2053 1375 2110 iaciunt
1391 2054 1483 2109 lacere
1498 2052 1586 2107 nolite
1600 2051 1709 2122 (natta
1726 2065 1804 2119 xxrn,
1817 2049 1853 2121 3).
1866 2071 1880 2099 ι

201 2145 232 2198 ut
249 2143 344 2198 iesum
357 2141 502 2198 Christum
515 2143 669 2199 Dominum
684 2148 815 2200 nostrum
828 2145 973 2216 sequatur,
989 2146 1018 2200 et
1065 2147 1121 2221 lpsi
1140 2152 1236 2203 antem
1258 2146 1383 2219 episcopi
1404 2145 1427 2201 si
1447 2143 1668 2201 exorbitaverint
1687 2142 1722 2198 ab
1737 2142 1812 2213 istis,
1826 2158 1881 2197 non

198 2235 271 2290 nihil
284 2236 345 2307 ejus
362 2234 451 2290 amori
472 2251 649 2306 praeponere,
664 2236 813 2292 veritatem
827 2236 910 2291 corde
925 2239 953 2292 et
967 2251 1017 2292 ore
1066 2245 1134 2296 sunt
1156 2239 1396 2312 reprehendendi,
1417 2238 1462 2295 vel
1488 2237 1639 2310 arguendi,
1663 2236 1712 2292 sed
1735 2234 1881 2308 portandi,

199 2327 326 2401 prolerre
350 2327 464 2395 debere,
488 2329 517 2382 et
536 2329 627 2383 totam
654 2344 735 2383 suam
759 2329 879 2389 Domino
900 2343 1017 2400 semper
1065 2332 1122 2388 nisi
1133 2332 1164 2389 in
1181 2332 1239 2388 tide
1258 2319 1424 2388 erraverir'rt.
1438 2331 1554 2402 lliergo
1568 2345 1653 2402 super
1667 2329 1811 2396 bossunt,
1827 2342 1882 2383 non

199 2420 378 2477 committere
398 2420 564 2491 instruebat,
578 2423 656 2476 actus
678 2437 737 2476 suae
760 2420 826 2476 vitae
845 2420 923 2476 omni
943 2422 1017 2477 hora
1065 2425 1107 2481 illi
1120 2441 1207 2498 super
1220 2424 1299 2493 istos,
1313 2424 1451 2498 quoniam
1466 2422 1560 2495 major
1572 2440 1589 2478 a
1602 2423 1712 2478 minore
1721 2436 1775 2477 nec
1789 2419 1880 2492 argui,

198 2513 349 2582 custodire,
364 2515 393 2569 et
406 2513 486 2569 omni
505 2513 567 2569 loco
587 2513 677 2570 licum
698 2529 727 2569 se
747 2513 886 2586 respicere
897 2513 1017 2571 firmiter
1065 2535 1118 2575 nec
1126 2518 1248 2590 judicari
1262 2522 1364 2591 potest.
1379 2517 1478 2573 Nullus
1490 2533 1520 2572 se
1539 2517 1654 2573 extollat
1668 2531 1737 2587 erga
1750 2514 1882 2570 docteres

198 2606 279 2664 scire.
292 2606 482 2678 Cogitationes
493 2607 581 2663 malas
597 2606 675 2663 cordi
688 2623 740 2662 suo
752 2607 936 2663 advenientes
947 2623 1016 2664 mox
1065 2628 1098 2667 ac
1108 2613 1261 2684 magistros
1269 2610 1418 2684 suos,quia
1426 2631 1441 2661 «
1452 2609 1605 2682 discipulus
1615 2624 1701 2681 super
1711 2607 1881 2680 magistrum

197 2701 234 2756 ad
248 2699 394 2755 Christum
408 2697 536 2770 allidere,
557 2704 585 2757 et
606 2699 799 2757 sacerdotibus
820 2699 932 2756 Domini
951 2717 1014 2757 ma·
1064 2721 1123 2761 non
1143 2721 1204 2762 esse
1225 2705 1333 2776 (Morti.
1350 2720 1377 2773 x,
1390 2704 1433 2775 24)
1451 2721 1465 2756 ιι
1486 2703 1570 2760 debet
1590 2718 1643 2758 nec
1660 2704 1764 2774 potest.
1785 2700 1882 2756 Nullus

198 2791 342 2848 enecare.
1064 2797 1132 2855 velit
1144 2799 1200 2855 dici
1213 2801 1336 2866 sanctus,
1350 2802 1502 2870 antequam
1516 2796 1562 2866 sit,
1573 2795 1622 2851 sed
1634 2795 1714 2867 prius
1729 2793 1776 2862 sit,
1790 2796 1824 2848 ut
1832 2808 1881 2850 re·

233 2884 525 2956 Ossuumamalo,vel
533 2901 622 2958 pravo
633 2885 746 2959 eloquio
755 2886 908 2958 custodire,
916 2890 944 2943 et
951 2902 1015 2943 ver·
1065 2893 1124 2947 rius
1138 2891 1257 2948 dicatur.
1271 2892 1415 2964 Praecpta
1427 2890 1540 2947 Domini
1558 2889 1762 2960 doctorumque
1775 2902 1808 2942 ac
1819 2901 1881 2941 ma-

195 2977 315 3036 besana
323 2983 373 3037 aut
381 2977 528 3035 mendacia
537 2995 595 3035 non
605 2980 693 3053 loqui,
703 2979 771 3053 quia
784 3002 798 3032 a
806 2980 921 3054 osquod
931 2995 1014 3036 men·
1058 2964 1219 3058 ⁸gistrorum
1240 2985 1321 3041 tactis
1343 2983 1469 3056 quotidie
1490 2982 1658 3054 adimplere,
1678 2983 1708 3035 et
1726 2980 1756 3035 in
1779 2977 1883 3034 Christi

196 3073 267 3130 titur
273 3072 506 3130 oeciditanimam
513 3072 1016 3145 (Seps,ll);»verbadivinalibenter
1024 3119 1052 3195 C
1066 3078 1183 3134 nomine
1194 3094 1247 3151 pro
1258 3077 1380 3134 inimicis
1395 3092 1476 3133 orare
1488 3077 1608 3149 oportet.
1624 3072 1791 3129 Obedientia
1805 3072 1883 3129 enim

196 3167 305 3238 audire,
319 3171 348 3223 et
366 3166 558 3223 sacerdotibus
581 3165 640 3222 suis
660 3167 784 3223 libenter
804 3168 1010 3240 obtemperare,
1063 3176 1092 3227 et
1103 3171 1273 3241 humiliatio,
1284 3187 1349 3243 qtlae
1360 3169 1504 3243 magistris
1518 3168 1625 3240 agitur,
1636 3165 1755 3222 Domino
1767 3164 1883 3221 exhibe-

195 3262 279 3333 atque
291 3258 319 3332 7
333 3259 494 3316 obedientes
508 3275 569 3316 esse
583 3259 709 3316 docebat.
720 3258 916 3316 Praedicationi
927 3266 1013 3333 atque
1061 3268 1118 3320 tur.
1133 3286 1147 3315 ιι
1162 3264 1262 3319 Timor
1276 3262 1389 3318 llomini
1402 3260 1560 3328 delectabit,
1577 3265 1606 3316 et
1620 3257 1700 3315 dabit
1712 3257 1843 3315 letitiam
1855 3261 1884 3314 ct

194 3351 1013 3426 orationiaelectionilreqnenterincumbcre,eteleemo·
1063 3357 1199 3430 gaudium
1219 3357 1250 3413 in
1271 3355 1479 3429 longitudinem
1501 3354 1624 3411 dianam.
1638 3351 1762 3408 Timenti
1784 3350 1882 3407 Domi·

194 3446 529 3520 synaererasperllcere.
545 3445 718 3504 «Desideria
737 3447 831 3502 carnis
847 3462 908 3502 non
925 3446 1012 3518 perli-
1062 3467 1133 3507 num
1155 3450 1228 3506 bene
1249 3449 1303 3507 erit
1325 3448 1355 3504 in
1376 3447 1511 3505 extremis
1531 3451 1559 3503 et
1580 3447 1611 3501 in
1631 3445 1676 3501 die
1690 3443 1883 3501 defunctionis

194 3540 405 3611 cerataulas,
433 3538 486 3613 lt),
515 3560 529 3591 ιι
557 3540 606 3596 sed
634 3538 782 3612 propriam
806 3539 939 3611 hangera
961 3554 1013 3594 vo·
1062 3560 1121 3599 susc
1144 3542 1294 3600 benedicet
1317 3542 1410 3616 (dccli.
1435 3558 1462 3611 1,
1494 3543 1543 3608 lt,
1570 3541 1625 3607 lt).
1650 3560 1665 3590 »
1695 3539 1743 3593 Vae
1767 3536 1883 3592 dissolu·

194 3633 346 3702 luntatem3
360 3631 428 3689 boni
450 3632 560 3705 aliquid
581 3632 611 3688 iu
633 3647 663 3688 se
681 3647 748 3690 cum
762 3630 865 3689 viderit
882 3634 938 3689 Deo
959 3648 1011 3704 ap·
1062 3637 1099 3692 tis
1122 3636 1219 3704 corde,
1244 3636 1295 3709 qrri
1320 3650 1379 3692 non
1403 3633 1586 3690 crediderunt
1606 3631 1672 3699 lieo,
1696 3634 1725 3686 et
1744 3629 1883 3685 resistunt

194 3726 290 3798 plicet,
308 3742 367 3782 non
388 3725 451 3795 sibi,
470 3729 500 3783 ct
518 3726 627 3782 malum
648 3741 709 3782 ase
728 3727 835 3783 lactum
852 3729 1012 3799 cognoscat,
1062 3729 1204 3786 mandatis
1218 3729 1288 3799 ejus,
1305 3732 1334 3784 et
1350 3726 1546 3784 inobedientes
1564 3741 1597 3781 ac
1619 3727 1798 3780 contumaces
1815 3726 1882 3778 saint

194 3824 224 3877 et
236 3819 289 3875 sibi
303 3823 424 3893 reputet.
438 3819 559 3876 llnltum
571 3819 651 3892 loqui
666 3836 724 3876 non
738 3836 846 3890 amare,
860 3817 910 3876 sed
923 3823 1014 3874 custo-
1063 3822 1108 3878 his
1120 3822 1170 3893 qui
1184 3822 1245 3893 ejus
1255 3822 1398 3892 legatione
1410 3821 1582 3893 iunguntur,
1597 3822 1627 3874 et
1636 3817 1700 3873 ideo
1712 3831 1772 3871 non
1783 3816 1880 3888 prote·

195 3913 256 3970 dire
278 3913 352 3969 labia
373 3929 425 3970 sua
451 3930 488 3969 ne
515 3914 615 3970 dolum
641 3917 690 3968 aut
716 3913 824 3970 malum
847 3912 1011 3982 loquantur,
1062 3917 1171 3986 grmtur
1183 3913 1218 3968 ab
1231 3929 1275 3969 eo.
1290 3915 1338 3968 Vre
1351 3913 1397 3969 his
1410 3913 1459 3986 qui
1472 3912 1658 3986 perdiderunt
1670 3908 1880 3976 sustinentiam,

195 4007 271 4064 diem
285 4007 388 4078 judicii
406 4006 518 4074 timere,
535 4006 697 4077 gehennam
716 4018 911 4077 expavescere,
925 4003 1013 4059 dmm
1062 4006 1112 4080 qui
1124 4003 1339 4079 dereliquerunt
1350 4006 1407 4062 vias
1423 4010 1522 4075 rectas,
1535 4009 1565 4061 et
1576 4003 1753 4060 diverterunt
1765 4001 1802 4057 ad
1822 4000 1881 4055 vias

195 4105 331 4156 eternam
344 4099 423 4154 omni
436 4097 662 4169 concupiscentia
675 4094 852 4167 desiderare,
865 4112 923 4153 non
936 4095 1011 4152 occi·
1062 4116 1174 4173 pravas.
1198 4100 1233 4156 Et
1260 4099 1328 4173 quid
1352 4098 1476 4167 facient,
1505 4114 1571 4154 cum
1598 4096 1739 4168 inspicere
1765 4093 1882 4166 caeperit

196 4192 273 4260 dere,
286 4207 344 4248 non
365 4189 528 4261 adulterari,
542 4207 600 4247 non
622 4191 733 4247 hirtum
753 4191 856 4258 lacere,
871 4206 931 4245 non
952 4205 1014 4246 rem
1062 4193 1210 4249 Dominus.
1235 4193 1289 4258 Qui
1316 4194 1420 4250 timent
1444 4191 1611 4257 Dondnum,
1637 4205 1697 4245 non
1723 4191 1809 4242 enrnt
1834 4187 1879 4242 in-

195 4285 320 4360 proximi
331 4283 539 4356 concupiscere,
556 4301 614 4340 uon
627 4283 733 4341 laisum
751 4283 948 4341 testimoninm
966 4283 1011 4339 di·
1062 4286 1209 4344 credibiles
1220 4287 1308 4343 verbo
1321 4287 1406 4354 illius,
1421 4290 1450 4341 et
1461 4285 1510 4358 qui
1526 4281 1880 4354 diliguntillnm,conser·

196 4394 260 4436 cere
283 4379 382 4452 (Eood.
406 4394 451 4447 xx,
474 4381 507 4434 l3
535 4383 561 4434 et
584 4378 663 4450 sep),
685 4377 734 4434 sed
757 4393 856 4434 omnes
882 4376 1013 4433 homines
1061 4380 1169 4436 tabunt
1180 4379 1255 4436 viam
1268 4379 1354 4437 illius.
1369 4378 1422 4445 Qui
1437 4378 1539 4433 timent
1551 4375 1717 4441 Dominum,
1734 4372 1882 4445 inquirent

196 4473 351 4545 honorare,
371 4488 472 4544 corpus
488 4470 642 4543 custodire,
660 4487 747 4527 ranas
765 4475 793 4527 et
813 4471 933 4528 caduces
955 4486 1052 4561 nouD
1063 4489 1128 4546 quaa
1146 4472 1324 4547 beneplacita
1344 4477 1411 4529 sunt
1428 4471 1480 4541 illi,
1493 4474 1524 4527 et
1540 4469 1590 4542 qui
1604 4467 1731 4540 diligunt
1745 4482 1824 4536 aum,
1838 4481 1881 4521 re·

197 4567 330 4641 amplecti
346 4566 468 4636 delicias,
480 4565 624 4639 jejunium
644 4569 672 4622 et
685 4564 795 4637 vigilias
806 4568 916 4621 sanctas
934 4579 1011 4619 ama·
1062 4567 1218 4641 plebuntnr
1239 4566 1304 4638 lege
1323 4565 1421 4639 ipsius.
1435 4563 1487 4630 Qui
1507 4563 1612 4619 timent
1629 4561 1792 4630 Donrinum,
1804 4574 1880 4631 pre·

197 4677 239 4733 re,
255 4676 395 4734 pauperes
407 4674 546 4729 recreare,
560 4659 652 4715 nudos
672 4658 783 4728 restire,
797 4657 926 4714 infirmos
948 4656 1012 4713 visi·
1062 4661 1203 4736 parabunt
1220 4657 1305 4718 corda
1326 4675 1387 4731 sua,
1399 4661 1429 4716 et
1447 4658 1478 4715 in
1491 4660 1646 4728 conspectu
1663 4654 1741 4710 illius
1752 4653 1879 4709 sanctiss·

197 4758 268 4826 tare,
282 4754 410 4811 sitientes
429 4759 537 4827 potare,
551 4757 679 4809 mortuos
696 4752 825 4824 sepelire,
842 4755 872 4808 et
888 4749 1013 4822 diligen·
1062 4754 1167 4810 oebunt
1186 4754 1297 4810 animas
1316 4769 1391 4810 suas.
1411 4751 1466 4819 oui
1484 4751 1587 4806 timent
1605 4748 1769 4815 Dominum,
1783 4749 1879 4802 custo·

105 4888 108 4893 ·
198 4854 243 4906 ter
261 4864 360 4905 eorum
374 4847 521 4920 exsequias
535 4863 685 4920 peragere,
699 4861 752 4918 pro
769 4845 865 4918 eisque
878 4859 969 4913 orare,
986 4848 1014 4900 et
1062 4847 1146 4904 diurn
1162 4847 1297 4904 mandata
1311 4846 1396 4915 illius,
1411 4839 1881 4917 etpatientiamhabebuntusqne

200 4945 391 5014 eleemosynas
403 4941 483 4998 dare.
497 4940 631 4996 Dolenter
650 4938 799 5009 consolari,
815 4943 844 4995 et
861 4937 919 4994 suis
931 4937 1013 4994 bonis
1062 4941 1097 4997 ad
1117 4940 1322 5014 inspectionem
1345 4939 1431 5005 illins,
1454 4934 1575 4993 dicentis
1598 4951 1605 4991 :
1630 4933 1658 4990 Si
1681 4931 1881 5005 poenitentiam

199 5038 328 5095 refovere
341 5040 369 5092 et
387 5051 404 5090 a
424 5034 508 5090 malis
526 5033 634 5090 actibus
648 5050 677 5090 se
692 5033 820 5090 ahenum
833 5033 941 5101 lacere3
955 5047 1013 5088 non
1062 5049 1121 5091 non
1133 5034 1285 5107 egerimus,
1298 5031 1456 5089 incidemus
1472 5029 1503 5085 in
1523 5044 1627 5085 manns
1640 5024 1765 5093 Domini,
1779 5027 1808 5080 et
1820 5039 1881 5080 non

200 5147 260 5190 esse
280 5128 446 5204 superbum,
462 5145 547 5184 «non
570 5128 746 5184 vinolentum
760 5127 824 5199 (lte.
845 5126 916 5200 1,7)‚
930 5148 945 5179 ιι
960 5141 1013 5183 nec
1062 5128 1092 5184 iu
1116 5143 1219 5184 manns
1241 5126 1403 5194 hominum,
1419 5122 1577 5180 secundum
1599 5119 1677 5177 enim
1699 5116 1879 5189 magnitudi-

199 5227 323 5285 multum
344 5223 472 5293 edacem,
487 5237 546 5278 non
569 5221 792 5290 somnolentum,
806 5236 866 5276 non
885 5220 1011 5293 pigrum,
1063 5237 1130 5278 nem
1148 5217 1235 5291 illius,
1249 5219 1290 5276 sic
1312 5225 1342 5276 et
1362 5215 1557 5274 misericordia
1570 5213 1657 5286 ipsius
1674 5227 1740 5267 cum
1759 5209 1822 5282 ipso
1836 5213 1882 5264 est
1906 5262 1911 5271 ,

198 5340 260 5381 non
288 5321 540 5386 murmuratorem,
569 5332 621 5388 nec
645 5316 843 5386 detractorem,
870 5312 938 5386 quia
963 5311 1014 5385 qui
1063 5314 1155 5386 (Ecclt.
1176 5331 1206 5383 n,
1230 5318 1262 5370 {5
1283 5317 1310 5369 ct
1326 5311 1405 5385 εις.)
1425 5309 1552 5367 «Venite
1572 5305 1695 5380 (inquit),
1709 5301 1771 5370 filii,
1783 5300 1880 5356 audite

200 5415 336 5483 detrahit,
357 5430 417 5470 non
438 5413 529 5469 solum
546 5426 586 5481 se,
604 5409 653 5467 sed
671 5410 776 5465 multos
800 5407 869 5464 alios
896 5405 1011 5476 occidit3
1061 5424 1120 5480 me,
1133 5408 1266 5465 timorem
1278 5405 1391 5463 Domini
1403 5403 1508 5461 docebo
1521 5417 1571 5457 vos
1586 5399 1670 5472 (Ptol.
1684 5411 1777 5462 xxxin,
1790 5395 1844 5464 12).
1863 5414 1878 5445 ιι

200 5513 273 5569 imm
299 5526 357 5567 ⁰⁰1¹
384 5508 529 5582 perficere,
550 5521 603 5561 nec
616 5503 770 5560 iracundie
782 5506 895 5572 tempus
918 5515 1011 5555 reser·
1064 5501 1199 5559 «Currite
1213 5498 1470 5557 damlumenvita
1483 5493 1603 5560 habetis,
1618 5489 1793 5547 netenebrae
1803 5503 1881 5543 mon

200 5622 275 5664 aare.
291 5605 394 5662 Dolum
409 5602 440 5658 in
454 5601 538 5657 corde
547 5616 605 5656 non
619 5602 726 5666 tenere,
740 5611 793 5653 nec
803 5609 903 5667 paoem
914 5594 1013 5650 falsam
1061 5595 1160 5652 tiseos
1174 5593 1417 5668 comprehendant
1432 5591 1518 5661 (loon.
1533 5603 1580 5655 ιιι,
1593 5586 1647 5656 ³5).
1659 5606 1673 5634 ιι
1690 5604 1703 5634 ιι
1717 5581 1815 5638 Omnis
1828 5580 1880 5652 qui

200 5700 279 5770 dare,
298 5697 464 5753 charitatem
482 5711 540 5750 non
559 5689 766 5762 derelinquere,
785 5703 839 5744 nec
853 5686 961 5759 jurare,
977 5702 1013 5743 ne
1062 5689 1123 5744 vult
1144 5688 1231 5745 vitam
1253 5690 1283 5744 et
1305 5686 1383 5759 cupit
1403 5682 1498 5739 ridere
1521 5679 1581 5737 dies
1602 5678 1703 5743 bonos,
1726 5674 1881 5747 prohibeat

199 5792 271 5850 lorte
291 5790 424 5866 perjurus
447 5787 532 5862 (quod
551 5783 639 5858 absit)
659 5784 718 5839 ilat.
738 5783 841 5839 llalum
862 5798 915 5859 pro
938 5782 1013 5838 melo
1062 5778 1193 5857 linguam
1217 5781 1278 5860 ejus
1297 5797 1314 5836 a
1330 5778 1415 5854 melo,
1439 5781 1468 5836 et
1490 5773 1563 5832 labia
1589 5786 1639 5829 sua
1662 5786 1699 5827 ne
1724 5770 1880 5850 loquantur
