3870 6150
58 222 109 273 soi
676 217 911 277 occearluuu
928 174 1146 277 comneno(
1287 217 1290 221 ’
1692 223 1746 281 aaa

52 326 134 396 jacta
162 325 264 397 regula
284 329 490 398 consequenter
515 326 597 383 elisit.
625 327 876 393 Quemadmodum
886 324 1747 416 Alaceo'quosabeisdemipsisdamnatispresulibnaqni·

57 436 129 491 ergo
152 436 211 475 non
233 420 379 476 evidenter
399 427 519 494 apparet
540 422 626 478 etiam
651 428 767 479 cunctos
792 424 878 481 simili
927 421 1283 495 busbaptizatifuerantin
1293 421 1496 478 ildecatbclica
1505 425 1655 479 manentes
1667 423 1746 481 nulla

56 517 160 570 tenore
179 514 347 586 constringi,
364 520 392 571 et
406 516 455 586 qui
468 532 569 572 eorum
584 517 839 574 communicatores
850 523 880 575 et
929 517 987 572 sint
996 515 1189 587 exagitatione
1207 515 1324 571 turbati.
1338 517 1430 571 Taceo
1443 515 1521 588 qucd
1533 516 1617 572 rebus
1629 515 1747 573 ludicris

57 607 215 678 complices
230 607 409 678 exstiterunt,
425 614 510 681 atque
523 626 622 668 omnes
631 612 880 669 omninoacatbo-
927 612 1080 683 populares
1090 609 1239 677 tumultus,
1250 625 1326 665 nunc
1336 611 1378 665 est
1389 612 1490 665 vestrae
1497 610 1609 681 pietatis
1619 610 1745 667 auderi·

56 700 113 755 lica
127 704 215 772 atque
229 701 385 773 apostolica
398 704 502 758 merito
521 706 728 762 communione
743 706 877 762 discerni.
927 707 970 759 tas
984 703 1143 773 refrenarit,
1156 702 1314 775 atqueidec
1327 703 1417 759 multo
1424 702 1576 776 magispro
1584 704 1673 761 salute
1683 704 1744 761 ani·

57 793 130 849 Hinc
143 795 277 850 Acacium
291 812 405 868 quoque
415 797 480 868 jura
496 797 617 854 dicimus
627 805 750 856 anostro
760 816 877 856 conscr-
928 814 1042 852 marum
1048 812 1165 852 suarum
1171 796 1332 852 necessario
1339 795 1421 852 nobis
1427 796 1746 870 constantinopolitana

57 887 101 942 tio
124 888 357 945 submovendum
382 891 430 961 qui
450 891 552 947 maluit
573 892 604 945 in
624 896 730 948 sortem
757 893 879 949 transire
928 890 1422 963 civitatisobtemperaremultitudo,
1430 891 1453 945 si
1461 891 1744 948 camadcathclieam

58 981 188 1051 pertidia
197 982 320 1053 quamin
328 983 475 1039 catholica}
484 990 571 1056 atque
581 987 742 1058 apostolicae
752 1003 880 1042 commu·
928 989 957 1042 et
965 984 1153 1057 apostolicam
1166 983 1401 1040 communionem
1410 999 1459 1039 vos
1472 983 1615 1057 principes
1623 985 1744 1041 reduca-

58 1075 155 1130 nionis
165 1075 327 1132 sinceritate
335 1081 478 1147 constare,
490 1093 555 1133 cum
566 1079 626 1135 tere
635 1080 791 1136 triennium
801 1097 839 1135 ne
849 1081 879 1136 id
927 1079 973 1135 tis.
983 1079 1104 1150 Etenim,
1114 1079 1270 1150 imperator
1280 1076 1448 1150 augustari
1458 1080 1556 1132 contra
1565 1079 1645 1149 leges
1654 1079 1749 1150 publi-

57 1168 340 1240 veniretapostolicae
349 1171 424 1226 sedis
435 1171 559 1242 epistolis
569 1173 704 1229 doceatur
713 1179 878 1246 competan-
928 1188 976 1228 cas
993 1172 1100 1245 aliquid
1119 1172 1206 1245 (quod
1224 1170 1307 1244 absit)
1319 1170 1462 1243 quispiam
1474 1171 1593 1227 tortasse
1610 1175 1745 1243 tentaret,

56 1266 101 1316 ter
124 1264 291 1319 instructus.
323 1266 476 1337 Postquam
502 1282 569 1322 vero
595 1267 808 1324 communionis
836 1271 879 1324 est
927 1266 1007 1321 nulla
1016 1265 1076 1338 pati
1089 1264 1200 1321 ratione
1216 1263 1354 1336 potuisses
1368 1264 1405 1319 ad
1414 1263 1533 1320 unitatis
1543 1279 1645 1336 puram
1653 1264 1745 1322 since·

56 1355 149 1410 lactus
159 1356 271 1425 aliena
281 1373 338 1412 non
348 1359 442 1430 potuit
452 1375 509 1415 non
522 1360 669 1416 catholicae
679 1360 878 1432 etapostolica
928 1375 1049 1431 remque
1065 1359 1257 1415 devotionem.
1272 1359 1308 1414 Ut
1321 1357 1373 1413 tibi
1385 1357 1467 1430 plebs
1476 1358 1589 1413 subdita
1599 1357 1747 1430 redigatur

56 1464 124 1503 mox
144 1449 279 1506 societate
292 1452 420 1522 praecidi,
436 1468 473 1508 ne
488 1469 539 1525 per
554 1426 658 1510 eum'si
671 1454 716 1509 vel
728 1454 876 1526 paululum
929 1452 1109 1509 conscientiae
1126 1457 1183 1508 tuae
1203 1468 1263 1507 non
1283 1455 1368 1523 putas
1385 1451 1533 1508 interesse.
1551 1452 1706 1521 Postremo,
1721 1452 1746 1509 si

57 1559 244 1613 cessaremus,
254 1560 306 1599 nos
319 1561 433 1617 quoque
448 1546 610 1603 videremur
623 1547 732 1603 subisse
745 1548 878 1620 contagia
929 1564 1003 1602 unus
1012 1547 1111 1619 populi
1121 1545 1242 1602 civitatis
1251 1544 1364 1600 animus
1378 1561 1436 1600 non
1448 1547 1568 1618 putatur
1578 1545 1694 1615 offendi,
1708 1561 1745 1602 na

57 1635 247 1707 perfidorum.
273 1637 330 1693 Sed
355 1654 454 1695 revera
479 1641 524 1695 vel
549 1641 599 1696 tali
626 1658 776 1713 percussus
794 1658 877 1714 poena
929 1640 1034 1709 dana,
1056 1643 1151 1696 utres
1173 1639 1308 1712 postulat,
1328 1638 1517 1711 corrigantur,
1534 1641 1640 1711 quanto
1654 1640 1745 1711 magis

57 1730 190 1801 resipuit,
202 1731 410 1788 correctionem
418 1734 557 1804 promisit,
570 1735 965 1818 emendaviterrcrem.Bne
988 1734 1082 1789 divina
1106 1734 1289 1790 offendantur
1315 1732 1448 1789 catholici
1474 1732 1597 1788 nominis
1623 1733 1745 1788 universi

54 1827 111 1878 Ant
122 1823 174 1879 ille
189 1826 325 1881 tractatus
343 1826 436 1882 lenius
454 1828 547 1883 valcat
564 1829 696 1899 coerceri,
727 1829 777 1902 qui
791 1829 880 1887 etiam
929 1827 1005 1899 piam
1019 1827 1116 1897 tidem,
1131 1843 1183 1884 nec
1197 1828 1299 1884 ledere
1315 1826 1452 1883 debemus
1464 1825 1593 1897 omnino,
1609 1842 1663 1882 nec
1676 1842 1742 1898 pos-

55 1916 182 1972 vorbera
205 1919 277 1973 dura
299 1935 357 1975 non
383 1921 496 1977 sensit?
519 1923 580 1987 Quo
599 1923 628 1979 in
643 1939 694 1979 sua
714 1923 835 1995 pertidia
851 1928 880 1980 et
929 1922 1047 1977 sumus?
1063 1923 1099 1977 Et
1110 1925 1207 1977 tamen
1221 1921 1298 1977 idem
1309 1925 1406 1978 ncstra
1421 1936 1451 1976 se
1465 1923 1588 1993 poscunt
1601 1920 1745 1977 voluntate

56 2009 250 2067 damnatione
268 2018 413 2084 manente,
432 2019 491 2070 tam
508 2015 569 2086 ejus
582 2016 613 2072 in
627 2017 817 2073 ecclesiastice
831 2033 878 2074 re·
929 2014 1034 2071 sanari.
1057 2013 1291 2088 Competentibus
1311 2030 1380 2087 ergo
1397 2014 1494 2070 sinant
1511 2013 1606 2069 curari
1620 2030 1651 2069 se
1663 2029 1745 2086 posse

56 2103 198 2160 citatione
217 2120 274 2161 uon
293 2110 385 2176 potest
405 2123 512 2164 namen
524 2109 637 2178 ascribi,
653 2126 741 2183 quam
757 2115 879 2168 externae
927 2108 1072 2166 remediis.
1085 2109 1220 2182 Alioquin
1231 2107 1317 2181 (quod
1327 2107 1408 2174 absit)
1419 2108 1449 2163 in
1460 2123 1561 2163 eorum
1570 2108 1744 2164 transeundo

55 2198 231 2270 contagium
251 2201 462 2258 communionis
484 2202 606 2259 admitti.
631 2205 812 2278 Quapropter
830 2208 880 2262 aut
927 2203 1086 2276 perniciem
1098 2219 1164 2258 cum
1175 2202 1231 2258 illis
1240 2202 1336 2275 perire
1348 2217 1498 2274 possumus
1504 2220 1513 2272 ;
1527 2201 1605 2273 ipsos
1614 2217 1682 2258 vem
1690 2202 1745 2258 aal-

55 2291 240 2349 doceaturab
248 2293 379 2351 haeretica
388 2295 747 2368 participationesincerus,
755 2316 878 2371 quorum
927 2314 995 2353 vare
1012 2314 1069 2353 non
1082 2313 1242 2370 possumus.
1261 2297 1324 2352 lam
1337 2295 1384 2352 hic
1397 2294 1467 2369 quid
1479 2296 1515 2350 sit
1527 2296 1618 2368 magis
1627 2312 1746 2369 sequen·

55 2385 80 2440 si
93 2385 147 2441 ille
161 2389 355 2444 communioni
370 2391 545 2461 permiscuit,
559 2396 609 2448 aut
621 2408 688 2449 cum
701 2392 804 2451 iisdem
819 2410 878 2450 non
929 2391 998 2446 dum
1012 2391 1065 2447 sub
1080 2390 1175 2447 divino
1190 2389 1301 2462 judicio
1313 2393 1414 2446 vestra
1427 2389 1606 2445 conscientiae
1619 2390 1756 2464 derelin3

54 2484 156 2551 potest
166 2497 224 2536 non
233 2482 345 2554 repelli.
361 2484 391 2540 Si
400 2489 451 2540 aut
460 2489 611 2541 susurrant
619 2486 743 2542 Orientis
752 2487 878 2560 episcopi
927 2501 985 2558 quc
998 2489 1095 2540 utrum
1106 2483 1240 2540 sicutnos
1250 2483 1745 2557 optamussimiliteromnescertam

53 2574 92 2628 ad
106 2590 158 2630 eos
173 2575 256 2631 sedes
267 2577 421 2649 apostolica
433 2595 493 2635 ncn
506 2578 560 2635 ista
573 2581 783 2654 conscripserit,
794 2581 878 2655 quasi
926 2578 1078 2634 redeamus
1096 2579 1132 2634 ad
1151 2578 1248 2648 vitam,
1271 2594 1308 2633 an
1330 2576 1403 2634 sicut
1420 2576 1463 2633 illi
1476 2581 1607 2649 poscunt,
1621 2577 1743 2634 manile·

53 2669 101 2723 vel
115 2668 173 2740 ipsi
187 2669 224 2725 de
236 2670 401 2744 recipiendo
415 2672 542 2745 legitime
554 2675 639 2730 Petro
651 2675 747 2732 sedem
760 2679 876 2748 aposto·
927 2676 1002 2728 stam
1029 2673 1179 2729 redeamus
1197 2672 1235 2728 ad
1252 2676 1388 2728 mortem.
1410 2671 1465 2728 Sed
1490 2671 1583 2727 adbuc
1608 2672 1743 2744 apostoli·

53 2761 145 2817 licam
159 2763 220 2818 suis
233 2763 335 2820 litteris
354 2765 475 2823 fecerint
491 2768 653 2838 certiorem,
672 2770 716 2825 vel
730 2769 817 2843 brrjas
829 2785 876 2826 re·
928 2782 991 2821 cam
1000 2766 1087 2822 ildem
1100 2765 1153 2821 sibi
1166 2764 1349 2821 medicinalia
1360 2767 1575 2839 suggerentem,
1593 2765 1746 2840 superbam

54 2856 201 2928 captionis
213 2857 368 2915 inconditae
387 2876 446 2917 non
460 2861 523 2934 jam
536 2863 642 2934 pariter
660 2863 814 2936 complices
827 2880 876 2921 ex·
927 2876 1028 2917 vocare
1042 2864 1284 2933 arrogantemque
1297 2859 1483 2916 contendunt.
1499 2859 1587 2916 llabet
1602 2859 1657 2915 boc
1672 2875 1744 2935 qua-

53 2950 207 3021 stitissent‚
231 2968 319 3024 quem
341 2953 415 3010 sicut
434 2972 501 3012 vere
515 2973 574 3012 non
588 2962 707 3029 possunt
721 2957 825 3014 docere
841 2958 877 3014 ab
926 2954 991 3010 litas
1007 2970 1081 3027 saepe
1099 2954 1310 3027 languentium,
1328 2958 1361 3010 ut
1376 2956 1510 3010 accusent
1527 2952 1653 3011 medicos
1674 2970 1744 3011 con·

54 3043 194 3101 haeretica
205 3046 344 3118 pravitate
355 3048 442 3104 fuisse
455 3054 620 3123 purgatum,
634 3051 676 3107 ita
687 3068 717 3108 se
732 3051 878 3108 haeretico·
929 3049 1008 3122 gruis
1022 3048 1267 3105 observationibus
1280 3047 1317 3102 ad
1329 3047 1453 3103 salubria
1468 3051 1643 3118 revocantes,
1656 3063 1746 3124 quam

56 3154 123 3194 nm
136 3139 303 3197 nullatenus
314 3145 451 3214 poterunt
470 3160 605 3201 excusare
624 3148 778 3202 consortes.
796 3145 877 3210 Quod
887 3118 916 3195 C
928 3147 961 3199 ut
971 3141 1027 3214 ipsi
1042 3158 1107 3198 suos
1120 3140 1223 3197 noxios
1235 3140 1380 3213 appetitus
1398 3140 1568 3213 depromere
1583 3141 1627 3198 vel
1644 3157 1745 3215 reprc-

54 3233 80 3287 si
93 3232 226 3289 fortunis
237 3236 411 3294 astruerint
425 3238 505 3311 quod
518 3239 554 3295 ad
573 3239 759 3311 apostolicam
779 3238 878 3299 sedem
928 3237 996 3292 bare
1031 3234 1221 3291 consentiant.
1258 3234 1289 3291 Si
1326 3250 1377 3289 nos
1414 3234 1530 3307 superbi
1563 3250 1662 3290 snmus
1696 3235 1746 3309 qul

55 3325 93 3382 de
115 3325 296 3400 susceptione
314 3331 391 3387 Petri
413 3348 468 3404 per
490 3332 624 3389 Acacium
641 3335 743 3389 cuncta
755 3350 880 3390 consona
929 3331 1089 3386 animarum
1101 3327 1228 3386 remedia
1241 3327 1442 3384 convenientia
1454 3328 1661 3398 ministramus,
1674 3327 1746 3402 quid

53 3435 127 3476 voce
140 3421 291 3478 retulerint
302 3425 496 3496 pereumdem
506 3426 622 3484 sibimet
634 3443 733 3483 omnes
744 3427 808 3500 pari
816 3427 879 3484 vice
928 3424 1048 3481 vocandi
1064 3425 1131 3478 sunt
1153 3423 1203 3495 qui
1220 3421 1383 3478 resultanti
1400 3421 1429 3478 si
1448 3437 1503 3477 nos
1517 3421 1634 3495 superbi
1647 3438 1745 3479 sumus

53 3515 188 3569 sentiunt
200 3515 289 3571 luisse
300 3519 479 3592 rescriptum,
497 3521 656 3592 apostolicae
666 3538 734 3577 vero
745 3520 822 3577 sedis
831 3538 880 3578 an·
928 3518 978 3591 qui
989 3517 1184 3574 obediendum
1195 3515 1322 3589 paternis
1335 3515 1456 3572 dicimus
1471 3514 1621 3588 institutis,
1634 3515 1685 3590 qui
1697 3532 1744 3574 re·

54 3608 186 3680 ctoritas,
198 3610 277 3681 quod
289 3612 398 3668 cunctis
411 3613 543 3669 secundis
556 3615 724 3671 Christianis
739 3620 768 3672 et
781 3616 877 3672 Eccle-
928 3614 1079 3684 fragantur
1087 3627 1145 3683 quo
1157 3609 1319 3682 appellandi
1330 3613 1398 3665 sunt
1410 3609 1549 3666 nomine?
1570 3609 1601 3667 Si
1612 3626 1664 3667 110³
1676 3610 1745 3668 01821

54 3700 108 3756 siae
122 3702 241 3773 praelata
253 3703 289 3759 sit
300 3705 441 3761 universae
455 3711 484 3762 et
497 3723 640 3763 canonum
653 3709 739 3765 series
748 3711 880 3781 paterno·
929 3722 1037 3775 sumus,
1051 3705 1102 3778 qui
1115 3703 1245 3760 ditinum
1257 3702 1368 3760 Gustum
1381 3719 1454 3776 puro
1470 3707 1556 3776 *itque
1575 3703 1685 3761 illim
1699 3719 1746 3761 ⁰¹¹·

53 3809 124 3849 rum
137 3799 169 3850 et
182 3795 334 3868 multiplici
349 3799 501 3855 traditione
512 3801 653 3858 firmatur.
667 3802 722 3859 Sed
734 3803 800 3858 licet
811 3802 879 3859 hinc
927 3801 1023 3874 pimus
1031 3804 1132 3856 tenore
1140 3813 1264 3870 servare,
1275 3797 1325 3871 qui
1335 3801 1435 3854 antra
1444 3796 1621 3856 didnitatmn
1631 3813 1744 3871 quoque

53 3888 102 3943 vel
117 3891 219 3944 utrum
231 3888 284 3945 sibi
296 3891 417 3963 quisque
430 3898 530 3949 contra
549 3895 670 3952 Nicaeae
690 3896 790 3969 synodi
810 3913 876 3953 con·
928 3894 1065 3964 sentiunt,
1089 3893 1186 3950 dicant
1204 3891 1329 3965 qualiter
1346 3893 1568 3966 nuncupentur?
1587 3891 1631 3949 Sic
1649 3894 1679 3949 et
1692 3907 1745 3949 nos

52 3981 157 4039 stituta
178 3982 325 4055 quippiam
348 3987 441 4044 valeat
467 4005 615 4062 usurpare,
642 3991 762 4063 collegio
787 3993 879 4063 potest
928 3987 1082 4061 caeterique
1097 3986 1296 4060 quiinerrore
1310 3988 1387 4055 sunt,
1400 3985 1544 4042 aestimant
1556 3986 1746 4059 quodecrum

52 4091 135 4132 nnus
147 4078 360 4135 communionis
378 4082 493 4137 ostendi
511 4099 571 4138 non
590 4083 734 4141 mentibus
753 4087 879 4142 externas
928 4099 988 4139 non
1014 4080 1226 4139 consentiamus
1252 4079 1389 4150 insania,
1416 4078 1467 4136 ubi
1493 4084 1593 4136 tamen
1624 4079 1746 4153 Spiritus

52 4169 201 4226 sometatis
225 4173 339 4243 aperiri.
364 4176 447 4247 Apud
469 4176 532 4232 illos
552 4177 652 4250 siquis
667 4177 877 4250 contlditcgre-
927 4175 1068 4250 superbia
1080 4174 1217 4232 veraciter
1232 4173 1368 4232 consistat
1385 4177 1414 4232 et
1431 4179 1551 4248 pugnet,
1566 4174 1673 4232 veritm
1684 4174 1746 4249 ipsa

51 4264 154 4320 diatur
175 4265 206 4319 in
225 4265 333 4336 medio,
353 4271 383 4324 et
395 4270 579 4341 apostolicam
592 4272 690 4328 sedem
706 4273 743 4328 de
756 4277 878 4344 utraque
928 4270 1012 4328 dicat.

50 4361 141 4431 parte
160 4358 290 4417 revincat
304 4365 334 4416 et
351 4361 482 4420 instruat.
505 4365 632 4422 Tollatur
652 4382 721 4438 ergo
739 4384 846 4424 nomen
861 4382 878 4423 e
926 4389 995 4446 pem
1010 4387 1131 4446 Gelam
1145 4387 1183 4443 aa
1195 4388 1331 4459 episcopos
1345 4385 1495 4443 pedania
1508 4386 1640 4443 Acontea
1652 4402 1671 4441 a
1684 4384 1746 4443 rede

50 4451 155 4508 medio
169 4453 248 4524 quod
262 4455 452 4513 Ecclesiamm
464 4458 635 4516 discretione
645 4462 743 4533 procul
755 4479 772 4518 a
784 4463 917 4568 cathol)
1026 4459 1176 4530 apostolica
1184 4461 1364 4529 competenter
1372 4458 1460 4525 Mtte
1468 4456 1640 4513 dammum·

50 4546 111 4601 lica
139 4547 346 4604 communione
373 4555 517 4623 operatur,
549 4558 581 4608 ut
604 4554 714 4612 sincera
735 4573 789 4629 pax
810 4556 878 4613 fidei
963 4552 1158 4610 Dilectissimis
1170 4550 1306 4607 fratribus
1316 4548 1456 4606 universis
1465 4547 1744 4623 episcopisperllar-
1840 4552 1844 4559 “

48 4639 328 4723 commuqicnisque
339 4647 497 4715 reparetur,
513 4651 542 4702 et
553 4647 659 4704 unitas.
673 4651 708 4705 nt
718 4654 788 4706 tunc
797 4649 875 4723 quis·
928 4647 1044 4706 daniam
1058 4645 1218 4703 constitutis
1231 4645 1375 4701 camsms.

49 4733 123 4806 qu'm
141 4738 275 4790 nostrum
287 4739 388 4792 contra
400 4726 592 4796 venerandam
606 4744 648 4799 vel
661 4742 824 4812 insurrexit,
833 4746 877 4801 vel
945 4742 1032 4798 Valde
1038 4740 1132 4797 mirati
1142 4738 1329 4812 sumus,quod
1335 4742 1430 4794 restra
1436 4734 1745 4811 dilectioquasinovam

47 4827 171 4883 nitatur
183 4827 333 4900 insurgere
343 4835 522 4902 vetustatem,
536 4839 734 4908 competenter
745 4842 775 4893 et
787 4837 879 4908 legiti-
928 4840 957 4893 et
965 4833 1053 4890 veluti
1059 4833 1208 4890 difficilem
1216 4831 1416 4906 questionem,
1424 4830 1551 4887 etadhuc
1559 4834 1746 4909 tanquamin·

30 4937 103 4976 ·me
118 4921 316 4992 perquiratur.
330 4926 364 4980 Et
373 4925 430 4982 illic
439 4928 590 4999 apparebit
599 4930 662 5001 quis
672 4930 800 4987 modesto
808 4946 876 5003 pro·
927 4928 1058 4985 auditum
1069 4926 1219 5000 quidpiam
1231 4942 1316 4982 nosse
1327 4923 1590 4998 desideratis,qucd
1603 4927 1747 4986 Eutichia-

47 5015 151 5088 poaito
164 5016 305 5072 custodiat
319 5018 440 5074 formam
461 5021 701 5098 traditionemque
722 5026 876 5098 majorum,
929 5040 973 5079 na
983 5021 1153 5096 pestilentiae
1166 5019 1435 5088 communicatores,
1446 5034 1505 5075 non
1519 5019 1657 5079 habentes
1667 5022 1746 5096 quod

47 5109 122 5182 quis
137 5125 228 5180 snpra
241 5109 301 5166 brac
312 5111 501 5170 irreverenter
515 5116 655 5188 insiliens,
670 5119 733 5191 quis
747 5119 878 5192 rapinam
927 5134 979 5190 pro
998 5131 1058 5171 suae
1076 5113 1243 5186 perditionis
1263 5112 1463 5170 observatione
1482 5115 1674 5186 respondeant
1691 5115 1746 5171 ire

48 5203 203 5276 aequalem
212 5219 295 5276 posse
308 5206 370 5261 fieri
385 5206 551 5265 arbitretur.
564 5210 646 5276 Quod
658 5213 682 5267 si
695 5213 765 5269 mihi
780 5214 879 5286 populi
929 5209 1028 5283 quenti
1032 5209 1094 5281 jam
1104 5207 1216 5265 ratione
1228 5207 1349 5264 convicti
1359 5207 1421 5263 sola
1426 5209 1610 5265 contentione
1615 5207 1745 5264 submur-

46 5296 365 5370 consuntimpolilani
384 5318 505 5373 persona
519 5306 702 5377 proponitur,
720 5323 774 5379 per
789 5324 878 5381 quam
927 5310 1052 5374 murem,
1063 5319 1121 5360 non
1129 5301 1364 5376 quiasitalicujus
1371 5301 1594 5374 momentiquod
1602 5300 1744 5374 garriunt,

48 5392 174 5448 dicatur
187 5407 295 5447 nomen
310 5395 446 5466 scandali,
460 5397 489 5452 id
508 5403 551 5454 est
563 5401 655 5455 acacii
666 5418 722 5455 non
739 5418 822 5473 posse
832 5418 878 5457 re·
929 5415 982 5456 nec
991 5398 1137 5456 inveniant
1146 5397 1262 5470 penitus
1273 5394 1344 5469 quid
1353 5397 1517 5468 loquantur,
1531 5394 1579 5449 ubi
1592 5394 1683 5467 magis
1696 5410 1745 5452 ecs

44 5484 182 5555 moveri,
198 5485 229 5541 id
241 5491 293 5557 eat,
305 5492 385 5545 taceo
397 5490 465 5562 quia
478 5495 506 5546 et
522 5492 657 5549 heretico
677 5493 800 5567 quodam
820 5497 877 5553 lla-
930 5487 1746 5566 quicatholicissensibusinstitutisunt,adhucbaereremi·

43 5578 181 5638 ccdonio
195 5580 286 5651 pulso,
300 5584 329 5638 et
341 5583 469 5640 Nestorio
488 5601 581 5657 nuper
600 5588 690 5659 ejecto
712 5588 792 5661 plebs
807 5590 880 5645 Con·
928 5580 1746 5660 ramur,quamillosquiaveritateflxssfflerlfflbeiabfflfl·

44 5673 880 5757 stantinopolitanacctholicapcrmaneredelegerit,quam
930 5676 1761 5758 qualicclesiaetraditicnesuntdevii,protanastoeumc·

41 5769 878 5843 majorumpresulumdamnatorumaffectioneretineri.
929 5776 1316 5850 vitatesataeptassadaca
1324 5759 1792 5846 ramesienseslsauesamaa

267 5866 400 5933 Parnon.
426 5871 535 5937 cm.
1550 5871 1603 5928 ‘st
