3870 6150
592 228 825 286 nucnmauuu
843 205 1060 284 coucucrro(
1604 222 1656 288 eso
1747 210 1753 219 '

113 335 472 409 septimaneepiscopovel
483 336 648 408 presbytero
659 334 790 391 reddant.
802 349 832 421 Α
842 334 1018 406 ScrIpturam
1032 352 1097 406 que
1110 335 1178 391 dicit
1191 354 1197 391 :
1214 358 1227 387 «
1243 334 1394 407 pecuniam
1407 351 1487 392 suem
1500 351 1560 392 uon
1579 336 1657 394 dedit

103 429 214 486 nliceat
228 430 328 502 quinta
348 430 421 485 teria
444 429 604 485 novissIme
626 428 792 500 septimane
841 428 885 494 ad¹
900 444 1016 483 usuram
1029 428 1111 497 (Psol.
1133 429 1271 501 11v‚5),»
1291 433 1356 502 post
1381 429 1456 484 hauc
1477 429 1656 500 agnitionem

103 524 250 592 usolvere,
258 527 411 580 etomnem
420 524 595 578 exhonorare
606 520 793 592 Quadragesi-
842 521 932 577 sancti
950 521 1061 576 concilii
1077 522 1257 592 feneraverit,
1271 526 1301 577 et
1313 521 1499 577 centesimam
1518 523 1654 595 exegerit,

103 614 242 673 deincere
254 617 428 672 abstinentes
440 620 530 671 totam
541 614 791 686 Quadragesimem
842 617 892 669 aut
906 631 939 669 ex
954 613 1081 687 quolibet
1093 616 1210 686 negotio
1229 619 1313 687 turpe
1328 616 1439 670 lucrum
1459 615 1612 686 quesierit,
1627 621 1657 672 et

103 725 128 765 e.
842 723 893 779 per
911 707 1033 762 diversas
1055 708 1163 779 specics
1181 708 1239 762 viui
1260 708 1304 763 vel
1329 708 1430 779 lurgis,
1443 709 1487 763 vel
1506 708 1656 779 cujuslibet

103 801 156 857 nni
171 806 299 873 tempore
315 802 447 874 episcopo
468 801 552 857 liceat
565 800 690 855 chrisma
703 799 790 855 conti·
841 799 881 857 rei
895 800 1016 857 emendo
1032 801 1074 855 vel
1089 800 1237 857 vendendo
1253 800 1348 871 aliqua
1368 800 1547 856 incrementa
1559 817 1654 858 susce-

107 910 160 967 per
175 911 238 949 suas
260 895 390 951 dieceses
403 895 559 961 destinare,
573 894 611 950 ita
625 897 658 948 ut
671 893 708 948 ad
720 893 791 948 diri·
841 894 924 965 perit,
939 893 1085 966 depositus
1099 894 1134 949 de
1149 894 1238 965 gradu
1251 891 1347 966 144
1359 909 1420 963 suo,
1429 893 1539 949 alleuus
1552 894 1655 952 habea·

103 1008 108 1043 ι
134 988 258 1043 chrisma
281 988 417 1043 diaconus
447 992 497 1043 aut
517 986 704 1043 subdiaconus
727 991 792 1042 aute
841 985 1012 1041 tnraclero.

103 1079 183 1136 asche
197 1081 233 1136 de
248 1081 368 1152 singulis
382 1081 506 1136 ecclesiis
518 1080 555 1135 ad
568 1080 731 1153 episcopum
746 1079 792 1135 de·
877 1079 964 1134 LXIII.
980 1078 1011 1135 si
1025 1078 1088 1150 quis
1097 1078 1247 1151 presbyter
1257 1083 1306 1135 aut
1326 1078 1463 1134 diaconus
1477 1080 1523 1134 rel
1537 1080 1655 1137 clericus

841 1171 967 1227 ecclesie
981 1171 1141 1243 deputatus,
1158 1172 1181 1227 si
1196 1173 1273 1228 iutra
1285 1171 1428 1227 civitatem
1450 1172 1546 1241 luerit,
1562 1177 1612 1228 aut
1625 1174 1654 1228 ιιι

103 1264 248 1337 Presbyter
275 1270 416 1338 presente
450 1265 582 1337 episcopo
612 1282 670 1321 nou
699 1265 793 1336 signet
841 1264 969 1338 quolibet
982 1264 1086 1320 locoin
1099 1281 1155 1337 quo
1167 1265 1287 1321 ecclesia
1299 1268 1351 1332 est,
1367 1267 1397 1320 et
1408 1265 1444 1321 ad
1459 1265 1656 1337 quotidianum

103 1400 111 1427 ,
136 1358 191 1413 uisi
214 1358 288 1414 forte
314 1359 349 1414 ab
374 1358 505 1431 episcopo
539 1358 627 1413 tuerit
652 1358 691 1412 illi
717 1374 790 1429 pre·
841 1357 979 1429 psallendi
993 1357 1164 1413 sacrificium
1178 1359 1328 1414 matutinis
1342 1357 1565 1430 velvespertiuis
1578 1358 1657 1414 horis

840 1450 876 1505 ad
899 1449 1047 1506 ecclesiam
1069 1467 1129 1507 non
1154 1452 1297 1518 convenit,
1311 1452 1476 1523 deponatur
1494 1468 1511 1506 a
1532 1451 1619 1520 clero,
1632 1452 1655 1507 si

103 1544 151 1599 Ion
166 1545 248 1599 liceat
257 1544 423 1616 presbytero
433 1545 511 1615 prius
524 1545 660 1616 episcopo
674 1543 791 1599 introire
839 1547 936 1598 tamen
949 1543 1100 1614 castigatus
1112 1544 1225 1599 reniam
1237 1543 1272 1598 ab
1284 1543 1417 1615 episcopo
1430 1559 1482 1615 per
1491 1543 1656 1600 satisfactio·

103 1638 237 1706 uterium,
252 1637 302 1692 sed
323 1653 388 1692 cum
412 1637 554 1709 episcopo,
570 1637 625 1692 nisi
647 1637 720 1692 torte
741 1641 791 1692 aut
841 1651 907 1691 nem
919 1635 1044 1692 uoluerit
1056 1636 1225 1707 promereri.

103 1729 191 1796 uerit,
205 1734 256 1785 aut
268 1733 400 1802 egrotus.
801 1711 830 1785 B
875 1729 961 1784 LXIV.
972 1729 1032 1784 Nou
1046 1729 1129 1784 liceat
1136 1728 1294 1800 quemlibet
1303 1728 1438 1785 clerIcum
1448 1729 1495 1786 die
1504 1730 1654 1787 Doquico

103 1822 193 1894 liqna
211 1823 313 1878 mulier
327 1838 480 1895 pregnans
502 1822 707 1878 desiderarent
725 1838 789 1893 gra·
839 1821 875 1876 ab
890 1821 1009 1877 ecclesia
1026 1821 1174 1877 absentem
1186 1836 1257 1900 csse,
1271 1822 1322 1877 sed
1343 1821 1494 1878 missarum
1510 1823 1654 1879 solemniis

103 1916 194 1988 ptismi
208 1916 365 1986 percipere,
374 1907 488 1987 quando
498 1915 621 1971 voluerit
630 1915 733 1970 babeat
742 1931 790 1986 po·
839 1913 976 1970 Interesse
994 1917 1024 1968 et
1033 1914 1154 1985 jejunio.

103 2049 116 2064 ..
131 2007 203 2062 Nam
216 2008 287 2063 nihil
303 2008 456 2081 participat
469 2009 500 2062 ιιι
514 2009 569 2063 hoc
583 2012 676 2062 mater
687 2007 789 2062 intanti
875 2006 948 2061 LXV.
965 2007 1027 2062 Non
1048 2008 1160 2077 oportet
1188 2006 1304 2061 clericos
1328 2007 1371 2061 vel
1396 2007 1482 2062 laicos
1507 2007 1654 2080 religiosos

102 2100 168 2168 itur,
184 2106 338 2172 propterea
351 2100 429 2171 quod
444 2100 596 2171 unicquue
611 2100 727 2171 propria
739 2116 788 2156 vo·
838 2104 903 2154 ante
918 2114 1027 2154 sacram
1039 2099 1142 2154 horam
1160 2097 1216 2154 diei
1236 2098 1350 2153 tertiam
1365 2099 1438 2154 Inire
1454 2099 1591 2168 convicia,
1606 2118 1655 2156 ne-

103 2193 303 2248 tcoulessione
318 2195 505 2247 monstretur.
838 2206 894 2263 que
907 2190 1059 2264 aliquando
1071 2191 1199 2261 clericos,
1214 2191 1269 2245 uisi
1284 2190 1393 2263 hymno
1410 2191 1484 2248 dicto
1503 2193 1587 2249 edere
1602 2210 1652 2265 pa·

103 2302 139 2342 on
151 2290 261 2357 oportet
282 2286 391 2356 aliquid
404 2284 483 2340 eliud
502 2286 532 2339 in
557 2285 720 2341 sanctuario
746 2286 787 2341 ol·
838 2300 915 2351 uem,
932 2287 1035 2356 etpost
1049 2283 1126 2339 cibos
1139 2284 1244 2356 gratias
1262 2284 1372 2340 auctori
1382 2285 1441 2341 Deo
1454 2286 1571 2343 referre.

103 2383 169 2435 nter
182 2395 286 2450 panem
294 2385 322 2433 et
328 2379 428 2434 viuum
444 2384 671 2449 claudamque
680 2379 711 2432 in
721 2382 788 2449 typo
873 2378 961 2432 LXVI.
977 2379 1037 2433 Nou
1051 2381 1164 2450 oportet
1178 2378 1295 2433 clericos
1310 2394 1425 2434 comam
1438 2379 1560 2449 nutrire,
1574 2381 1654 2437 etsie

103 2472 308 2538 enedicuntur,
323 2472 390 2543 quie
409 2471 504 2526 dum
497 2488 527 2526 ιιι
540 2486 622 2526 cruce
637 2468 787 2542 penderet,
838 2469 1010 2542 ministrare,
1023 2471 1125 2526 sedt
1085 2475 1125 2526 att
1126 2487 1195 2525 ouso
1205 2470 1307 2542 capite,
1313 2470 1477 2540 patentibus
1490 2472 1616 2542 auribus,
1625 2479 1654 2530 et

103 2581 141 2621 »re
155 2566 216 2636 ejus
237 2566 354 2636 sanguis
375 2565 485 2619 etlluin
507 2567 536 2619 et
552 2580 636 2635 equa,
652 2564 714 2619 hec
734 2564 788 2619 tria
838 2562 996 2618 secundum
1010 2565 1103 2619 Aaron
1115 2563 1237 2619 talarem
1251 2565 1359 2618 vestem
1373 2562 1503 2634 iuduere,
1516 2569 1548 2620 ut
1556 2564 1652 2622 suntin

103 2657 312 2714 mtinChristo
334 2660 410 2714 lesu.
427 2659 491 2712 Heu
516 2656 609 2712 hostie
633 2663 662 2712 et
684 2656 787 2712 oblaIIo
837 2654 936 2710 habitu
950 2659 1063 2711 ornato.

103 2751 198 2807 iorem
212 2751 368 2806 suaviietis.
506 2748 509 2754 “
872 2748 970 2805 LXVII.
992 2749 1053 2804 Nou
1075 2752 1188 2821 oportet
1208 2749 1333 2820 psalmos
1352 2749 1523 2822 compositos
1542 2754 1572 2806 et
1589 2752 1651 2808 vul-

105 2844 255 2900 Foracistis
285 2843 455 2915 presbyteris
483 2847 623 2916 praesente
653 2844 786 2915 episcopo
837 2857 919 2912 garos
933 2841 963 2896 in
977 2842 1095 2898 ecclesia
1107 2842 1316 2915 diceremque
1329 2841 1414 2898 libros
1428 2843 1477 2915 qui
1490 2848 1557 2899 sunt
1570 2848 1652 2901 extra

102 2936 208 3010 hyteris
231 2937 348 2992 civitatis
374 2936 476 2992 offerre
502 2953 559 2991 nou
583 2937 667 2992 liceat
693 2952 786 3008 neque
836 2949 977 2990 canonem
989 2935 1094 3007 legere,
1108 2934 1163 2991 uisi
1183 2935 1259 2991 solos
1278 2935 1427 2992 canonicos
1445 2936 1515 2992 Nori
1527 2941 1555 2993 ot
1569 2938 1650 2995 Vete-

103 3047 135 3087 re
172 3031 202 3085 iu
238 3031 351 3102 populo,
389 3030 443 3085 nisi
480 3030 553 3085 torte
593 3029 648 3084 illis
683 3030 784 3087 absen-
795 3026 875 3144 Cris
885 3028 1065 3084 Testamenti.

871 3121 982 3177 LXVlll.
997 3122 1058 3176 Non
1073 3124 1189 3193 oportet
1202 3122 1320 3177 clericos
1332 3122 1448 3195 ignaros
1458 3128 1650 3197 presumpto-

103 3215 127 3271 ιι
140 3216 205 3287 quis
226 3216 375 3287 presbyter
396 3216 511 3287 publica
531 3215 698 3288 poenitentia
711 3232 728 3270 a
741 3233 785 3271 sa·
835 3229 881 3270 res
895 3231 982 3286 super
993 3219 1178 3270 monumenta
1191 3215 1221 3270 in
1233 3232 1366 3288 campum
1378 3217 1514 3289 mysteria
1526 3221 1649 3289 portare,

103 3312 225 3379 accepta,
235 3309 389 3380 aetatique
405 3308 569 3363 necessitate
584 3308 629 3363 die
640 3307 786 3364 Dominica
836 3312 886 3362 aut
898 3307 1065 3364 distribuere
1079 3312 1270 3375 sacramenta,
1286 3309 1337 3364 sed
1348 3313 1398 3365 aut
1410 3310 1440 3364 iu
1458 3310 1585 3380 ecclesia,
1601 3315 1651 3365 aut

103 3401 165 3457 iam
180 3401 318 3472 religione
336 3401 519 3472 jejunaverit,
533 3401 607 3456 sicut
629 3400 784 3469 llauichei,
834 3400 865 3454 iu
878 3399 993 3455 basilica
1008 3401 1057 3455 ubi
1070 3404 1230 3473 martyrum
1248 3401 1380 3473 requuie
1400 3406 1467 3458 suut
1486 3402 1596 3474 posite,
1611 3402 1650 3457 ihi

103 3510 120 3548 a
134 3493 179 3549 sit.
834 3508 886 3564 pro
898 3493 1039 3548 defunctis
1052 3493 1228 3550 oblationem
1240 3493 1344 3550 offerri.

103 3591 143 3642 ter
162 3590 191 3640 ct
213 3586 288 3659 quod
312 3587 347 3641 ab
370 3588 503 3659 apostolis
530 3585 678 3656 traditum,
694 3602 785 3643 canon
935 3581 1090 3656 Sequuntur
1102 3586 1222 3642 Oenones
1235 3587 1273 3643 od
1287 3588 1369 3644 laicos
1377 3591 1552 3659 pertinentes.

103 3678 219 3750 itiones,
239 3680 344 3751 placuit
366 3685 396 3735 ut
419 3697 470 3751 per
492 3695 590 3735 omues
613 3678 783 3761 DomInicaa
870 3680 954 3735 LXIX.
970 3680 1031 3735 Non
1051 3679 1134 3735 liceat
1155 3680 1322 3736 Christianis
1347 3681 1465 3752 prandia
1486 3681 1524 3739 ad
1545 3683 1648 3738 defim-

103 3788 164 3827 mes
173 3772 354 3827 diesPascbae
363 3789 452 3845 usque
460 3772 782 3846 adquiuquagesImum,
833 3775 944 3827 ctorum
956 3773 1085 3844 sepulcra
1098 3772 1207 3829 deterre
1220 3778 1248 3828 et
1261 3773 1420 3829 sacrificare
1432 3775 1563 3830 mortuis.

103 3868 222 3920 ternant
233 3882 262 3919 sc
272 3866 303 3920 In
318 3866 442 3920 oratione
456 3866 636 3933 humilitatis,
648 3866 698 3921 sed
707 3869 784 3921 recto
870 3866 944 3922 LXX.
959 3866 1021 3920 Non
1045 3865 1129 3920 liceat
1152 3865 1228 3921 laicis
1250 3867 1294 3921 vel
1318 3866 1427 3922 clericis
1449 3867 1484 3922 ab
1508 3867 1649 3924 hereticis

106 3959 260 4015 Ιιοιιιιιιιιιιι
278 3958 436 4031 iungantur
448 3959 583 4014 orationis
595 3959 700 4026 officio,
716 3959 784 4030 quia
833 3958 963 4030 eulogias
985 3958 1125 4030 accipere,
1145 3958 1212 4031 quia
1234 3959 1448 4015 maledictiones
1470 3961 1562 4033 magis
1583 3967 1649 4019 suut

103 4050 168 4108 ebus
181 4051 319 4122 gaudium
339 4051 553 4108 resurrectionis
573 4051 687 4108 Doqui
710 4052 782 4108 cele·
834 4067 919 4123 quam
931 4050 1149 4120 benedictiones,
1166 4068 1259 4123 neque
1273 4051 1356 4108 liceat
1368 4055 1418 4108 aut
1430 4069 1496 4109 cum
1510 4053 1648 4111 hereticis

832 4149 881 4199 aut
893 4160 958 4199 cum
971 4143 1153 4200 schismaticis
1166 4160 1256 4201 orare.

121 4236 152 4292 si
179 4238 242 4310 quis
276 4254 332 4292 non
363 4255 414 4308 pro
448 4237 627 4307 abstinentia,
652 4237 703 4292 sed
732 4253 783 4308 pro
868 4238 954 4294 LXXI.
965 4237 993 4294 Si
1003 4239 1067 4311 quis
1079 4254 1256 4310 paganorum
1267 4239 1502 4296 consuetudinem
1514 4257 1647 4315 sequens,

103 4346 162 4385 one
199 4347 329 4386 escarum
372 4330 505 4400 abstinet,
539 4329 645 4402 placuil
685 4333 783 4386 sancto
833 4331 943 4387 divinos
956 4337 985 4388 et
996 4331 1147 4403 sortilegos
1161 4331 1191 4386 iu
1204 4333 1322 4388 domum
1342 4349 1424 4388 suam
1446 4333 1647 4406 iutroduxerit,

114 4426 147 4477 ut
161 4427 324 4495 praegustet,
336 4427 365 4478 et
378 4424 417 4478 sic
431 4424 454 4477 si
468 4425 528 4478 vult
542 4423 824 4505 abstinere,absti-[)
835 4425 916 4496 quasi
931 4429 961 4480 ιιι
973 4425 1082 4480 malum
1097 4425 1174 4480 foras
1197 4425 1321 4495 mittant,
1337 4429 1386 4480 aut
1410 4424 1551 4483 maleficia
1570 4427 1647 4483 iuve-

103 4531 115 4571 ι
129 4520 224 4571 autem
238 4517 358 4593 spernit,¹
371 4516 409 4570 ita
424 4519 455 4570 ιιι
469 4517 547 4571 olera
562 4519 716 4571 cociacum
725 4532 785 4572 car·
835 4517 924 4586 uiant,
936 4518 981 4572 vel
994 4517 1177 4573 lustrationes
1191 4534 1373 4589 paganorum
1389 4517 1504 4587 faciant,
1520 4518 1648 4592 quinque

103 4625 126 4663 »u
142 4608 282 4680 degustet,
294 4609 346 4663 iste
360 4625 418 4663 non
432 4607 579 4676 obediens,
590 4625 643 4664 nec
654 4609 784 4682 suspicio
835 4610 916 4665 annis
929 4609 1128 4682 penitentiam
1140 4613 1236 4681 agant.

105 4701 175 4758 resis
188 4718 205 4756 a
218 4718 246 4757 se
268 4718 431 4772 removens,
446 4701 602 4773 deponatur
625 4702 660 4757 de
683 4702 784 4758 ordine
869 4703 966 4758 LXXII.
982 4703 1044 4758 Non
1065 4702 1148 4758 liceat
1171 4702 1339 4758 Christianis
1361 4707 1459 4761 tenere
1481 4704 1649 4764 traditiones

103 4811 130 4848 s.
835 4796 996 4868 gentilium.

103 4888 152 4944 lon
170 4887 254 4943 liceat
280 4888 470 4944 sacerdotibus
488 4889 535 4943 vel
559 4887 666 4942 clericis
689 4887 785 4961 aliqua
871 4889 979 4945 LXXlll.
998 4889 1061 4944 Nou
1081 4889 1165 4944 liceat
1188 4888 1354 4945 Christianis
1382 4889 1530 4948 observare
1553 4898 1581 4949 et
1602 4909 1648 4949 co·

103 4980 129 5035 la
148 4981 176 5034 iu
191 4981 298 5052 nuptiis
309 4982 353 5035 vel
373 4982 402 5035 in
426 4981 560 5036 conviviis
581 4984 719 5051 spectare,
735 4981 785 5035 sed
834 4982 895 5037 lere
910 4982 1058 5050 elementa,
1073 4984 1123 5037 aut
1135 4981 1223 5051 lune,
1238 4985 1288 5036 aut
1306 4982 1455 5039 stellarum
1476 5001 1585 5056 cursus,
1601 4989 1651 5041 aut

103 5077 256 5146 antequam
269 5074 476 5145 ingrediantur,
488 5075 549 5145 Ipsa
558 5072 717 5145 spectacula
727 5090 786 5129 sur·
835 5075 950 5131 inanem
965 5074 1114 5147 signorum
1127 5074 1269 5131 fallaciam
1281 5092 1333 5148 pro
1347 5075 1434 5134 domo
1447 5077 1586 5149 lactanda,
1601 5083 1651 5134 aut

107 5166 200 5222 redire
215 5166 281 5221 iude
835 5172 953 5241 propter
966 5172 1077 5240 segetes
1091 5168 1135 5224 vel
1148 5167 1263 5224 arbores
1275 5170 1452 5241 plantandas,
1461 5173 1504 5227 vel
1518 5171 1650 5242 conjugia

103 5275 133 5315 ιιι
152 5260 236 5315 liceat
249 5259 365 5315 clericos
382 5260 573 5315 incantatores
590 5277 651 5314 esse
666 5263 696 5314 et
712 5259 784 5331 liga·
835 5261 976 5333 socianda.
992 5261 1133 5333 ScrIptum
1148 5264 1191 5317 est
1203 5262 1282 5318 enim
1297 5279 1304 5318 :
1322 5263 1529 5336 «Omniaque
1547 5263 1648 5330 facilis,

103 5369 168 5420 ere,
184 5353 259 5424 quod
273 5358 316 5408 est
330 5353 473 5424 colligatio
488 5355 667 5420 animarum
685 5352 708 5408 si
722 5353 786 5424 quis
835 5355 926 5410 autin
939 5354 1136 5425 verbo,autin
1150 5372 1248 5427 opere,
1257 5356 1353 5411 omnia
1366 5356 1523 5412 iunomIne
1536 5354 1649 5411 Domini

103 5452 122 5514 t,
136 5446 172 5502 de
188 5446 310 5502 Ecclesia
327 5447 499 5518 projiciatur.
836 5447 926 5503 nostri
956 5449 1022 5504 Iesu
1051 5447 1156 5504 Christi
1187 5449 1281 5519 tacite,
1309 5448 1414 5520 gratias
1443 5449 1561 5519 agentes
1589 5448 1647 5503 Deo

103 5539 164 5595 lton
195 5539 280 5594 liceat
310 5540 468 5595 sacerdotes
497 5540 541 5595 vel
574 5539 700 5608 clericos,
737 5540 786 5595 sed
836 5539 947 5612 (coloss.
964 5557 1005 5610 ιιι,
1023 5539 1077 5612 17).
1098 5561 1112 5595 n

103 5632 186 5704 tiosos
205 5633 291 5689 laicos
302 5633 428 5689 convivia
441 5634 533 5688 lacere
549 5633 584 5687 de
598 5633 740 5689 confertis.
871 5633 980 5690 LXXIV.
1002 5634 1065 5690 Non
1086 5635 1170 5691 liceat
1196 5651 1281 5707 agere
1302 5633 1378 5689 dlem
1404 5631 1597 5688 Kalendarum
1620 5640 1650 5690 et

103 5725 124 5784 ιι
137 5725 202 5805 quis
214 5726 317 5784 oblitus
331 5728 465 5786 ιιιιιοιειιι
479 5726 600 5802 homiui,
618 5729 647 5785 et
659 5731 786 5787 enatam
837 5726 902 5785 otiis
917 5743 1017 5786 vacare
1040 5729 1203 5802 gentilibus,
1217 5743 1310 5801 neque
1333 5726 1414 5784 lauro
1437 5729 1487 5784 eut
1508 5725 1649 5788 vinditate
