3870 6150
207 631 784 804 rsrnouus
853 629 1581 889 muuoaron.

593 1150 1197 1279 PROLEGOMENA.

339 1589 782 1710 utuntur
848 1589 1456 1712 nummata

417 1843 447 1885 m·
470 1842 697 1888 {utvaustTA'ru
719 1839 943 1889 fluuatrotsuffi
965 1839 1149 1886 metonae
1171 1839 1376 1886 ruorussouts

509 2020 770 2132 ECLOGE
821 2019 905 2129 ET
955 2015 1286 2125 EPICRISIS

139 2249 263 2313 Eorum
282 2266 391 2331 queo
412 2250 642 2313 recentioribus
656 2250 776 2314 criticis
795 2249 834 2313 de
855 2245 1173 2315 pseudoisidoriana
1194 2244 1414 2309 decretalibus
1428 2253 1550 2310 statuto
1566 2210 1669 2310 sunt.¹

91 2646 117 2698 t.
133 2644 201 2698 llira
215 2646 291 2699 sorte
305 2647 409 2700 uostris
423 2647 500 2702 hisce
512 2645 688 2717 temporibus
702 2650 798 2700 actum
812 2649 863 2713 est,
880 2648 912 2699 ut
923 2643 945 2698 ii
957 2642 1011 2713 ipsi
1030 2640 1081 2713 qui
1096 2638 1254 2712 quondam,
1271 2644 1302 2693 ut
1316 2640 1453 2695 llomanae
1471 2637 1547 2693 sedis
1568 2638 1734 2710 proerogati-

53 2747 101 2783 ras
112 2731 295 2802 impeterent,
310 2750 418 2791 merces
429 2734 713 2791 Pseudoisidorianas
725 2733 894 2806 pontificum
911 2729 1005 2788 fraudi
1016 2728 1191 2793 tribuebant,
1203 2728 1288 2784 modo
1304 2745 1364 2802 prae
1380 2728 1515 2783 omnibus
1528 2727 1638 2782 felicius
1651 2730 1737 2800 atque

52 2820 188 2875 subtilius
202 2823 362 2891 genuinum
372 2823 511 2895 ejusmodi
523 2823 708 2879 decretalium
723 2827 818 2877 ortum
831 2820 1026 2893 indigitarent.
1041 2820 1255 2887 Verumtamen,
1267 2822 1298 2872 ut
1312 2817 1468 2889 plurimum
1480 2833 1514 2872 eo
1524 2834 1581 2872 non
1595 2823 1662 2872 suut
1673 2834 1739 2889 pro·

53 2910 156 2979 gressi.
174 2916 204 2965 ut
219 2911 363 2967 Romanos
377 2914 525 2984 pontillces
537 2911 634 2968 fraudi
644 2913 706 2984 jam
719 2929 736 2966 a
749 2911 846 2983 multis
862 2914 984 2982 receptae
999 2926 1058 2965 non
1071 2908 1183 2978 favisse,
1194 2912 1223 2964 et
1235 2909 1374 2963 Romanae
1388 2908 1464 2963 sedis
1479 2909 1624 2982 privilegio
1633 2909 1738 2965 exinde

55 3000 121 3069 plus
136 3016 218 3071 ecquo
232 3017 290 3055 non
305 3002 456 3072 profecisse
476 3004 630 3058 fateantur.
644 3001 779 3066 Quinimo
794 3017 837 3056 res
850 3000 918 3055 satis
933 2999 1057 3071 implexa
1072 2998 1226 3069 nequidem
1244 2998 1392 3053 catholicis
1414 2998 1548 3054 omnibus
1565 2998 1603 3053 ita
1614 2998 1740 3072 eliquata

55 3094 107 3155 est,
122 3092 156 3142 ut
169 3088 297 3159 aliquam
311 3090 413 3147 saltem
433 3091 593 3162 disciplinae
608 3089 802 3145 ecclesiastico
824 3090 1014 3145 mutationem
1038 3087 1114 3143 hisce
1130 3087 1321 3144 decretalibus
1339 3087 1487 3145 inductam
1505 3089 1603 3159 fuisse,
1615 3106 1673 3145 uon
1688 3090 1739 3145 ad·

55 3177 175 3231 mittant
199 3178 268 3232 ilinc
282 3195 343 3248 uos,
359 3183 389 3232 ut
403 3179 567 3235 inveteratis
582 3178 744 3235 istiusmodi
759 3178 931 3250 praejudiciis
943 3194 997 3251 pro
1009 3193 1091 3250 posse
1104 3177 1191 3231 tiuem
1207 3176 1398 3249 imponamus,
1413 3178 1531 3234 edendis
1544 3178 1740 3235 Decretalibus

56 3266 218 3336 praeludere
232 3268 393 3335 statuimus,
407 3285 440 3323 ea
454 3286 518 3341 qum
531 3286 547 3323 a
562 3267 769 3324 recentioribus
783 3267 889 3324 criticis
909 3269 1042 3340 praeclare
1056 3272 1117 3322 aeta
1130 3269 1207 3334 sunt,
1223 3267 1400 3340 colligentes,
1418 3284 1451 3324 ea
1464 3285 1529 3341 quar
1547 3269 1642 3325 minus
1655 3269 1741 3326 nobis

57 3356 227 3426 probantur,
241 3373 314 3411 noro
329 3357 455 3413 examini
470 3357 663 3429 subjicientes.
680 3357 745 3413 Tria
757 3357 847 3429 igitur
861 3360 947 3413 erunt
959 3357 1108 3429 dequibus
1121 3355 1203 3411 nohis
1217 3356 1421 3428 inquirendum
1435 3358 1490 3412 erit
1502 3357 1627 3413 breviter
1644 3375 1650 3414 :

67 3507 95 3554 t⁰
115 3504 174 3561 [bi.
186 3505 294 3573 punacio
308 3511 333 3560 ct
345 3521 397 3575 quo
409 3509 579 3576 potbsimum
591 3510 644 3578 pne
658 3509 784 3575 confecta
798 3509 903 3576 [cenat
915 3505 1064 3562 decretales
1079 3503 1360 3567 Pseudcisidoriouae;

58 3592 89 3644 2⁰
113 3594 203 3647 c'rmm
217 3594 318 3660 fraudi
324 3594 384 3663 jam
394 3600 462 3650 octe
473 3598 589 3651 Romani
600 3597 676 3652 illius
691 3600 818 3669 temporis
829 3599 969 3668 pontifices
983 3598 1121 3662 [coeman

56 3683 87 3733 3⁰
111 3685 215 3745 l'trum,
229 3686 254 3736 si
274 3683 428 3740 nullatenus
450 3688 480 3740 in
499 3690 607 3757 portem
626 3688 737 3755 fraudis
757 3690 880 3743 veneunt
898 3686 1048 3756 pontifices.
1067 3685 1163 3738 saltem
1187 3683 1283 3737 essem
1305 3684 1370 3753 ipsa
1394 3686 1544 3740 decretales
1570 3687 1602 3741 iis
1625 3701 1686 3755 puae
1708 3686 1741 3739 ‹b›

146 3775 283 3842 pontificis
295 3776 456 3830 auctoritate
468 3774 564 3832 docem
576 3778 639 3831 ιιοιι·
653 3778 796 3847 quidpiam
809 3776 981 3833 induxerint.

876 3992 930 4066 pr.

95 4162 121 4213 t.
142 4156 310 4231 Multiplices
322 4158 513 4217 recentiorum
529 4158 563 4217 de
583 4159 859 4217 pseudoisidoriana
875 4159 1047 4217 collectionis
1068 4162 1132 4215 ortu
1148 4158 1298 4230 opiniones
1314 4158 1342 4213 iu
1359 4160 1416 4213 tres
1439 4156 1622 4230 potissimum
1638 4157 1742 4214 classes

57 4246 190 4303 dividere
207 4248 293 4304 lubet.

96 4339 193 4391 Prima
208 4338 243 4392 sit
258 4355 369 4409 corum,
383 4343 434 4414 qui
445 4344 593 4416 pauciores
608 4361 727 4400 numero
741 4349 769 4400 et
783 4343 865 4418 quasi
880 4343 916 4400 ab
931 4341 1064 4400 omnibus
1079 4338 1215 4408 derelicti,
1229 4336 1391 4392 Decretales
1403 4337 1500 4392 Roma
1516 4336 1656 4409 augenda
1669 4354 1741 4410 pou·

55 4427 155 4482 tificiae
166 4430 296 4497 potestati
309 4432 454 4488 confectas
464 4437 625 4490 autumant.
639 4434 686 4489 liis
697 4434 930 4490 annumerandus
939 4436 982 4488 est
989 4429 1105 4486 infausti
1117 4427 1241 4484 nominis
1253 4425 1407 4482 catholicus
1417 4426 1558 4482 Antonius
1570 4426 1695 4481 Thciner
1706 4430 1741 4495 tl,

59 4520 89 4569 et
106 4517 138 4568 ll.
156 4517 185 4569 li.
201 4517 344 4573 Eichhorn
359 4522 405 4591 (ἓ).
422 4521 475 4585 oui
490 4528 586 4579 tamm
602 4523 722 4591 addunt,
738 4523 898 4579 Decretales
914 4523 1012 4578 Romae
1032 4518 1136 4575 soeculo
1150 4533 1196 4571 vui
1210 4519 1285 4571 orus
1299 4520 1328 4571 et
1345 4516 1483 4571 ai'ranco
1497 4515 1625 4588 quodam
1641 4516 1741 4571 clerico

63 4606 167 4659 saeculo
183 4622 211 4661 rx
230 4607 386 4679 mediante,
402 4616 498 4666 auctas
511 4611 608 4668 fuisse.

102 4695 151 4747 Alii
164 4695 209 4748 sir
225 4713 282 4751 uon
297 4697 451 4754 innocuum
464 4700 580 4757 omnino
594 4703 845 4759 Pseudoisidorum
859 4702 939 4758 illum
951 4703 1089 4767 statuunt,
1104 4698 1179 4753 inter
1190 4712 1262 4768 quos
1275 4694 1445 4751 nominandi
1459 4700 1525 4751 suut
1536 4698 1569 4750 A.
1584 4696 1690 4753 Walter
1705 4698 1739 4768 (tt

62 4787 91 4836 et
105 4783 238 4838 ltosshirt
252 4784 298 4855 (il,
312 4786 360 4840 ille
379 4788 496 4860 Bonnae,
511 4790 706 4866 Heidelbergae
726 4794 770 4848 bic
790 4794 940 4866 professor.
954 4791 1057 4846 Censet
1069 4787 1176 4842 Walter
1188 4790 1334 4841 auctorem
1356 4789 1497 4852 nostrum,
1514 4801 1600 4856 quem
1620 4786 1740 4842 Benedi-

61 4874 145 4925 ctum
161 4871 288 4926 Levitam
299 4875 479 4933 collectorem
493 4879 804 4954 Pseudocapitularium
817 4882 904 4938 fuine
919 4877 1088 4950 suspicatur,
1103 4875 1218 4931 nonnisi
1232 4875 1430 4931 collectionem
1446 4890 1588 4929 canonum
1601 4874 1742 4948 integrans

64 4960 197 5014 Ecclesia
213 4959 391 5032 disciplinam
405 4966 645 5039 complectentem
659 4971 814 5027 intendisse
828 4977 857 5026 ct
871 4970 902 5026 in
916 4985 949 5025 ea
963 4966 1088 5024 maxime
1109 4966 1254 5035 institisse,
1269 4982 1333 5037 quae
1346 4967 1414 5019 tunc
1433 4963 1570 5035 temporis
1583 4964 1676 5037 magis
1688 4982 1740 5023 ne·

61 5051 259 5121 gligchantur.
274 5053 353 5110 ldem
366 5057 426 5113 fere
441 5058 580 5128 Rosshirt,
594 5059 643 5132 qui
658 5077 694 5116 ex
708 5061 804 5118 codice
825 5056 1031 5129 Bambergensi
1051 5072 1068 5110 a
1088 5071 1117 5110 se
1139 5054 1250 5110 detecto
1272 5070 1302 5109 se
1321 5053 1427 5108 eruisse
1447 5057 1540 5124 putat,
1556 5053 1741 5112 Mercatorsnr

61 5143 195 5195 nostrum
207 5143 285 5214 prius
298 5144 425 5202 confecta
439 5149 638 5220 utplurimum
652 5151 813 5224 apocrypha
827 5149 991 5207 adhibuisse
1003 5163 1068 5221 quae
1083 5146 1188 5201 Graece
1199 5142 1384 5218 potissimum
1401 5142 1520 5214 originis
1532 5143 1620 5200 fuisse
1634 5148 1739 5215 censet,

82 5349 136 5425 ll)
161 5347 275 5404 Antonii
298 5349 431 5421 Theioer,
454 5368 541 5425 quem
564 5373 582 5412 a
605 5356 694 5414 fratre
719 5357 879 5431 Augustino
975 5361 991 5414 3
1016 5352 1363 5424 Walter,liirchenrecht,
1380 5349 1598 5423 iniungre.

60 5415 223 5487 distinguas
252 5420 348 5489 velim,
374 5421 409 5478 de
437 5425 704 5484 pseudoisidoriana
735 5446 878 5486 canonum
964 5357 1001 5501 {ig
1016 5428 1047 5483 C.
1060 5428 1091 5483 T.
1107 5424 1251 5493 Rosshirt;
1268 5425 1326 5478 Von
1345 5422 1401 5477 deu
1420 5422 1548 5477 falscben
1562 5419 1739 5489 Decretalen,

59 5487 239 5545 ⁰⁰¹¹³⁰u⁰¹¹⁰·
252 5492 440 5564 Vfflffllaliaes
458 5498 536 5551 ¹827.
928 5499 1102 5570 Voranzeiga
1126 5494 1294 5567 Heidelberg
1311 5495 1388 5549 latr.
1403 5500 1452 5549 et:
1471 5495 1509 5548 Ζιι
1526 5490 1581 5545 den
1602 5488 1739 5546 liircheu-

99 5560 134 5627 ¹²]
149 5560 381 5641 Ahhandlungen
400 5566 451 5621 der
463 5567 592 5624 Berliner
603 5570 766 5626 Academia.
780 5572 876 5644 iabrg.
928 5570 1105 5628 reclrtlichen
1123 5566 1243 5633 Ouellan
1256 5564 1306 5620 des
1318 5566 1414 5619 ersten
1437 5559 1644 5642 fahrtuusends
1656 5578 1686 5617 u.
1702 5564 1742 5620 Ζιι

60 5630 132 5684 esst
146 5634 174 5685 et
191 5648 228 5711 Ιιιι
244 5632 389 5706 Soriguy's
407 5637 566 5695 zeitschrift
581 5640 675 5713 fttrge,
692 5642 878 5699 schicthche
928 5643 984 5700 den
1015 5637 1314 5698 pseudoisidorisehen
1351 5633 1529 5699 Decretalen,
1562 5630 1742 5709 ilerdelbcrg,

58 5699 369 5774 neocosmum,
402 5708 452 5763 so.
488 5708 521 5765 ιιι
552 5711 617 5769 neu
647 5714 678 5782 u,
707 5730 736 5786 p.
768 5716 818 5769 uo
849 5717 878 5768 er
930 5716 1008 5771 raes.

58 5786 140 5844 seqq.

263 5872 401 5945 Parnoi..
426 5876 541 5945 CXXX.
1525 5894 1547 5940 a

63 5928 195 6103 ahl
