3870 6150
57 219 112 276 aaa
676 208 911 276 tacuerimus
929 205 1123 276 missario.
1689 218 1741 276 ost

56 343 115 395 ne,
134 326 211 398 quod
231 340 352 382 suorum
371 323 456 382 salnti
473 332 644 399 congrueret
664 327 875 399 dispensatione
886 327 965 411 Acis
986 327 1185 398 hereticisque
1206 326 1370 400 suppositis,
1386 326 1430 383 vel
1454 327 1498 383 his
1520 327 1571 401 qui
1591 328 1741 384 heretico-

57 419 214 492 magnifiea
228 420 406 490 temperavit,
423 421 462 475 sic
474 420 633 477 actionibus
647 421 770 494 propriis
785 420 877 493 digni·
926 436 989 474 rum
1011 420 1184 475 tenebantur
1201 421 1402 476 communione
1424 421 1536 493 polluti,
1553 421 1638 478 etiam
1654 438 1743 478 sacre

57 513 223 584 tatibnsque
257 512 395 568 distinctis
428 513 519 569 officia
546 515 693 585 potestatis
728 513 876 585 utriusque
926 513 1071 584 religionis
1091 513 1121 569 in
1143 514 1301 570 sinceritate
1321 514 1433 586 polluti,
1453 514 1622 587 participem
1646 531 1740 583 saum,

56 606 201 673 discesit,
216 621 280 661 suos
293 606 389 662 volens
403 606 740 663 medicinalihumilitate
763 607 874 674 salvari,
926 614 985 662 tam
1007 607 1151 663 absolvere
1173 607 1373 679 nequiverunt,
1396 624 1483 680 quam
1504 608 1559 679 ipsi
1581 624 1639 664 non
1660 615 1743 665 erant

57 701 257 755 nonhumana
271 699 404 771 superbia
413 717 511 754 rursus
523 700 664 773 intercipi,
673 701 711 756 ita
722 705 753 755 ut
762 705 791 755 et
798 700 877 756 Chri·
926 700 1059 756 absoluti.
1074 702 1113 755 hc
1127 700 1246 772 proinde
1262 704 1322 756 tam
1338 700 1535 756 ecclesiastice
1547 702 1657 773 regule
1667 718 1740 774 pre·

57 793 145 848 stiani
171 793 358 865 imperatores
389 809 441 864 pro
475 798 583 849 eterna
611 794 668 849 vita
695 792 876 864 pontificibus
926 793 1096 849 varicatores
1119 811 1204 866 quam
1228 797 1415 849 sacrosancte
1437 795 1644 850 communionis
1665 795 1741 851 inte·

57 886 233 958 indigerent,
258 890 287 941 et
312 886 461 958 pontifices
487 903 538 959 pro
568 887 771 959 temporalium
792 903 876 941 cursu
926 887 1057 958 gritatem
1070 887 1248 942 maculantes
1261 887 1405 942 consortio
1420 887 1740 960 perfidorum,quodde

56 995 160 1034 rerum
175 979 369 1050 imperialibus
383 979 614 1051 dispositionibus
627 982 789 1047 uterentur,
805 996 875 1052 qua-
925 995 974 1034 reo
981 980 1125 1035 simillimo
1136 985 1292 1052 potuerunt
1304 981 1379 1035 ferre
1388 979 1538 1050 judicium.
1549 983 1587 1036 fle
1596 981 1742 1036 catholicis

59 1077 145 1127 teum
154 1072 286 1145 spiritalis
296 1073 564 1128 actioacamalibus
573 1073 691 1129 distaret
699 1073 874 1140 incursibus;
926 1073 1350 1145 enimpontiflcibuspertotnm
1358 1073 1742 1146 Orientem,autquicunqne

57 1169 88 1220 et
100 1164 167 1220 ideo
177 1165 371 1220 militansllco
382 1166 502 1221 minime
515 1183 544 1220 se
555 1165 678 1237 negotiis
691 1165 876 1221 secularibus
925 1166 1058 1237 perstitit,
1074 1173 1117 1222 est
1139 1168 1255 1238 ejectus,
1268 1170 1319 1222 aut
1339 1165 1387 1222 ille
1408 1167 1511 1222 restitit
1531 1166 1579 1238 qui
1602 1167 1743 1222 consensit

57 1257 230 1329 implicaret,
246 1275 278 1313 ac
292 1259 414 1314 vicissim
429 1275 487 1314 non
500 1259 546 1315 ille
563 1259 647 1315 rebus
661 1259 762 1315 divinis
776 1259 874 1331 presi·
890 1299 895 1306 .
927 1259 1026 1326 errori,
1035 1265 1064 1315 et
1074 1276 1102 1315 se
1113 1260 1149 1314 ab
1163 1260 1321 1315 errantium
1337 1259 1508 1330 contagione
1523 1260 1652 1315 retraxit.
1662 1260 1741 1325 Quod

56 1350 129 1406 dere
142 1351 296 1419 videretur,
313 1351 362 1423 qui
384 1355 458 1408 esset
480 1353 600 1424 negotiis
624 1352 805 1408 secularibus
821 1351 874 1407 im·
926 1352 1013 1423 igitur
1040 1369 1139 1408 eorum
1167 1353 1260 1423 potuit
1285 1353 1320 1406 de
1353 1353 1524 1425 cujusquam
1555 1368 1653 1409 errore
1680 1369 1742 1408 esse

56 1444 192 1515 plicatus,
202 1448 234 1499 ut
243 1446 273 1500 et
286 1445 426 1500 modestia
439 1445 586 1517 utriusque
598 1445 706 1501 ordinis
718 1447 873 1513 curaretur,
921 1445 1072 1515 judicium,
1087 1447 1137 1518 qni
1158 1462 1305 1518 nunquam
1319 1462 1378 1501 non
1400 1462 1511 1501 errasse
1533 1450 1741 1516 monstrantur,

58 1554 95 1593 ne
103 1538 290 1593 extolleretur
299 1543 420 1610 utroque
433 1538 565 1593 suffultus
571 1556 581 1607 ;
595 1542 623 1594 et
635 1543 800 1610 competens
810 1554 876 1610 qua·
926 1539 973 1593 sed
1003 1539 1202 1594 hereticorum
1228 1539 1357 1595 similiter
1384 1539 1646 1612 catholicorumque
1672 1556 1741 1595 con·

56 1630 187 1686 litatibus
206 1631 349 1686 actionum
373 1632 535 1703 specialiter
555 1631 694 1704 professio
718 1634 873 1704 aptaretur.
925 1632 1048 1688 fassione
1068 1632 1206 1704 permista
1225 1636 1341 1687 cunctas
1364 1632 1512 1703 religionis
1535 1649 1611 1688 vere
1633 1637 1662 1689 et
1683 1633 1740 1688 sin·

56 1723 168 1788 Quibus
179 1724 311 1779 omnibns
325 1724 379 1779 rita
398 1725 523 1780 collectis
536 1725 603 1779 satis
615 1724 763 1780 evidenter
776 1730 873 1781 osten·
884 1705 913 1778 Β
925 1742 996 1782 cere
1007 1725 1412 1792 sedeaturbasse,catholicam
1423 1725 1664 1799 apostolicamque
1675 1742 1742 1782 con·

57 1817 165 1872 ditura
179 1817 309 1872 wenlari
330 1822 480 1889 potestate,
498 1833 549 1872 nec
572 1817 656 1889 ligari
680 1833 806 1889 prorsus,
823 1832 875 1872 nec
925 1818 1032 1874 fudisse
1046 1820 1209 1890 puritatem.
1224 1821 1294 1875 Ecca
1308 1819 1358 1891 qni
1376 1835 1457 1874 reum
1472 1819 1627 1889 absolvere,
1638 1821 1740 1892 quirei

57 1910 128 1965 solvi
143 1926 227 1982 posse
240 1909 415 1981 pontificem.
433 1911 494 1974 Quo
508 1910 686 1966 manifestius
703 1910 875 1983 approbatur
924 1928 984 1984 pre
1000 1911 1132 1967 omnibus
1153 1912 1329 1967 docebantur
1351 1911 1451 1967 effecti.
1468 1913 1538 1967 Ecca
1558 1928 1624 1967 cum
1636 1913 1740 1984 quibus

56 2003 287 2059 Alexandrinum
303 2003 667 2076 Petrumperimparialem
677 2004 875 2060 tantammodo
924 2005 959 2061 de
972 2005 1144 2061 absolvendo
1159 2022 1210 2061 reo
1226 2006 1349 2077 synodus
1363 2006 1456 2061 fuerat
1478 2005 1614 2062 ineunda.
1629 2006 1657 2062 Si
1672 2006 1742 2062 fides

57 2097 417 2153 sententiamnullomodo
431 2097 557 2169 potuisse
572 2096 876 2169 prorsusabsolvi;ubi
925 2103 953 2155 et
974 2099 1140 2154 communio
1164 2099 1304 2155 catholica
1328 2099 1516 2167 retinebatur,
1538 2115 1590 2155 cnr
1610 2099 1742 2155 catholici

56 2190 81 2245 si
98 2191 268 2262 pontificum
288 2207 400 2264 quoque
423 2191 545 2246 sociatur
562 2207 702 2259 assensus,
721 2191 876 2262 querimus
925 2192 1103 2265 pellebantur
1117 2193 1269 2263 antistites,
1285 2193 1431 2264 quomodo
1442 2192 1641 2249 tantummodo
1652 2193 1742 2249 here·

57 2288 159 2340 atnam
184 2285 363 2356 processerit,
386 2301 423 2340 an
446 2285 533 2341 fuerit
557 2285 732 2340 subsecutus.
755 2284 785 2340 Si
807 2284 874 2340 sub·
924 2286 1191 2342 ticiservabantur‘l

57 2382 175 2433 secutus
197 2384 239 2433 est
260 2379 446 2435 nihilominus
469 2379 505 2435 ad
528 2379 558 2433 id
580 2378 721 2448 redditur,
739 2384 770 2434 ut
790 2378 874 2433 abso·
924 2405 989 2459 pem
1010 2402 1124 2472 epistola
1145 2402 1246 2459 ΜΝ·
1265 2416 1345 2472 papa,
1367 2402 1405 2457 ,up
1425 2404 1556 2460 pamm
1580 2407 1741 2473 mmmm

57 2470 129 2526 latio
155 2471 281 2526 seculari
302 2475 441 2544 potestate
465 2476 607 2543 precepta
629 2476 658 2527 et
682 2471 876 2543 principaliter
995 2476 1152 2543 fungentem
1164 2474 1307 2543 legationis
1321 2475 1410 2542 officio
1426 2476 1668 2546 Constantinopoli.

56 2562 195 2619 inchoata
207 2565 301 2619 valere
320 2582 380 2621 non
398 2565 498 2637 possit,
513 2564 741 2637 pontificumque
762 2569 875 2620 secutus
960 2567 1019 2638 Ego
1034 2581 1149 2638 quaqua
1163 2570 1259 2621 mente
1281 2565 1394 2637 percepi
1415 2566 1528 2623 Grecos
1541 2568 1572 2622 in
1585 2585 1638 2624 sua
1651 2569 1739 2624 obsti·

56 2673 193 2712 assensus
215 2657 388 2713 adulationis
407 2659 503 2731 potius
517 2658 614 2726 fuerit,
629 2674 715 2730 quam
737 2658 875 2730 legitime
925 2659 1038 2715 natione
1060 2674 1222 2728 mansuros,
1237 2675 1274 2713 ne
1294 2659 1339 2713 cai
1359 2660 1436 2714 velut
1454 2660 1631 2732 insperatum
1651 2661 1740 2718 videri

57 2750 224 2805 sanctionis.
249 2750 276 2807 Si
298 2751 450 2822 precessit,
464 2751 600 2807 doceatur
618 2768 635 2806 a
656 2751 760 2823 quibus
780 2754 809 2807 et
824 2751 876 2806 ubi
925 2751 1740 2826 potest,quodestinantepreeognitum.0uapropternon

58 2841 106 2898 ille
133 2843 171 2897 sit
201 2849 306 2914 gestus,
333 2845 356 2899 si
385 2845 542 2900 secundnm
580 2845 708 2901 Ecclesia
745 2846 876 2917 regulam
925 2851 985 2902 tam
1000 2849 1119 2918 propter
1131 2844 1284 2916 legationis
1301 2861 1400 2900 causas
1420 2846 1535 2901 student
1548 2846 1740 2919 dispositioni-

58 2935 230 3006 oelebratus,
247 2937 270 2991 si
292 2943 410 3010 paterna
432 2938 584 2993 traditione
604 2938 759 3010 profectus,
774 2939 797 2993 si
814 2955 875 2994 ma·
925 2939 978 2995 bus
992 2938 1114 3011 publicis
1127 2938 1252 3007 obviare,
1266 2938 1316 2993 sed
1338 2938 1435 3010 potius
1448 2955 1500 3010 per
1514 2939 1690 2997 occasionem
1703 2942 1744 2996 le·

52 3029 155 3100 jorum
170 3045 250 3085 more
272 3031 410 3102 prolatus,
426 3032 449 3087 si
470 3031 642 3104 competenti
666 3031 876 3088 examinatione
926 3033 1046 3104 gationis
1059 3032 1146 3103 regie
1155 3031 1324 3087 catholicam
1336 3030 1424 3087 fidem
1431 3032 1591 3088 moliuntur
1601 3040 1741 3107 evertere,

57 3123 259 3195 depromptus.
283 3123 336 3179 Ubi
360 3125 458 3196 procul
483 3124 571 3180 dubio
593 3126 797 3197 requirendum
822 3073 913 3193 est,C
926 3129 955 3180 et
973 3126 1023 3181 tali
1039 3127 1201 3180 commento
1223 3124 1354 3178 nituntur
1373 3131 1488 3195 sperata
1509 3132 1653 3197 prestare.
1670 3128 1743 3193 Quid

56 3216 81 3271 si
113 3217 244 3288 synodali
281 3219 502 3290 congregatione
539 3218 705 3285 celebratus,
737 3218 816 3291 quod
846 3218 877 3274 in
927 3219 979 3275 sihi
990 3219 1051 3273 vult
1062 3222 1158 3273 autem
1170 3216 1245 3288 qnod
1260 3217 1364 3272 dixerit
1376 3217 1662 3289 imperator‚anobis
1674 3222 1742 3277 sain

58 3310 227 3382 receptione
251 3311 391 3379 damnari,
412 3317 441 3367 et
463 3312 629 3384 depulsione
652 3312 792 3382 catholici,
811 3311 878 3384 quia
927 3312 1067 3384 religione
1081 3311 1334 3378 damnatum,cum
1347 3311 1744 3384 superhacparteetprede·

59 3419 136 3459 nova
148 3407 192 3459 est
206 3421 299 3476 causa,
313 3405 375 3460 fieri
390 3406 580 3461 certissimum
595 3409 651 3472 est;
668 3406 691 3462 si
704 3407 739 3462 ad
753 3407 877 3478 primam
927 3421 1109 3462 cessormeus
1115 3420 1173 3460 non
1183 3404 1277 3459 solum
1284 3404 1403 3459 minime
1411 3420 1521 3458 nomen
1531 3405 1592 3476 ejus
1602 3405 1742 3478 attigerit,

60 3497 173 3566 sedem,
208 3498 288 3569 cujus
324 3500 462 3555 intererat
495 3501 652 3567 sententie,
685 3516 742 3572 qua
780 3501 878 3555 Petrus
927 3500 977 3555 sed
1003 3499 1119 3569 insuper
1139 3497 1254 3569 qnando
1278 3495 1418 3570 principia
1439 3496 1559 3568 adeptas
1579 3499 1668 3570 regie
1689 3517 1741 3572 po·

60 3591 224 3661 tenebatur,
238 3591 400 3662 obstrietus,
416 3597 446 3648 et
457 3594 614 3649 secundum
629 3594 741 3666 regulas
754 3597 797 3648 est
809 3595 880 3649 rela-
927 3594 1037 3649 testatis
1058 3590 1192 3658 exercuit,
1205 3591 1234 3645 in
1254 3591 1314 3663 ejus
1331 3606 1360 3645 se
1382 3589 1527 3662 rescripsit
1545 3592 1661 3663 imperii
1673 3610 1741 3665 pro·

61 3690 125 3740 tum
136 3701 143 3752 ;
156 3685 180 3740 si
190 3686 289 3742 eadem
303 3703 367 3758 que
380 3687 487 3758 ligavit,
497 3687 631 3757 absolvit;
642 3687 665 3742 si
678 3688 727 3742 illa
741 3703 807 3760 que
819 3704 878 3743 non
929 3686 1056 3742 motione
1073 3685 1205 3757 gaudere,
1222 3687 1250 3738 et
1264 3700 1319 3755 ego
1334 3683 1414 3738 nulla
1426 3683 1516 3756 ipsius
1528 3701 1657 3758 uuquam
1672 3687 1742 3743 scri·

61 3778 201 3850 ligaverat
219 3781 386 3848 resolvente,
399 3780 460 3836 imo
474 3780 562 3835 etiam
582 3781 724 3836 nesciente
743 3781 879 3853 potuisset
928 3786 977 3852 pta
997 3778 1158 3852 percipiens
1178 3777 1340 3833 honorificis
1354 3777 1458 3833 nostris
1470 3793 1537 3832 eum
1553 3779 1655 3834 litteris
1669 3781 1742 3837 salu·

62 3869 188 3926 dissolvi.
203 3872 231 3928 Si
245 3873 306 3928 hec
320 3878 397 3944 gesta
410 3890 467 3929 nou
482 3878 558 3941 sunt,
573 3890 630 3947 quo
648 3890 737 3942 more,
751 3891 808 3946 quo
822 3873 879 3929 ritu
927 3877 990 3929 tare
1003 3870 1181 3928 curaverim?
1194 3872 1418 3927 Predecessores
1439 3872 1499 3926 mei
1520 3872 1679 3929 sacerdotes
1694 3875 1744 3946 qui

60 3963 270 4020 Alexandrinus
298 3968 398 4022 Petrus
420 3967 610 4039 pretenditur
633 3967 790 4038 absolutus,
814 3980 885 4022 cum·
928 3963 1191 4040 prevaricatoribus
1215 3981 1244 4020 se
1276 3964 1501 4020 communicasse
1531 3966 1650 4038 propria
1675 3984 1744 4024 voce

61 4073 116 4113 nec
130 4074 147 4112 a
162 4057 343 4129 pontificibus
358 4060 497 4131 legitime,
514 4066 542 4116 et
559 4061 754 4117 ecclesiasticis
768 4061 880 4134 legibus
928 4059 1140 4128 confessisunt,
1154 4075 1171 4112 a
1187 4058 1389 4114 commuuione
1403 4074 1452 4114 eos
1464 4059 1619 4130 apostolica
1632 4059 1745 4118 submo-

58 4150 151 4207 fuerit
169 4153 324 4224 expeditus,
339 4169 391 4209 nec
409 4170 426 4208 a
441 4154 568 4209 seculari
593 4157 734 4227 potestate
757 4155 880 4227 potuerit
929 4159 1038 4210 verunt.
1055 4153 1083 4209 Si
1098 4153 1137 4207 ita
1148 4152 1241 4225 placet
1256 4167 1286 4207 se
1299 4151 1417 4207 miscere
1430 4153 1580 4222 damnatis,
1593 4154 1675 4210 nobis
1687 4171 1746 4212 non

60 4250 167 4316 preter
187 4245 316 4301 Ecclesiae
337 4247 480 4303 tramitem
502 4264 619 4320 prorsus
639 4247 771 4302 absolvi?
788 4249 879 4304 Tanto
928 4251 1023 4321 potest
1048 4245 1182 4318 imputari
1210 4246 1233 4300 si
1257 4246 1292 4301 ab
1318 4246 1360 4301 eis
1383 4246 1452 4301 velit
1478 4246 1640 4316 abscedere,
1667 4251 1746 4305 tanto

60 4337 158 4410 magis
170 4339 296 4410 poscenti
311 4339 505 4412 imperatoria
519 4341 699 4413 pontificibus
712 4342 806 4397 fuerat
816 4358 880 4413 sug·
930 4342 1023 4413 magis
1035 4359 1052 4395 a
1064 4340 1147 4395 nobis
1161 4356 1220 4395 nou
1235 4342 1401 4411 potestesse
1415 4338 1575 4408 damnatus,
1587 4341 1637 4397 sed
1651 4344 1746 4414 potius

61 4430 236 4503 gerendum,
246 4435 278 4488 ut
286 4433 309 4488 si
322 4450 388 4489 eum
400 4434 619 4507 legitimevellet
632 4435 738 4491 absolvi
750 4435 920 4512 legitimaD
932 4435 967 4490 ad
980 4433 1102 4506 gretiam
1121 4432 1240 4487 sincere
1254 4432 1463 4488 communionis
1479 4433 1630 4490 admissus.
1645 4434 1688 4490 Ad
1702 4452 1746 4492 se·

60 4524 248 4582 ecclesiastici
274 4528 382 4583 tenoris
408 4528 549 4584 absolutio
570 4528 741 4600 proveniret,
763 4533 793 4583 et
820 4529 881 4584 hec
930 4530 1031 4583 natum
1053 4525 1179 4597 pertinet
1201 4526 1371 4594 Romanum,
1385 4528 1418 4580 nt
1439 4541 1553 4581 memor
1574 4526 1641 4582 fidei
1660 4544 1745 4600 quam

61 4619 164 4674 omnia
178 4636 242 4692 que
255 4621 384 4693 superius
398 4622 472 4678 dicta
491 4628 557 4678 sunt
574 4623 731 4679 secundum
749 4623 880 4679 Ecclesia
932 4638 949 4676 a
980 4619 1146 4692 parentibus
1182 4634 1211 4673 se
1248 4617 1403 4689 suscepisse
1440 4619 1585 4688 meminit,
1617 4624 1748 4696 contagia

62 4712 215 4767 tramitem
236 4720 439 4771 servarentur:
457 4716 727 4788 precipaecnmde
748 4715 881 4771 secunde
931 4714 1001 4770 vitet
1021 4711 1231 4768 communionis
1252 4717 1386 4779 externe,
1410 4727 1504 4784 neque
1531 4713 1568 4768 ob
1588 4714 1642 4770 hoc
1665 4724 1746 4772 com-v

61 4804 142 4859 sedis
161 4808 297 4877 ageretur
313 4807 448 4877 antistite,
463 4825 518 4864 nee
537 4809 574 4864 ab
592 4809 724 4865 inferiore
745 4809 880 4882 qualibet,
931 4807 1077 4864 munionis
1100 4805 1176 4861 sedis
1199 4804 1358 4877 apostolice
1383 4804 1471 4877 (quob
1504 4807 1587 4880 absit)
1610 4809 1747 4867 reddatur

63 4897 114 4953 sed
124 4899 243 4971 aprima
253 4901 318 4956 sede
329 4902 396 4972 jure
410 4903 500 4974 possit
513 4903 629 4959 absolvi.
643 4902 764 4959 inferior
775 4902 881 4976 quippe
932 4905 1074 4969 externus,
1089 4903 1119 4955 et
1129 4898 1240 4955 veniam
1252 4897 1305 4953 sibi
1317 4897 1380 4953 dari
1396 4897 1501 4955 debere
1519 4907 1680 4973 praeponat.
1693 4905 1745 4961 Le·

61 4991 211 5065 podorem
239 4994 386 5050 absolvere
409 5012 467 5051 non
491 4999 593 5068 potest,
615 4998 675 5052 sola
698 5012 766 5069 ergo
788 4997 883 5069 potior
933 4999 1026 5067 gatur,
1042 5011 1144 5067 eiquo
1161 4998 1204 5049 est
1220 4991 1501 5064 religioChristiana‚
1515 4996 1559 5050 vel
1573 5000 1649 5053 certe
1663 4998 1748 5054 detur

62 5084 232 5142 inferiorem
245 5090 447 5145 convenienter
458 5090 587 5146 absolvit.
603 5090 726 5147 Proinde
740 5089 883 5146 inferioris
934 5088 1095 5161 exemplum
1108 5087 1138 5143 iu
1150 5087 1270 5143 Ecclesia
1282 5087 1331 5141 bei
1344 5086 1544 5159 aquibnslibet
1556 5091 1747 5164 pontificibus,

64 5178 121 5235 loci
136 5180 284 5251 pontifices
299 5183 349 5256 qui
370 5185 575 5240 nullatenusse
589 5189 726 5241 noverant
743 5183 883 5257 potiorem
932 5187 981 5238 aut
1003 5182 1038 5237 ab
1060 5182 1129 5254 ipsis
1150 5181 1296 5253 apostolis,
1319 5181 1354 5236 ab
1375 5178 1437 5253 ipso
1459 5181 1583 5254 denique
1605 5183 1747 5241 Salvatore
1812 5167 1816 5173 ¹

63 5271 124 5328 sibi
137 5273 197 5331 sine
208 5276 301 5347 prima
313 5276 382 5332 seda
392 5294 472 5349 posse
483 5279 633 5347 resolvere,
643 5277 784 5352 precipue
795 5294 882 5351 quem
933 5275 1043 5332 veniam
1058 5291 1116 5331 non
1135 5273 1343 5346 corrigentibus
1364 5274 1449 5330 fuisse
1470 5291 1640 5331 concessam.
1658 5277 1748 5334 Audi·

63 5365 131 5439 ejus
145 5369 286 5425 sententia
306 5377 444 5428 noverant
468 5372 637 5444 obligatum,
654 5371 884 5445 prevaricatoria
934 5375 995 5426 tum
1007 5372 1103 5425 autem
1125 5369 1176 5424 sub
1190 5368 1252 5439 ipso
1274 5367 1355 5437 celo,
1370 5384 1423 5423 nec
1437 5367 1543 5440 legitur
1560 5369 1680 5425 omniuo
1696 5388 1749 5429 nec

63 5459 247 5520 absolutione
274 5465 368 5536 potius
396 5483 453 5521 non
479 5466 559 5521 illurn
589 5466 703 5538 penitus
734 5468 882 5530 exueruut,
934 5464 1048 5533 dicitnr,
1065 5461 1141 5536 qnod
1164 5477 1264 5517 eorum
1278 5477 1348 5517 voce
1373 5461 1563 5532 depromitur,
1577 5463 1645 5518 flate
1669 5464 1750 5521 nobis

65 5554 118 5609 sed
147 5555 378 5628 prevaricatione
400 5549 508 5632 ¹potius
540 5563 709 5615 nexuerunt.
740 5559 780 5614 lta
809 5557 883 5614 Petri
934 5557 1057 5625 veniam,
1073 5558 1105 5611 ut
1122 5558 1302 5612 tantumnos
1316 5555 1455 5610 inerrare
1471 5555 1615 5611 duremus.
1630 5558 1660 5613 ld
1674 5575 1748 5630 quo·

63 5647 211 5705 absolutio
249 5666 283 5706 ar
319 5657 439 5725 utroque
477 5670 532 5708 non
573 5657 691 5721 constat,
729 5652 796 5725 qaia
833 5667 884 5708 nec
933 5667 990 5724 que
1003 5667 1107 5723 parum
1120 5653 1173 5706 est.
1189 5646 1409 5720 ostendantqui
1425 5647 1641 5706 nobiscanones
1656 5651 1750 5710 nitun-

64 5742 299 5814 prevaricatoria
315 5745 494 5802 absolutione
510 5747 553 5803 rei
571 5763 654 5803 reum
672 5747 818 5803 absolvere
831 5762 883 5819 po·
935 5752 981 5800 tur
991 5760 1146 5817 opponere,
1161 5742 1266 5815 quibus
1278 5742 1333 5797 hoc
1343 5740 1776 5814 ansuinusumnssssgms,

64 5839 244 5903 fomentat
268 5839 390 5911 depulsis
413 5840 540 5911 undique
564 5840 746 5913 pontificibus
766 5839 883 5898 catholi·
936 5857 994 5918 qua
1016 5840 1156 5909 lectione,
1170 5854 1268 5913 quove
1287 5835 1487 5904 documento,
1501 5835 1568 5888 ime
1591 5850 1615 5886 a
1630 5831 1807 5898 messianus
