3870 6150
68 258 113 310 tut
527 256 529 261 '
688 259 928 316 DECRETALlUll
946 260 1140 317 cuthberto.
1701 272 1751 323 tut

66 363 133 433 quia
145 363 219 417 mihi
234 362 419 419 inclinabitur
431 381 514 421 omne
530 382 616 437 genu,
630 371 659 420 et
674 369 768 422 omnis
784 368 883 438 lingua
894 369 1015 455 Abetur
1030 386 1037 422 ε
1051 392 1065 418 «
1087 369 1217 424 Miserere
1236 371 1317 426 nobis
1334 372 1409 427 Deus
1431 372 1563 426 omnium
1583 375 1613 426 ct
1633 373 1752 428 ostende

66 455 252 511 confitebitur
264 474 316 529 per
330 459 494 527 Dominum,
506 460 602 515 diceus
614 477 620 514 :
631 460 744 517 lustitia
755 464 783 515 et
792 461 884 532 gloria
935 461 1017 516 nobis
1029 463 1125 518 lumen
1139 460 1338 532 miserationis,
1354 465 1513 520 etimmittc
1524 465 1658 520 timorem
1669 469 1751 521 tuum

66 549 100 602 ad
114 565 183 603 eum
195 550 302 605 veniet.
317 573 331 601 »
349 555 382 608 Et
392 557 424 608 ut
438 552 468 607 in
482 553 536 609 hoc
549 552 715 608 testimonio
728 555 842 608 Patrem
857 557 886 609 et
935 571 1020 626 super
1034 558 1145 627 gentes,
1158 555 1207 627 qui
1217 557 1480 628 nonerquisieruut
1491 561 1528 626 tc,
1538 561 1752 629 utcognoscant

65 641 166 696 Filium
183 642 272 697 simul
290 642 378 700 tuisse
397 647 572 718 cognoscatis
589 647 709 702 Paulum
723 647 884 719 apostolum
933 646 1066 719 quianon
1077 653 1119 703 est
1131 648 1203 703 alius
1216 648 1289 704 Deus
1299 649 1355 704 nisi
1364 655 1404 706 tu.
1416 672 1430 700 u
1438 652 1508 705 Item
1517 650 1583 705 alibi
1593 668 1599 705 :
1610 651 1751 706 «Domina

65 735 159 789 audite
170 734 416 794 dicentemzuUt
428 739 595 806 innomine,
608 739 787 810 inquit,lesu
798 756 883 795 omne
933 741 1006 794 Deus
1026 742 1121 807 lsrael,
1143 744 1263 796 nonest
1286 740 1335 796 tibi
1359 742 1458 797 similis
1486 742 1516 797 in
1536 744 1605 798 coelo
1627 760 1750 812 sursum,

64 827 882 903 genuilectatnrcoelestium,terrestrium,etinternorum,
933 849 1025 905 neque
1038 833 1068 888 in
1079 837 1155 889 terra
1170 834 1313 889 deorsum.
1328 856 1342 884 tt
1363 835 1398 890 Et
1409 834 1439 888 in
1452 832 1562 905 psalmo
1573 835 1695 907 septimo
1703 837 1752 892 dc·

64 921 193 975 etomnis
201 921 301 994 lingua
308 925 488 995 confiteatur,
498 925 566 997 quia
574 926 797 983 Dominuslosus
805 926 883 982 Chri·
932 926 1006 981 cimo
1021 944 1027 980 :
1045 949 1059 976 u
1075 927 1216 992 Quoniam
1234 927 1297 998 quis
1313 928 1389 983 Deus
1401 932 1506 999 prester
1522 928 1686 1000 Dominum,
1701 931 1753 984 aut

64 1019 119 1068 stus
134 1015 165 1069 in
180 1016 333 1086 gloriaest
346 1018 397 1074 Dei
411 1019 501 1074 Patris
514 1019 728 1092 omnipotentis.
743 1019 882 1084 »Quodsi
933 1020 997 1090 quis
1013 1019 1094 1089 Deus,
1111 1024 1217 1092 prater
1232 1021 1321 1075 Deum
1342 1024 1482 1075 nostrum.
1500 1041 1514 1070 »
1534 1021 1569 1074 Et
1580 1021 1610 1075 in
1625 1021 1725 1078 Genesi
1742 1038 1749 1076 :

64 1108 222 1163 secundum
230 1110 880 1185 aliquosFiliusestminorPatresuo,ergomi·
934 1133 948 1164 u
962 1114 995 1169 Et
1003 1113 1245 1184 pluitllominusa
1256 1112 1375 1169 Domino
1387 1114 1486 1186 ignem
1499 1116 1528 1167 et
1538 1112 1659 1185 sulphur
1665 1130 1751 1186 super

64 1205 159 1256 rorata
166 1200 235 1276 23
247 1209 290 1260 est
296 1203 419 1276 etgloria
428 1206 554 1260 Patrisin
566 1206 643 1261 Filio.
651 1209 684 1263 Et
692 1206 740 1260 ubi
750 1210 794 1260 est
803 1205 881 1277 quod
932 1205 1084 1261 Sodomam
1100 1211 1128 1262 et
1140 1207 1329 1262 Gomorrham
1349 1213 1377 1262 et
1392 1207 1494 1262 evertit
1511 1205 1638 1262 civitates
1649 1205 1721 1263 illas.
1735 1229 1749 1257 »

62 1293 89 1346 in
102 1294 258 1352 womone
267 1296 410 1368 Scriptura
416 1297 541 1370 loquitur
550 1298 647 1354 dicens
659 1317 666 1354 ε
686 1321 700 1348 «
715 1298 793 1355 Sicut
803 1297 881 1353 enim
932 1299 961 1354 Si
975 1299 1050 1354 solus
1062 1301 1146 1355 Pater
1159 1300 1234 1355 Deus
1247 1305 1299 1369 est,
1316 1301 1380 1373 quis
1395 1300 1468 1372 pluit
1482 1298 1581 1372 ignem
1594 1303 1622 1355 et
1631 1300 1752 1372 sulphur

8 1420 10 1427 =
63 1386 249 1459 inconspectu
260 1389 879 1463 eorum,inquit,magnificatuscstinnobis,
931 1409 1014 1464 supra
1029 1391 1178 1465 praedictas
1196 1392 1332 1464 civitates,
1354 1396 1388 1449 ut
1407 1409 1454 1448 cas
1468 1393 1624 1449 everteret?
1637 1393 1749 1463 Quaeso,

8 1466 16 1559 ’ξ
64 1479 138 1534 itain
154 1487 315 1554 conspectu
329 1487 426 1539 nostro
441 1484 710 1555 magnificaberisin
723 1484 777 1540 illis
791 1489 822 1539 ut
836 1501 881 1539 co·
930 1485 1749 1557 respondalitinllcuteronomio:«Dominussolusdedu-

8 1564 16 1627 l
68 1578 203 1644 gnoscant
218 1577 248 1630 te
263 1575 336 1631 sicut
350 1580 379 1631 et
392 1594 444 1632 nos
457 1578 653 1651 cognovimus,
667 1578 806 1649 quoniam
823 1594 880 1632 non
930 1579 1014 1633 cebat
1024 1595 1072 1633 cos
1082 1583 1178 1634 etnon
1189 1579 1244 1634 fuit
1256 1597 1320 1635 cum
1333 1580 1387 1635 illis
1399 1580 1472 1635 Deus
1483 1579 1602 1635 ebenus.
1613 1601 1627 1629 »
1639 1584 1667 1635 et
1676 1580 1748 1635 Pau·

68 1671 104 1720 est
116 1667 193 1722 Deus
208 1671 319 1740 prater
331 1675 370 1740 te,
380 1670 518 1727 Domine?
533 1693 547 1720 »
560 1671 715 1743 Diligenter
725 1671 841 1726 attendo
851 1674 880 1726 et
929 1669 972 1723 lus
987 1669 1131 1741 apostolus
1147 1688 1153 1724 :
1170 1692 1183 1720 ι(
1199 1671 1276 1726 Unus
1297 1671 1371 1726 [leus
1388 1670 1438 1743 qui
1451 1669 1587 1741 justificat
1600 1668 1748 1725 circumci-

71 1776 184 1832 agnosce
197 1762 304 1817 Filium
321 1764 449 1836 assequi
466 1763 697 1837 magnificabitur
716 1765 746 1819 in
756 1764 877 1835 judicio,
889 1751 917 1825 B
929 1761 1039 1817 sionem
1055 1779 1089 1818 er
1111 1762 1176 1830 lide,
1199 1766 1227 1818 et
1247 1763 1421 1835 praeputium
1437 1779 1489 1835 per
1509 1763 1612 1830 ssdcm;
1633 1784 1647 1814 u
1664 1765 1693 1816 et
1710 1760 1748 1818 ad

72 1853 128 1908 dum
141 1855 259 1911 venerit
272 1856 350 1912 rivos
363 1861 393 1912 et
403 1863 529 1913 mortuos
539 1858 679 1929 judicare.
688 1859 758 1912 Item
769 1858 852 1912 isaias
870 1874 876 1912 :
928 1855 1090 1910 Corinthios
1105 1873 1112 1910 ι
1129 1879 1141 1904 (ι
1160 1856 1231 1911 Deus
1244 1859 1304 1912 erat
1318 1857 1348 1910 in
1360 1855 1472 1912 Christo
1487 1855 1632 1910 mnndum
1646 1870 1745 1911 recon-

74 1948 192 2003 «tudite
205 1949 310 2005 domus
320 1950 416 2020 Jacob,
435 1953 464 2005 et
477 1951 583 2006 residui
604 1951 705 2007 domus
717 1951 812 2022 lsrael,
830 1949 878 2023 qui
928 1947 1025 2002 cilians
1038 1948 1107 2018 sibi3
1123 1969 1136 1999 a
1154 1952 1181 2003 ct
1194 1949 1316 2004 iterum:
1327 1949 1412 2003 «Nou
1421 1952 1462 2003 cst
1474 1949 1549 2002 lleus
1562 1947 1616 2002 nisi
1629 1962 1718 2013 nnus;
1729 1968 1744 1997 a

72 2040 238 2110 egredimini
250 2059 282 2097 cr
295 2047 376 2100 utero
395 2048 424 2099 et
437 2044 589 2100 erudimini
608 2062 625 2099 a
640 2061 728 2116 puero
740 2045 878 2116 usquead
928 2043 957 2095 et
966 2040 1002 2094 ad
1012 2040 1142 2095 Galatas:
1156 2062 1169 2090 u
1180 2040 1316 2095 Mediator
1331 2043 1427 2096 autem
1436 2038 1521 2095 unius
1535 2041 1658 2107 nonest,
1672 2039 1746 2093 lleus

71 2135 300 2191 senectutemlb
311 2136 393 2192 initio
402 2153 455 2209 ego
463 2155 526 2193 sum
538 2143 566 2193 et
573 2154 721 2211 quousque
727 2137 878 2193 senescatis
928 2136 1024 2189 autem
1035 2149 1108 2189 unus
1117 2139 1173 2200 est;
1186 2152 1200 2184 o
1212 2135 1241 2188 et
1250 2133 1389 2188 unitatem
1399 2132 1488 2188 Patris
1499 2135 1527 2188 et
1540 2131 1613 2200 Filii,
1625 2133 1654 2186 et
1663 2131 1748 2203 Spiri-

71 2239 114 2295 ego
123 2242 203 2282 sum.
214 2227 272 2300 Ego
281 2243 332 2285 vos
345 2228 400 2284 ieci
410 2233 439 2285 et
447 2246 503 2302 ego
514 2230 651 2301 sustineo,
659 2231 875 2304 egoremittam
927 2230 973 2280 tus
985 2226 1073 2281 sancti
1084 2226 1291 2294 demonstrans,
1302 2224 1430 2298 Ephesiis
1441 2224 1575 2290 scribens,
1587 2223 1627 2280 ita
1641 2223 1746 2279 contir-

69 2319 285 2392 egosuscipiam,
294 2322 539 2379 dicitllominus.»
550 2325 585 2378 Et
594 2324 699 2380 iterum
708 2342 714 2381 :
723 2347 737 2376 α
746 2326 805 2397 Ego
813 2340 877 2380 sum
927 2321 989 2374 mat
1002 2337 1009 2374 ε
1025 2340 1039 2368 «
1048 2317 1351 2375 Sullerentcsinvicem
1365 2319 1394 2373 in
1407 2317 1556 2386 charitate,
1567 2315 1682 2372 solliciti
1691 2331 1747 2371 aar·

68 2410 199 2467 Dominus
211 2414 297 2485 Dens,
321 2421 426 2488 praetar
441 2432 489 2471 me
503 2433 563 2472 non
578 2417 707 2472 astallus
726 2419 809 2486 Deus,
824 2434 875 2473 an-
926 2416 990 2467 vate
1000 2413 1139 2468 unitatem
1152 2412 1268 2485 spiritus
1278 2413 1310 2467 in
1319 2411 1432 2467 vinculo
1442 2411 1527 2484 pacis.
1540 2411 1634 2467 Unum
1645 2425 1748 2482 corpus

10 2534 12 2541 ·
65 2506 195 2561 nandans
204 2508 361 2563 novissima
376 2509 541 2583 priusquam
556 2510 634 2578 fiant,
649 2514 679 2565 ct
691 2511 787 2566 statim
808 2527 876 2566 con·
928 2508 956 2561 at
970 2521 1043 2560 unus
1058 2505 1182 2577 spiritus,
1197 2505 1270 2560 sicut
1286 2505 1378 2561 vocati
1396 2504 1464 2560 estis
1481 2504 1512 2559 in
1525 2520 1583 2559 nna
1600 2519 1649 2575 spe
1664 2519 1745 2558 voca·

63 2603 201 2654 mmmata
222 2605 300 2656 sunt.
321 2622 335 2650 υ
349 2603 426 2669 ,Ιῑθιη
449 2602 538 2657 alibi:
561 2624 575 2652 u
593 2603 667 2659 Audi
687 2619 734 2658 mc
751 2604 834 2660 iacob
849 2608 878 2659 et
927 2598 1012 2654 tionis
1025 2604 1135 2668 vestrae,
1152 2615 1227 2654 unus
1237 2596 1580 2669 beus,unatldes,unum
1594 2595 1746 2668 baptisma,

60 2690 150 2757 lsrael,
174 2693 314 2764 qnoniam
333 2710 388 2767 ego
406 2694 471 2751 teci.
487 2698 547 2768 Ego
568 2712 631 2751 sum
652 2696 790 2752 Dominus
805 2698 877 2753 Deus
927 2708 1000 2747 unus
1017 2693 1089 2747 Deus
1112 2692 1217 2762 (Epiros.
1239 2708 1276 2754 ιν,
1299 2691 1337 2763 2).
1360 2712 1374 2740 u
1389 2690 1417 2747 Si
1436 2706 1495 2745 non
1516 2704 1584 2745 sane
1605 2687 1747 2760 sapientes

59 2788 130 2853 tuus,
146 2788 180 2840 et
193 2801 255 2841 non
268 2790 311 2842 est
322 2787 394 2843 alius
405 2794 509 2862 prater
522 2806 580 2846 ma.
593 2811 607 2840 o
622 2791 694 2845 Item
709 2789 748 2845 ibi
763 2807 770 2845 ε
789 2812 802 2839 «
816 2791 876 2863 Ego
926 2785 1068 2841 unitatem
1079 2784 1145 2840 srdai
1161 2784 1303 2840 voluerint
1317 2783 1440 2855 simplici
1457 2782 1542 2838 corde
1560 2782 1696 2853 recipere,
1711 2797 1747 2837 ex

57 2892 118 2932 snm
137 2878 281 2934 Dominus
294 2881 367 2936 bens
380 2885 446 2938 tuus
464 2883 573 2954 primus
592 2888 621 2938 et
638 2898 692 2954 ego
708 2882 877 2939 novissimus
926 2878 980 2934 boc
991 2878 1087 2951 itaque
1099 2878 1260 2934 testimonio
1281 2878 1311 2932 in
1324 2893 1382 2933 uno
1396 2875 1496 2949 spiritu
1515 2876 1650 2947 potarunt
1663 2873 1748 2929 simul

58 2969 132 3024 etin
148 2987 185 3026 ea
204 2987 271 3044 quie
289 2980 494 3045 superventura
514 2978 580 3030 sunt
599 2977 630 3031 iu
648 2976 808 3032 novissimis
824 2993 877 3049 ego
926 2970 1056 3026 Patrisct
1068 2970 1129 3026 Filii
1142 2971 1285 3026 unitatem
1293 2968 1466 3026 condiscere.
1476 2969 1592 3024 Patrem
1602 2966 1701 3040 igitur,
1717 2971 1748 3023 ut

57 3078 127 3117 saun.
142 3066 206 3136 Ego
218 3081 285 3120 snm
298 3067 372 3122 Deus
394 3067 444 3139 qui
459 3072 486 3124 te
505 3069 609 3137 creavi,
626 3069 674 3141 qui
689 3072 718 3125 te
731 3069 835 3141 adjuvi,
849 3074 877 3126 et
927 3062 1394 3136 superiuscomprehensumest,in
1405 3061 1507 3118 divinis
1513 3060 1626 3131 litteris,
1637 3059 1747 3133 ingeni·

57 3158 235 3213 communiri
253 3158 374 3215 dextera
391 3177 465 3216 mea.
486 3181 499 3213 a
521 3164 556 3217 Et
576 3162 715 3218 unitatem
735 3162 826 3218 Patris
848 3116 997 3228 eretum,
1008 3156 1125 3230 proprie
1134 3157 1259 3229 positum
1271 3172 1324 3212 nec
1333 3156 1428 3229 legere
1438 3157 1558 3227 possunt
1565 3154 1679 3227 penitus
1692 3168 1746 3209 nec

58 3248 116 3304 filii
128 3251 284 3324 assignans
295 3253 422 3326 loquitur
434 3253 532 3310 dicens
549 3272 555 3310 :
574 3276 589 3306 «
607 3257 666 3328 Ego
680 3255 760 3310 testis
773 3262 874 3327 vester,
924 3251 1055 3324 probare.
1070 3250 1125 3307 Sed
1146 3250 1212 3323 quia
1226 3250 1255 3305 id
1273 3249 1368 3323 ipsum
1388 3248 1460 3305 tides
1479 3247 1569 3320 exigit
1587 3246 1743 3303 christiana

58 3341 123 3397 dicit
131 3344 275 3400 nominos
284 3347 368 3417 Deus,
380 3353 409 3402 et
418 3363 489 3419 puer
498 3364 580 3404 meus
590 3351 621 3404 tu
628 3365 716 3422 quem
723 3365 777 3421 ego
788 3349 873 3422 elegi,
926 3345 1033 3417 absque
1044 3345 1103 3400 ulla
1116 3343 1292 3399 dubitatione
1300 3341 1445 3416 ingenitus
1456 3341 1579 3398 creditus
1586 3340 1745 3414 quitamcn

58 3437 87 3488 nt
97 3437 197 3492 sciatis
206 3441 239 3493 et
254 3426 385 3510 credatis,
398 3440 465 3513 quia
477 3458 530 3514 ego
545 3459 618 3511 sum,
633 3445 739 3498 etanta
755 3459 802 3496 me
818 3460 875 3499 non
925 3437 1081 3493 secundum
1097 3436 1201 3493 seriem
1216 3436 1428 3508 Scripturarum
1440 3434 1471 3490 in
1487 3433 1557 3490 Filio
1570 3451 1586 3488 a
1599 3449 1629 3488 se
1645 3432 1743 3504 genito

57 3527 108 3583 tuit
122 3530 200 3585 alius
215 3531 301 3601 Deus,
315 3536 345 3587 et
356 3536 422 3604 post
433 3551 480 3589 mc
492 3552 550 3590 non
565 3536 628 3592 erit.
646 3557 660 3586 »
675 3537 770 3591 Unum
782 3535 812 3590 bi
826 3536 874 3608 qui
924 3547 999 3586 unus
1014 3547 1073 3586 esse
1089 3530 1275 3585 monstratur·

57 3636 112 3677 non
125 3639 195 3679 sane
209 3623 337 3695 sapiunt,
357 3625 466 3698 eligant
483 3643 516 3683 er
536 3628 646 3684 duobus
664 3632 714 3684 aut
734 3629 875 3683 fateantur
961 3625 1000 3679 lle
1013 3626 1115 3679 coetero
1128 3621 1235 3695 placuit
1246 3627 1363 3693 propter
1376 3620 1518 3676 malorum
1532 3619 1685 3675 hominum
1698 3619 1742 3675 in-

56 3714 171 3770 Patrem
186 3720 219 3772 et
231 3716 334 3772 Filium
348 3720 438 3774 Deum
453 3736 552 3791 unum,
566 3724 617 3776 aut
626 3721 647 3775 si
658 3721 750 3776 solum
761 3724 874 3779 Patrem
925 3717 1099 3783 testationes,
1115 3719 1148 3769 ut
1162 3715 1192 3768 in
1208 3713 1388 3768 accusatione
1410 3712 1522 3768 Domini
1534 3711 1742 3782 ministrorum,

58 3805 145 3862 baum
157 3825 223 3864 esse
245 3812 431 3880 contendunt,
452 3829 521 3884 ergo
544 3813 600 3868 illis
620 3815 758 3870 Dominus
779 3820 875 3873 noster
924 3810 1018 3882 primo
1032 3824 1164 3882 persona,
1180 3806 1260 3873 fides,
1280 3805 1346 3874 rita,
1369 3809 1397 3860 at
1414 3804 1589 3860 conversatio
1607 3804 1741 3875 blaspbe-

56 3899 131 3956 Jesns
156 3902 290 3958 Christus
303 3904 353 3958 llei
368 3905 454 3960 Filius
469 3922 526 3961 non
546 3907 600 3962 erit
620 3907 704 3976 Deus,
722 3909 791 3981 quia
803 3911 872 3965 scri·
924 3902 1065 3958 manlium
1074 3899 1244 3957 enucleatim
1260 3900 1461 3971 perscrutetur.
1474 3897 1544 3951 Nam
1558 3896 1627 3952 fides
1640 3912 1741 3952 omnes

57 3997 136 4064 ptum
149 3999 196 4050 est
211 4012 219 4050 :
239 4014 253 4048 a
268 3997 340 4052 Ante
352 4001 465 4053 menon
474 3999 528 4053 fuit
543 4000 613 4056 alius
626 4001 701 4057 Deus
712 4007 741 4057 et
755 4007 819 4074 post
828 4021 874 4060 me
923 4001 1002 4053 actus
1014 3995 1140 4050 hominis
1152 3991 1314 4066 praecedere
1328 3991 1420 4058 debet,
1441 3989 1509 4061 quia
1527 3988 1629 4045 dubius
1640 3989 1671 4044 in
1683 3990 1740 4045 fide

58 4105 110 4145 non
121 4092 190 4146 erit.
208 4113 225 4142 »
240 4092 271 4148 Si
284 4095 440 4150 secundum
456 4097 527 4153 tales
538 4097 577 4152 ita
590 4102 642 4169 est,
659 4116 710 4154 cur
722 4102 874 4172 Apostolus
923 4090 1046 4148 infidebs
1062 4092 1114 4158 est,
1131 4104 1184 4143 nec
1197 4086 1238 4141 eis
1252 4084 1370 4142 omnino
1386 4087 1428 4139 est
1441 4082 1619 4138 credendum
1632 4083 1682 4154 qui
1692 4098 1739 4139 ve·

57 4183 122 4238 talia
136 4185 278 4256 praedicat
287 4192 315 4242 et
327 4189 460 4245 eumdem
471 4190 573 4245 Filium
581 4191 670 4246 Deum
679 4209 764 4264 super
774 4209 874 4249 omnes
923 4184 1016 4240 ritatis
1024 4181 1258 4253 fidemignorant,
1267 4177 1411 4233 necrcctos
1421 4174 1644 4231 conversationis
1652 4174 1740 4230 vitam

57 4273 874 4359 hmedictuminsiuuat;aQuommpatresfinquiqexquj.
924 4279 1041 4333 ducunt.
1053 4274 1192 4339 Quoniam
1201 4273 1273 4329 tales
1283 4269 1364 4325 facile
1372 4274 1400 4326 et
1409 4267 1607 4324 indifferenter
1615 4266 1741 4325 lacerant

58 4365 109 4424 bus
119 4370 254 4428 Christus
268 4375 425 4430 seeundum
437 4391 554 4432 carnem
568 4378 617 4450 qui
629 4384 766 4452 estsuper
776 4381 874 4437 omnia
924 4375 953 4428 et
967 4369 1154 4426 criminantur
1171 4369 1248 4421 recta
1266 4369 1294 4447 ct
1314 4363 1360 4436 pic
1376 4362 1513 4431 urentes,
1527 4360 1632 4416 idcirco
1645 4361 1738 4433 suspi-

57 4461 303 4523 llensbenedictus
312 4467 343 4523 in
353 4470 467 4526 saecula.
477 4491 492 4521 »
501 4471 572 4527 item
581 4472 666 4527 isaias
679 4473 735 4528 ait:
749 4493 763 4526 u
774 4474 870 4531 Domi·
880 4489 911 4562 D
922 4465 965 4520 ⁰i⁰
975 4457 1406 4530 e⁰r¹1ffldi⁵⁰¹¹l1011daplim1¹¹¹¹s
1417 4459 1445 4510 ⁰²
1455 4451 1634 4524 ⁰⁰¹'llgfflldsss
1643 4468 1736 4526 ne‘1¹¹0

57 4571 107 4610 nos
121 4558 201 4613 Dens
215 4559 301 4616 lsrael
321 4561 370 4634 qui
385 4561 515 4619 liberavit
527 4580 594 4620 eum
614 4565 649 4623 de
663 4567 795 4639 AEgypto,
811 4571 870 4640 Ego
922 4554 1133 4614 accusatoribus
1139 4550 1328 4624 suspectisvel
1338 4549 1374 4603 de
1383 4547 1569 4602 inimicorum
1580 4546 1666 4601 domo
1674 4562 1738 4618 pro

59 4664 118 4704 sum
132 4652 248 4722 primus
261 4657 290 4708 et
302 4670 356 4727 ego
374 4660 438 4727 post
454 4656 517 4714 baec
536 4661 566 4713 et
582 4662 688 4731 prater
700 4676 746 4715 me
759 4677 817 4717 non
829 4666 871 4718 est
921 4655 1073 4713 ‹leuntibus
1092 4654 1134 4708 est
1150 4648 1335 4706 credendum.
1355 4646 1445 4701 Erant
1459 4644 1537 4700 enim
1554 4644 1673 4716 quidam
1686 4645 1736 4716 qui

59 4741 131 4797 bens
144 4745 220 4800 sicut
232 4762 287 4819 ego
303 4764 368 4804 sum
382 4750 431 4822 qni
453 4755 507 4807 stet
528 4756 557 4808 et
575 4756 667 4824 vocet,
691 4756 718 4809 et
731 4759 872 4827 praeparet
920 4751 1000 4824 prius
1013 4747 1181 4803 videbantur
1194 4758 1253 4798 esse
1266 4757 1300 4797 ex
1312 4738 1403 4808 nobis,
1414 4739 1463 4794 sed
1474 4753 1532 4792 non
1544 4740 1626 4792 erant
1635 4752 1670 4793 er
1683 4753 1734 4793 no·

60 4836 138 4905 mibi,
148 4854 185 4893 ex
202 4855 261 4911 quo
275 4840 419 4898 bominem
432 4844 486 4900 ieci
498 4845 530 4901 in
543 4848 654 4903 saeculo.
668 4867 682 4898 a
695 4850 764 4903 item
778 4848 847 4904 alibi
862 4865 869 4903 :
920 4844 974 4900 bis.
990 4842 1019 4899 Si
1032 4857 1100 4896 vero
1112 4839 1206 4895 assent
1218 4850 1252 4891 cx
1269 4832 1361 4899 nobis,
1383 4830 1555 4886 mansissent
1572 4829 1668 4902 utique
1683 4847 1734 4886 no·

62 4950 75 4976 ι
84 4931 114 4986 ln
125 4938 153 4988 ιε
166 4937 212 4990 αι
225 4935 300 4991 neu,
313 4940 342 4991 et
351 4937 545 4996 nesciebamus
554 4945 582 4996 et
594 4945 704 4997 nonest
715 4941 787 4997 alius
799 4943 871 4998 neus
920 4937 1042 5004 biscum,
1058 4940 1087 4989 et
1100 4948 1158 4989 non
1172 4925 1388 4987 conturbassent
1400 4925 1512 4980 naues.
1526 4942 1541 4976 «
1556 4925 1737 4980 Exacuerunt

63 5031 159 5092 prater
173 5037 214 5082 te.
232 5027 274 5082 Tu
293 5045 324 5084 es
341 5031 420 5086 enirn
437 5033 510 5087 Deus
529 5036 558 5088 et
574 5034 780 5103 nesciebamus,
796 5035 871 5090 Deus
921 5024 1270 5097 cuim,»utaitPropbeta,
1281 5016 1733 5090 «linguaesuassicutserpentes,

63 5115 138 5172 lsrael
154 5119 319 5176 Salvator.»
338 5124 416 5179 Unus
432 5126 505 5181 bens
523 5142 583 5181 non
600 5132 667 5183 sunt
686 5129 768 5183 Pater
786 5133 815 5183 et
830 5128 871 5184 Fi-
920 5109 1732 5190 venenumaspidumsublabiiseorumfftuloxxnmlt.»

64 5207 131 5266 lius?
147 5212 216 5277 Quis
234 5219 277 5270 eat
295 5215 342 5272 bic
365 5218 450 5289 Deus,
469 5219 500 5274 in
517 5236 574 5292 quo
594 5236 654 5276 esse
673 5221 777 5277 dicitur
796 5222 870 5276 Deus
919 5218 1098 5289 Quapropter
1109 5211 1139 5266 hi
1148 5206 1302 5281 respuendi
1314 5210 1380 5261 sunt
1393 5205 1417 5260 si
1428 5203 1636 5276 incorrigibiles
1649 5220 1732 5276 appa·

65 5300 235 5378 Paterqnem
243 5307 335 5364 alium
344 5310 436 5367 Deum
444 5327 503 5368 non
518 5329 578 5370 essa
588 5314 729 5387 propbeta
737 5331 868 5386 sepenn·
919 5309 1039 5378 ruerint,
1054 5311 1083 5363 et
1097 5304 1203 5362 ribodi
1217 5318 1254 5358 ne
1266 5299 1387 5356 Domino
1396 5297 1539 5369 decipiant
1552 5296 1731 5398 famulantes.

66 5409 138 5453 mero
154 5402 349 5472 protestatur?
363 5405 398 5460 Et
417 5405 549 5463 Brrucb:
569 5429 584 5458 u
602 5407 653 5463 iiic
673 5409 747 5464 Dans
764 5412 869 5479 noctu,
920 5403 994 5460 State
1009 5417 1087 5473 ergo,
1105 5393 1287 5464 dilectissimi,
1307 5408 1394 5465 super
1403 5391 1463 5447 vias
1471 5389 1638 5462 aspicientes
1651 5391 1681 5491 et
1692 5403 1733 5442 rn-

68 5488 110 5558 fit,
122 5497 150 5548 et
168 5510 229 5550 non
250 5495 440 5568 applicabitur
459 5500 532 5557 alter
552 5502 587 5557 ad
605 5518 672 5558 anm
692 5502 742 5574 qui
761 5500 870 5557 invenit
919 5500 1097 5570 terrogantes
1114 5493 1149 5549 de
1169 5490 1277 5548 semitis
1299 5485 1411 5544 Domini
1435 5483 1558 5556 antiquis
1573 5498 1580 5537 :
1595 5484 1623 5536 et
1641 5480 1730 5536 videte

68 5596 172 5642 onnam
184 5588 264 5644 riam
274 5589 401 5648 scientie
414 5597 443 5649 et
456 5593 534 5651 dedit
545 5611 610 5651 eam
623 5596 706 5652 Jacob
720 5611 810 5668 puero
819 5610 870 5650 suo
920 5608 986 5666 quas
998 5594 1042 5646 est
1052 5589 1099 5644 via
1112 5585 1226 5643 bomini
1239 5584 1313 5640 bona
1322 5586 1351 5637 et
1363 5582 1450 5649 recta,
1459 5581 1488 5633 et
1496 5574 1640 5631 ambulate
1649 5571 1731 5642 inea,

68 5678 180 5737 abaci
193 5682 298 5740 dilecto
310 5701 372 5741 suo.
385 5687 453 5741 Post
469 5687 529 5744 brec
546 5689 577 5744 in
596 5689 679 5746 terris
694 5689 769 5744 viam
785 5693 827 5744 est
842 5691 871 5744 at
921 5690 950 5743 ct
960 5682 1109 5743 invenictis
1121 5680 1249 5754 requiem
1262 5675 1410 5733 animabus
1418 5668 1529 5726 vestris.
1543 5667 1613 5721 bata
1621 5665 1731 5723 decima

68 5765 131 5828 iuter
143 5775 280 5834 homines
288 5783 470 5836 conversatus
479 5787 530 5838 est.
545 5803 560 5833 »
571 5783 605 5839 Et
614 5782 644 5839 in
655 5783 807 5839 Salomone
822 5783 870 5838 ha·
920 5784 998 5836 sexta
1011 5778 1107 5835 Kalen.
1121 5773 1185 5830 llaii
1201 5772 1253 5827 sub
1264 5769 1390 5825 Admano
1403 5767 1433 5819 at
1446 5763 1526 5817 Vero.
