<?xml version="1.0" encoding="UTF-8"?>
<!DOCTYPE html PUBLIC "-//W3C//DTD XHTML 1.0 Transitional//EN"
    "http://www.w3.org/TR/xhtml1/DTD/xhtml1-transitional.dtd">
<html xmlns="http://www.w3.org/1999/xhtml" xml:lang="en" lang="en">
 <head>
  <title>
</title>
<meta http-equiv="Content-Type" content="text/html;charset=utf-8" />
  <meta name='ocr-system' content='tesseract 3.04.00' />
  <meta name='ocr-capabilities' content='ocr_page ocr_carea ocr_par ocr_line ocrx_word'/>
</head>
<body>
  <div class='ocr_page' id='page_1' title='image "./patrologiaecurs03unkngoog_0379.png"; bbox 0 0 3870 6150; ppageno 0'>
   <div class='ocr_carea' id='block_1_1' title="bbox 134 220 1823 291">
    <p class='ocr_par' dir='ltr' id='par_1_1' title="bbox 134 220 1823 291">
     <span class='ocr_line' id='line_1_1' title="bbox 134 220 1823 291; baseline -0.002 0"><span class='ocrx_word' id='word_1_1' title='bbox 134 236 186 291; x_wconf 82' lang='lat' dir='ltr'>sos</span> <span class='ocrx_word' id='word_1_2' title='bbox 580 225 721 290; x_wconf 78' lang='lat' dir='ltr'>lernau.</span> <span class='ocrx_word' id='word_1_3' title='bbox 743 232 786 290; x_wconf 78' lang='lat' dir='ltr'>ab</span> <span class='ocrx_word' id='word_1_4' title='bbox 806 235 886 291; x_wconf 75' lang='lat' dir='ltr'>see.</span> <span class='ocrx_word' id='word_1_5' title='bbox 907 234 951 290; x_wconf 85' lang='lat' dir='ltr'>n.</span> <span class='ocrx_word' id='word_1_6' title='bbox 967 262 1002 276; x_wconf 88' lang='lat'>-</span> <span class='ocrx_word' id='word_1_7' title='bbox 1022 224 1147 290; x_wconf 83' lang='lat' dir='ltr'>rsnoru</span> <span class='ocrx_word' id='word_1_8' title='bbox 1164 220 1378 290; x_wconf 77' lang='lat' dir='ltr'>venenosis</span> <span class='ocrx_word' id='word_1_9' title='bbox 1775 222 1823 287; x_wconf 77' lang='lat' dir='ltr'>sot</span> 
     </span>
    </p>
   </div>
   <div class='ocr_carea' id='block_1_2' title="bbox 54 340 1845 4734">
    <p class='ocr_par' dir='ltr' id='par_1_2' title="bbox 54 340 1824 1634">
     <span class='ocr_line' id='line_1_2' title="bbox 137 340 1824 429; baseline -0.003 -30"><span class='ocrx_word' id='word_1_10' title='bbox 137 346 259 411; x_wconf 88' lang='lat' dir='ltr'>rentur;</span> <span class='ocrx_word' id='word_1_11' title='bbox 274 358 325 397; x_wconf 90' lang='lat' dir='ltr'>nec</span> <span class='ocrx_word' id='word_1_12' title='bbox 339 341 530 397; x_wconf 86' lang='lat' dir='ltr'>admittantur</span> <span class='ocrx_word' id='word_1_13' title='bbox 539 341 576 395; x_wconf 93' lang='lat' dir='ltr'>ad</span> <span class='ocrx_word' id='word_1_14' title='bbox 591 342 647 398; x_wconf 91' lang='lat' dir='ltr'>tale</span> <span class='ocrx_word' id='word_1_15' title='bbox 662 341 865 413; x_wconf 87' lang='lat' dir='ltr'>ministerium,</span> <span class='ocrx_word' id='word_1_16' title='bbox 881 341 958 414; x_wconf 91' lang='lat' dir='ltr'>quod</span> <span class='ocrx_word' id='word_1_17' title='bbox 967 354 998 429; x_wconf 72' lang='grc' dir='ltr'><strong>Α</strong></span> <span class='ocrx_word' id='word_1_18' title='bbox 1007 342 1238 415; x_wconf 83' lang='lat' dir='ltr'>poribuscrebrae</span> <span class='ocrx_word' id='word_1_19' title='bbox 1249 341 1458 414; x_wconf 79' lang='lat' dir='ltr'>persecutiones</span> <span class='ocrx_word' id='word_1_20' title='bbox 1470 343 1576 410; x_wconf 89' lang='lat' dir='ltr'>essent,</span> <span class='ocrx_word' id='word_1_21' title='bbox 1587 355 1639 395; x_wconf 87' lang='lat' dir='ltr'>nac</span> <span class='ocrx_word' id='word_1_22' title='bbox 1650 340 1824 395; x_wconf 89' lang='lat' dir='ltr'>communio·</span> 
     </span>
     <span class='ocr_line' id='line_1_3' title="bbox 133 432 1823 507; baseline -0.002 -15"><span class='ocrx_word' id='word_1_23' title='bbox 133 437 192 492; x_wconf 88' lang='lat' dir='ltr'>sola</span> <span class='ocrx_word' id='word_1_24' title='bbox 205 434 384 492; x_wconf 89' lang='lat' dir='ltr'>continentia</span> <span class='ocrx_word' id='word_1_25' title='bbox 400 438 513 507; x_wconf 90' lang='lat' dir='ltr'>oportet</span> <span class='ocrx_word' id='word_1_26' title='bbox 531 435 656 507; x_wconf 91' lang='lat' dir='ltr'>impleri.</span> <span class='ocrx_word' id='word_1_27' title='bbox 673 437 720 491; x_wconf 87' lang='lat' dir='ltr'>Est</span> <span class='ocrx_word' id='word_1_28' title='bbox 735 436 813 491; x_wconf 89' lang='lat' dir='ltr'>onim</span> <span class='ocrx_word' id='word_1_29' title='bbox 826 441 906 491; x_wconf 92' lang='lat' dir='ltr'>vetus</span> <span class='ocrx_word' id='word_1_30' title='bbox 920 437 957 491; x_wconf 88' lang='lat' dir='ltr'>ad</span> <span class='ocrx_word' id='word_1_31' title='bbox 1007 436 1051 490; x_wconf 92' lang='lat' dir='ltr'>uis</span> <span class='ocrx_word' id='word_1_32' title='bbox 1072 452 1206 492; x_wconf 89' lang='lat' dir='ltr'>concessa</span> <span class='ocrx_word' id='word_1_33' title='bbox 1222 435 1341 490; x_wconf 77' lang='lat' dir='ltr'>facilitas</span> <span class='ocrx_word' id='word_1_34' title='bbox 1369 434 1502 490; x_wconf 84' lang='lat' dir='ltr'>homines</span> <span class='ocrx_word' id='word_1_35' title='bbox 1528 434 1565 489; x_wconf 92' lang='lat' dir='ltr'>de</span> <span class='ocrx_word' id='word_1_36' title='bbox 1594 432 1823 489; x_wconf 77' lang='lat' dir='ltr'>reconciliatione</span> 
     </span>
     <span class='ocr_line' id='line_1_4' title="bbox 133 527 1821 601; baseline -0.004 -14"><span class='ocrx_word' id='word_1_37' title='bbox 133 528 857 601; x_wconf 79' lang='lat' dir='ltr'>modumsacraelegisauctoritasjamindeabinitio</span> <span class='ocrx_word' id='word_1_38' title='bbox 868 535 957 585; x_wconf 89' lang='lat' dir='ltr'>custo·</span> <span class='ocrx_word' id='word_1_39' title='bbox 1007 547 1121 585; x_wconf 87' lang='lat' dir='ltr'>securos</span> <span class='ocrx_word' id='word_1_40' title='bbox 1143 547 1201 585; x_wconf 90' lang='lat' dir='ltr'>nou</span> <span class='ocrx_word' id='word_1_41' title='bbox 1216 534 1363 584; x_wconf 88' lang='lat' dir='ltr'>revocaret</span> <span class='ocrx_word' id='word_1_42' title='bbox 1376 546 1393 584; x_wconf 90' lang='lat' dir='ltr'>a</span> <span class='ocrx_word' id='word_1_43' title='bbox 1411 529 1503 600; x_wconf 89' lang='lat' dir='ltr'>lapsu,</span> <span class='ocrx_word' id='word_1_44' title='bbox 1516 530 1621 600; x_wconf 79' lang='lat' dir='ltr'>negata</span> <span class='ocrx_word' id='word_1_45' title='bbox 1630 527 1736 582; x_wconf 87' lang='lat' dir='ltr'>merito</span> <span class='ocrx_word' id='word_1_46' title='bbox 1749 543 1821 581; x_wconf 89' lang='lat' dir='ltr'>com·</span> 
     </span>
     <span class='ocr_line' id='line_1_5' title="bbox 134 620 1822 696; baseline -0.004 -15"><span class='ocrx_word' id='word_1_47' title='bbox 134 626 203 693; x_wconf 90' lang='lat' dir='ltr'>dita,</span> <span class='ocrx_word' id='word_1_48' title='bbox 224 623 300 696; x_wconf 92' lang='lat' dir='ltr'>quod</span> <span class='ocrx_word' id='word_1_49' title='bbox 322 623 352 677; x_wconf 92' lang='lat' dir='ltr'>iu</span> <span class='ocrx_word' id='word_1_50' title='bbox 367 623 476 695; x_wconf 91' lang='lat' dir='ltr'>templo</span> <span class='ocrx_word' id='word_1_51' title='bbox 491 639 568 678; x_wconf 88' lang='lat' dir='ltr'>anno</span> <span class='ocrx_word' id='word_1_52' title='bbox 587 622 655 677; x_wconf 91' lang='lat' dir='ltr'>vicis</span> <span class='ocrx_word' id='word_1_53' title='bbox 670 640 728 678; x_wconf 70' lang='lat' dir='ltr'>suae</span> <span class='ocrx_word' id='word_1_54' title='bbox 743 623 871 678; x_wconf 89' lang='lat' dir='ltr'>babitare</span> <span class='ocrx_word' id='word_1_55' title='bbox 886 640 958 696; x_wconf 81' lang='lat' dir='ltr'>prae·</span> <span class='ocrx_word' id='word_1_56' title='bbox 1006 624 1104 679; x_wconf 87' lang='lat' dir='ltr'>munio</span> <span class='ocrx_word' id='word_1_57' title='bbox 1125 628 1177 692; x_wconf 90' lang='lat' dir='ltr'>est,</span> <span class='ocrx_word' id='word_1_58' title='bbox 1202 639 1336 679; x_wconf 87' lang='lat' dir='ltr'>concessa</span> <span class='ocrx_word' id='word_1_59' title='bbox 1358 622 1533 694; x_wconf 89' lang='lat' dir='ltr'>paenitentia,</span> <span class='ocrx_word' id='word_1_60' title='bbox 1546 638 1583 676; x_wconf 90' lang='lat' dir='ltr'>ne</span> <span class='ocrx_word' id='word_1_61' title='bbox 1597 625 1691 675; x_wconf 84' lang='lat' dir='ltr'>totum</span> <span class='ocrx_word' id='word_1_62' title='bbox 1712 620 1822 692; x_wconf 90' lang='lat' dir='ltr'>penitus</span> 
     </span>
     <span class='ocr_line' id='line_1_6' title="bbox 132 713 1823 791; baseline -0.004 -16"><span class='ocrx_word' id='word_1_63' title='bbox 132 719 207 791; x_wconf 90' lang='lat' dir='ltr'>cepti</span> <span class='ocrx_word' id='word_1_64' title='bbox 220 723 287 774; x_wconf 90' lang='lat' dir='ltr'>sunt</span> <span class='ocrx_word' id='word_1_65' title='bbox 300 717 471 786; x_wconf 80' lang='lat' dir='ltr'>sacerdotes,</span> <span class='ocrx_word' id='word_1_66' title='bbox 485 722 517 773; x_wconf 91' lang='lat' dir='ltr'>ut</span> <span class='ocrx_word' id='word_1_67' title='bbox 532 717 687 772; x_wconf 85' lang='lat' dir='ltr'>servientes</span> <span class='ocrx_word' id='word_1_68' title='bbox 702 716 788 772; x_wconf 87' lang='lat' dir='ltr'>saeris</span> <span class='ocrx_word' id='word_1_69' title='bbox 805 717 953 772; x_wconf 90' lang='lat' dir='ltr'>oblationi·</span> <span class='ocrx_word' id='word_1_70' title='bbox 1005 723 1167 789; x_wconf 78' lang='lat' dir='ltr'>negaretur,</span> <span class='ocrx_word' id='word_1_71' title='bbox 1185 722 1213 772; x_wconf 91' lang='lat' dir='ltr'>et</span> <span class='ocrx_word' id='word_1_72' title='bbox 1228 716 1374 771; x_wconf 89' lang='lat' dir='ltr'>duriorem</span> <span class='ocrx_word' id='word_1_73' title='bbox 1390 733 1450 771; x_wconf 90' lang='lat' dir='ltr'>csse</span> <span class='ocrx_word' id='word_1_74' title='bbox 1463 715 1664 770; x_wconf 89' lang='lat' dir='ltr'>remissionem</span> <span class='ocrx_word' id='word_1_75' title='bbox 1676 713 1746 769; x_wconf 84' lang='lat' dir='ltr'>iecit</span> <span class='ocrx_word' id='word_1_76' title='bbox 1758 719 1823 769; x_wconf 88' lang='lat' dir='ltr'>tcm-</span> 
     </span>
     <span class='ocr_line' id='line_1_7' title="bbox 131 809 1821 885; baseline -0.004 -17"><span class='ocrx_word' id='word_1_77' title='bbox 131 813 195 881; x_wconf 89' lang='lat' dir='ltr'>bus,</span> <span class='ocrx_word' id='word_1_78' title='bbox 209 815 333 885; x_wconf 89' lang='lat' dir='ltr'>puroset</span> <span class='ocrx_word' id='word_1_79' title='bbox 347 812 383 865; x_wconf 88' lang='lat' dir='ltr'>ab</span> <span class='ocrx_word' id='word_1_80' title='bbox 398 811 478 866; x_wconf 91' lang='lat' dir='ltr'>omni</span> <span class='ocrx_word' id='word_1_81' title='bbox 491 811 555 866; x_wconf 88' lang='lat' dir='ltr'>labe</span> <span class='ocrx_word' id='word_1_82' title='bbox 572 811 723 866; x_wconf 89' lang='lat' dir='ltr'>mundatos</span> <span class='ocrx_word' id='word_1_83' title='bbox 735 810 788 866; x_wconf 91' lang='lat' dir='ltr'>sibi</span> <span class='ocrx_word' id='word_1_84' title='bbox 812 811 956 868; x_wconf 82' lang='lat' dir='ltr'>vindicent</span> <span class='ocrx_word' id='word_1_85' title='bbox 1004 812 1080 882; x_wconf 91' lang='lat' dir='ltr'>poris</span> <span class='ocrx_word' id='word_1_86' title='bbox 1103 811 1185 866; x_wconf 86' lang='lat' dir='ltr'>ratic.</span> <span class='ocrx_word' id='word_1_87' title='bbox 1207 810 1261 866; x_wconf 87' lang='lat' dir='ltr'>Sed</span> <span class='ocrx_word' id='word_1_88' title='bbox 1283 813 1435 882; x_wconf 88' lang='lat' dir='ltr'>postquam</span> <span class='ocrx_word' id='word_1_89' title='bbox 1456 809 1593 863; x_wconf 86' lang='lat' dir='ltr'>Dominus</span> <span class='ocrx_word' id='word_1_90' title='bbox 1613 811 1714 863; x_wconf 91' lang='lat' dir='ltr'>nostcr</span> <span class='ocrx_word' id='word_1_91' title='bbox 1728 823 1821 878; x_wconf 84' lang='lat' dir='ltr'>pacem</span> 
     </span>
     <span class='ocr_line' id='line_1_8' title="bbox 132 902 1820 977; baseline -0.004 -16"><span class='ocrx_word' id='word_1_92' title='bbox 132 906 227 962; x_wconf 85' lang='lat' dir='ltr'>divina</span> <span class='ocrx_word' id='word_1_93' title='bbox 240 905 388 977; x_wconf 81' lang='lat' dir='ltr'>mysteria,</span> <span class='ocrx_word' id='word_1_94' title='bbox 406 921 499 976; x_wconf 92' lang='lat' dir='ltr'>neque</span> <span class='ocrx_word' id='word_1_95' title='bbox 513 921 562 960; x_wconf 88' lang='lat' dir='ltr'>cos</span> <span class='ocrx_word' id='word_1_96' title='bbox 583 903 621 960; x_wconf 91' lang='lat' dir='ltr'>ad</span> <span class='ocrx_word' id='word_1_97' title='bbox 636 904 773 959; x_wconf 86' lang='lat' dir='ltr'>sacrificia</span> <span class='ocrx_word' id='word_1_98' title='bbox 792 904 833 960; x_wconf 84' lang='lat' dir='ltr'>las</span> <span class='ocrx_word' id='word_1_99' title='bbox 849 905 884 960; x_wconf 90' lang='lat' dir='ltr'>sit</span> <span class='ocrx_word' id='word_1_100' title='bbox 902 905 952 960; x_wconf 90' lang='lat' dir='ltr'>ad·</span> <span class='ocrx_word' id='word_1_101' title='bbox 1004 905 1134 959; x_wconf 83' lang='lat' dir='ltr'>Ecclesiis</span> <span class='ocrx_word' id='word_1_102' title='bbox 1148 904 1206 958; x_wconf 89' lang='lat' dir='ltr'>suis</span> <span class='ocrx_word' id='word_1_103' title='bbox 1220 902 1344 959; x_wconf 86' lang='lat' dir='ltr'>reddidit</span> <span class='ocrx_word' id='word_1_104' title='bbox 1353 903 1412 974; x_wconf 88' lang='lat' dir='ltr'>jam</span> <span class='ocrx_word' id='word_1_105' title='bbox 1425 902 1544 974; x_wconf 92' lang='lat' dir='ltr'>depulso</span> <span class='ocrx_word' id='word_1_106' title='bbox 1560 908 1680 971; x_wconf 90' lang='lat' dir='ltr'>terrore,</span> <span class='ocrx_word' id='word_1_107' title='bbox 1697 917 1820 955; x_wconf 89' lang='lat' dir='ltr'>commu·</span> 
     </span>
     <span class='ocr_line' id='line_1_9' title="bbox 133 993 1820 1072; baseline -0.004 -18"><span class='ocrx_word' id='word_1_108' title='bbox 133 999 218 1067; x_wconf 90' lang='lat' dir='ltr'>mitti,</span> <span class='ocrx_word' id='word_1_109' title='bbox 227 1000 275 1072; x_wconf 93' lang='lat' dir='ltr'>qui</span> <span class='ocrx_word' id='word_1_110' title='bbox 287 999 468 1055; x_wconf 84' lang='lat' dir='ltr'>exercentvel</span> <span class='ocrx_word' id='word_1_111' title='bbox 479 1015 545 1054; x_wconf 89' lang='lat' dir='ltr'>cum</span> <span class='ocrx_word' id='word_1_112' title='bbox 556 1000 764 1053; x_wconf 85' lang='lat' dir='ltr'>uxorecamale</span> <span class='ocrx_word' id='word_1_113' title='bbox 775 999 952 1054; x_wconf 86' lang='lat' dir='ltr'>consortium</span> <span class='ocrx_word' id='word_1_114' title='bbox 1004 998 1117 1054; x_wconf 84' lang='lat' dir='ltr'>utonem</span> <span class='ocrx_word' id='word_1_115' title='bbox 1133 998 1202 1053; x_wconf 88' lang='lat' dir='ltr'>dare</span> <span class='ocrx_word' id='word_1_116' title='bbox 1215 996 1385 1052; x_wconf 91' lang='lat' dir='ltr'>abeuntibus</span> <span class='ocrx_word' id='word_1_117' title='bbox 1400 996 1517 1067; x_wconf 85' lang='lat' dir='ltr'>placuit,</span> <span class='ocrx_word' id='word_1_118' title='bbox 1534 999 1563 1050; x_wconf 92' lang='lat' dir='ltr'>et</span> <span class='ocrx_word' id='word_1_119' title='bbox 1575 1000 1696 1067; x_wconf 88' lang='lat' dir='ltr'>propter</span> <span class='ocrx_word' id='word_1_120' title='bbox 1711 993 1820 1048; x_wconf 84' lang='lat' dir='ltr'>Domini</span> 
     </span>
     <span class='ocr_line' id='line_1_10' title="bbox 54 1087 1819 1165; baseline -0.005 -16"><span class='ocrx_word' id='word_1_121' title='bbox 54 1094 58 1098; x_wconf 82' lang='grc'><strong>’</strong></span> <span class='ocrx_word' id='word_1_122' title='bbox 132 1093 199 1165; x_wconf 87' lang='lat' dir='ltr'>quia</span> <span class='ocrx_word' id='word_1_123' title='bbox 215 1093 423 1165; x_wconf 86' lang='lat' dir='ltr'>scriptumest:</span> <span class='ocrx_word' id='word_1_124' title='bbox 446 1115 459 1144; x_wconf 71' lang='grc' dir='ltr'>(ι</span> <span class='ocrx_word' id='word_1_125' title='bbox 474 1092 682 1161; x_wconf 85' lang='lat' dir='ltr'>Sanctiestote,</span> <span class='ocrx_word' id='word_1_126' title='bbox 698 1092 765 1164; x_wconf 86' lang='lat' dir='ltr'>quia</span> <span class='ocrx_word' id='word_1_127' title='bbox 780 1097 951 1165; x_wconf 79' lang='lat' dir='ltr'>etegosan·</span> <span class='ocrx_word' id='word_1_128' title='bbox 1003 1089 1237 1158; x_wconf 86' lang='lat' dir='ltr'>misericordiam,</span> <span class='ocrx_word' id='word_1_129' title='bbox 1262 1090 1330 1161; x_wconf 86' lang='lat' dir='ltr'>quia</span> <span class='ocrx_word' id='word_1_130' title='bbox 1359 1089 1492 1144; x_wconf 88' lang='lat' dir='ltr'>viaticum</span> <span class='ocrx_word' id='word_1_131' title='bbox 1527 1087 1712 1160; x_wconf 82' lang='lat' dir='ltr'>proiecturis,</span> <span class='ocrx_word' id='word_1_132' title='bbox 1738 1095 1766 1142; x_wconf 89' lang='lat' dir='ltr'>et</span> <span class='ocrx_word' id='word_1_133' title='bbox 1786 1103 1819 1141; x_wconf 92' lang='lat' dir='ltr'>ue</span> 
     </span>
     <span class='ocr_line' id='line_1_11' title="bbox 132 1180 1818 1256; baseline -0.005 -14"><span class='ocrx_word' id='word_1_134' title='bbox 132 1194 194 1242; x_wconf 23' lang='lat' dir='ltr'>ersus</span> <span class='ocrx_word' id='word_1_135' title='bbox 209 1204 283 1256; x_wconf 88' lang='lat' dir='ltr'>sum,</span> <span class='ocrx_word' id='word_1_136' title='bbox 297 1186 438 1242; x_wconf 88' lang='lat' dir='ltr'>Dominus</span> <span class='ocrx_word' id='word_1_137' title='bbox 453 1188 527 1241; x_wconf 88' lang='lat' dir='ltr'>Deus</span> <span class='ocrx_word' id='word_1_138' title='bbox 544 1191 638 1242; x_wconf 89' lang='lat' dir='ltr'>vester</span> <span class='ocrx_word' id='word_1_139' title='bbox 654 1190 716 1242; x_wconf 79' lang='lat' dir='ltr'>ico.</span> <span class='ocrx_word' id='word_1_140' title='bbox 732 1203 769 1255; x_wconf 82' lang='lat' dir='ltr'>ru,</span> <span class='ocrx_word' id='word_1_141' title='bbox 785 1188 840 1255; x_wconf 78' lang='lat'><strong>44).</strong></span> <span class='ocrx_word' id='word_1_142' title='bbox 856 1208 870 1237; x_wconf 79' lang='lat' dir='ltr'>o</span> <span class='ocrx_word' id='word_1_143' title='bbox 890 1188 953 1256; x_wconf 84' lang='lat' dir='ltr'>Qui·</span> <span class='ocrx_word' id='word_1_144' title='bbox 1003 1184 1147 1239; x_wconf 80' lang='lat' dir='ltr'>Novatiani</span> <span class='ocrx_word' id='word_1_145' title='bbox 1160 1183 1288 1238; x_wconf 77' lang='lat' dir='ltr'>haeretici</span> <span class='ocrx_word' id='word_1_146' title='bbox 1306 1182 1437 1253; x_wconf 81' lang='lat' dir='ltr'>negantis</span> <span class='ocrx_word' id='word_1_147' title='bbox 1450 1181 1576 1249; x_wconf 87' lang='lat' dir='ltr'>veniam,</span> <span class='ocrx_word' id='word_1_148' title='bbox 1598 1180 1782 1253; x_wconf 77' lang='lat' dir='ltr'>asperitatem</span> <span class='ocrx_word' id='word_1_149' title='bbox 1794 1184 1818 1234; x_wconf 89' lang='lat' dir='ltr'>et</span> 
     </span>
     <span class='ocr_line' id='line_1_12' title="bbox 132 1275 1818 1352; baseline -0.004 -16"><span class='ocrx_word' id='word_1_150' title='bbox 132 1281 186 1336; x_wconf 91' lang='lat' dir='ltr'>bus</span> <span class='ocrx_word' id='word_1_151' title='bbox 200 1282 298 1352; x_wconf 93' lang='lat' dir='ltr'>utique</span> <span class='ocrx_word' id='word_1_152' title='bbox 310 1286 430 1352; x_wconf 85' lang='lat' dir='ltr'>propter</span> <span class='ocrx_word' id='word_1_153' title='bbox 449 1280 553 1336; x_wconf 93' lang='lat' dir='ltr'>sobolis</span> <span class='ocrx_word' id='word_1_154' title='bbox 567 1280 773 1336; x_wconf 88' lang='lat' dir='ltr'>successionem</span> <span class='ocrx_word' id='word_1_155' title='bbox 788 1280 872 1337; x_wconf 85' lang='lat' dir='ltr'>uxori</span> <span class='ocrx_word' id='word_1_156' title='bbox 885 1298 952 1336; x_wconf 91' lang='lat' dir='ltr'>usus</span> <span class='ocrx_word' id='word_1_157' title='bbox 1002 1278 1138 1332; x_wconf 90' lang='lat' dir='ltr'>duritiam</span> <span class='ocrx_word' id='word_1_158' title='bbox 1161 1277 1295 1349; x_wconf 90' lang='lat' dir='ltr'>subsequi</span> <span class='ocrx_word' id='word_1_159' title='bbox 1321 1276 1477 1331; x_wconf 87' lang='lat' dir='ltr'>videamur.</span> <span class='ocrx_word' id='word_1_160' title='bbox 1503 1275 1650 1330; x_wconf 77' lang='lat' dir='ltr'>‘tribuitur</span> <span class='ocrx_word' id='word_1_161' title='bbox 1671 1291 1743 1346; x_wconf 81' lang='lat' dir='ltr'>ergo</span> <span class='ocrx_word' id='word_1_162' title='bbox 1759 1291 1818 1329; x_wconf 88' lang='lat' dir='ltr'>curu</span> 
     </span>
     <span class='ocr_line' id='line_1_13' title="bbox 132 1367 1819 1447; baseline -0.004 -18"><span class='ocrx_word' id='word_1_163' title='bbox 132 1375 224 1430; x_wconf 83' lang='lat' dir='ltr'>iuerat</span> <span class='ocrx_word' id='word_1_164' title='bbox 236 1375 388 1442; x_wconf 81' lang='lat' dir='ltr'>relaxatus,</span> <span class='ocrx_word' id='word_1_165' title='bbox 404 1374 470 1447; x_wconf 91' lang='lat' dir='ltr'>quia</span> <span class='ocrx_word' id='word_1_166' title='bbox 483 1391 515 1429; x_wconf 81' lang='lat' dir='ltr'>ex</span> <span class='ocrx_word' id='word_1_167' title='bbox 529 1375 585 1429; x_wconf 87' lang='lat' dir='ltr'>elia</span> <span class='ocrx_word' id='word_1_168' title='bbox 600 1374 687 1443; x_wconf 89' lang='lat' dir='ltr'>tribu,</span> <span class='ocrx_word' id='word_1_169' title='bbox 704 1378 733 1429; x_wconf 90' lang='lat' dir='ltr'>et</span> <span class='ocrx_word' id='word_1_170' title='bbox 745 1378 851 1445; x_wconf 80' lang='lat' dir='ltr'>praeter</span> <span class='ocrx_word' id='word_1_171' title='bbox 863 1392 897 1430; x_wconf 84' lang='lat' dir='ltr'>ex</span> <span class='ocrx_word' id='word_1_172' title='bbox 911 1391 952 1431; x_wconf 91' lang='lat' dir='ltr'>se·</span> <span class='ocrx_word' id='word_1_173' title='bbox 1001 1367 1819 1443; x_wconf 71' lang='lat' dir='ltr'>poenitentiaextremaeommuniopthomineshujusmon</span> 
     </span>
     <span class='ocr_line' id='line_1_14' title="bbox 134 1463 1817 1541; baseline -0.005 -19"><span class='ocrx_word' id='word_1_174' title='bbox 134 1466 212 1523; x_wconf 90' lang='lat' dir='ltr'>mine</span> <span class='ocrx_word' id='word_1_175' title='bbox 223 1471 316 1523; x_wconf 86' lang='lat' dir='ltr'>Aaron</span> <span class='ocrx_word' id='word_1_176' title='bbox 329 1467 366 1522; x_wconf 90' lang='lat' dir='ltr'>ad</span> <span class='ocrx_word' id='word_1_177' title='bbox 380 1467 568 1524; x_wconf 83' lang='lat' dir='ltr'>sacerdotium</span> <span class='ocrx_word' id='word_1_178' title='bbox 580 1467 676 1522; x_wconf 89' lang='lat' dir='ltr'>nullus</span> <span class='ocrx_word' id='word_1_179' title='bbox 686 1467 781 1522; x_wconf 84' lang='lat' dir='ltr'>luerat</span> <span class='ocrx_word' id='word_1_180' title='bbox 793 1472 951 1541; x_wconf 74' lang='lat' dir='ltr'>praeceptus</span> <span class='ocrx_word' id='word_1_181' title='bbox 1000 1466 1043 1519; x_wconf 89' lang='lat' dir='ltr'>vel</span> <span class='ocrx_word' id='word_1_182' title='bbox 1052 1465 1081 1518; x_wconf 89' lang='lat' dir='ltr'>in</span> <span class='ocrx_word' id='word_1_183' title='bbox 1096 1464 1236 1536; x_wconf 87' lang='lat' dir='ltr'>supremis</span> <span class='ocrx_word' id='word_1_184' title='bbox 1246 1464 1314 1534; x_wconf 91' lang='lat' dir='ltr'>suis,</span> <span class='ocrx_word' id='word_1_185' title='bbox 1329 1464 1514 1535; x_wconf 89' lang='lat' dir='ltr'>permittente</span> <span class='ocrx_word' id='word_1_186' title='bbox 1523 1463 1672 1518; x_wconf 89' lang='lat' dir='ltr'>Salvatorc</span> <span class='ocrx_word' id='word_1_187' title='bbox 1686 1465 1817 1531; x_wconf 88' lang='lat' dir='ltr'>nostro,a</span> 
     </span>
     <span class='ocr_line' id='line_1_15' title="bbox 133 1556 1443 1634; baseline -0.005 -18"><span class='ocrx_word' id='word_1_188' title='bbox 133 1560 277 1629; x_wconf 88' lang='lat' dir='ltr'>accedere,</span> <span class='ocrx_word' id='word_1_189' title='bbox 294 1567 401 1633; x_wconf 89' lang='lat' dir='ltr'>quanto</span> <span class='ocrx_word' id='word_1_190' title='bbox 413 1561 506 1633; x_wconf 82' lang='lat' dir='ltr'>magis</span> <span class='ocrx_word' id='word_1_191' title='bbox 518 1561 549 1615; x_wconf 92' lang='lat' dir='ltr'>hi</span> <span class='ocrx_word' id='word_1_192' title='bbox 567 1561 726 1617; x_wconf 89' lang='lat' dir='ltr'>sacerdotes</span> <span class='ocrx_word' id='word_1_193' title='bbox 736 1562 779 1616; x_wconf 90' lang='lat' dir='ltr'>vel</span> <span class='ocrx_word' id='word_1_194' title='bbox 792 1561 883 1617; x_wconf 76' lang='lat' dir='ltr'>levitae</span> <span class='ocrx_word' id='word_1_195' title='bbox 896 1579 948 1634; x_wconf 92' lang='lat' dir='ltr'>pu·</span> <span class='ocrx_word' id='word_1_196' title='bbox 999 1561 1139 1631; x_wconf 85' lang='lat' dir='ltr'>perpetuo</span> <span class='ocrx_word' id='word_1_197' title='bbox 1155 1557 1238 1613; x_wconf 82' lang='lat' dir='ltr'>exitio</span> <span class='ocrx_word' id='word_1_198' title='bbox 1254 1556 1443 1612; x_wconf 87' lang='lat' dir='ltr'>vindicentur.</span> 
     </span>
    </p>

    <p class='ocr_par' dir='ltr' id='par_1_3' title="bbox 131 1647 1817 2944">
     <span class='ocr_line' id='line_1_16' title="bbox 132 1647 1817 1727; baseline -0.004 -17"><span class='ocrx_word' id='word_1_199' title='bbox 132 1653 261 1710; x_wconf 89' lang='lat' dir='ltr'>dicitiam</span> <span class='ocrx_word' id='word_1_200' title='bbox 283 1671 319 1711; x_wconf 82' lang='lat' dir='ltr'>ex</span> <span class='ocrx_word' id='word_1_201' title='bbox 334 1653 380 1710; x_wconf 92' lang='lat' dir='ltr'>die</span> <span class='ocrx_word' id='word_1_202' title='bbox 403 1654 590 1710; x_wconf 87' lang='lat' dir='ltr'>ordinationis</span> <span class='ocrx_word' id='word_1_203' title='bbox 614 1671 672 1710; x_wconf 82' lang='lat' dir='ltr'>suae</span> <span class='ocrx_word' id='word_1_204' title='bbox 697 1671 808 1710; x_wconf 87' lang='lat' dir='ltr'>servare</span> <span class='ocrx_word' id='word_1_205' title='bbox 831 1654 948 1727; x_wconf 86' lang='lat' dir='ltr'>debent,</span> <span class='ocrx_word' id='word_1_206' title='bbox 1036 1650 1132 1724; x_wconf 85' lang='lat'>173</span> <span class='ocrx_word' id='word_1_207' title='bbox 1147 1653 1192 1706; x_wconf 89' lang='lat' dir='ltr'>lll.</span> <span class='ocrx_word' id='word_1_208' title='bbox 1204 1650 1359 1716; x_wconf 74' lang='lat' dir='ltr'>Quaesitum</span> <span class='ocrx_word' id='word_1_209' title='bbox 1369 1651 1457 1705; x_wconf 85' lang='lat' dir='ltr'>etiarn</span> <span class='ocrx_word' id='word_1_210' title='bbox 1473 1655 1515 1705; x_wconf 90' lang='lat' dir='ltr'>est</span> <span class='ocrx_word' id='word_1_211' title='bbox 1529 1648 1686 1722; x_wconf 87' lang='lat' dir='ltr'>superbis,</span> <span class='ocrx_word' id='word_1_212' title='bbox 1701 1647 1817 1720; x_wconf 85' lang='lat' dir='ltr'>quipost</span> 
     </span>
     <span class='ocr_line' id='line_1_17' title="bbox 132 1741 1817 1821; baseline -0.004 -19"><span class='ocrx_word' id='word_1_213' title='bbox 132 1747 236 1819; x_wconf 89' lang='lat' dir='ltr'>quibus</span> <span class='ocrx_word' id='word_1_214' title='bbox 251 1748 294 1803; x_wconf 90' lang='lat' dir='ltr'>vel</span> <span class='ocrx_word' id='word_1_215' title='bbox 309 1747 510 1815; x_wconf 88' lang='lat' dir='ltr'>sacerdotium,</span> <span class='ocrx_word' id='word_1_216' title='bbox 528 1748 572 1802; x_wconf 90' lang='lat' dir='ltr'>vel</span> <span class='ocrx_word' id='word_1_217' title='bbox 592 1746 784 1802; x_wconf 90' lang='lat' dir='ltr'>ministerium</span> <span class='ocrx_word' id='word_1_218' title='bbox 806 1749 867 1803; x_wconf 89' lang='lat' dir='ltr'>siue</span> <span class='ocrx_word' id='word_1_219' title='bbox 888 1766 950 1803; x_wconf 92' lang='lat' dir='ltr'>suc·</span> <span class='ocrx_word' id='word_1_220' title='bbox 961 1748 990 1821; x_wconf 85' lang='grc' dir='ltr'>Β</span> <span class='ocrx_word' id='word_1_221' title='bbox 1001 1745 1179 1818; x_wconf 91' lang='lat' dir='ltr'>baptismum</span> <span class='ocrx_word' id='word_1_222' title='bbox 1192 1743 1479 1814; x_wconf 68' lang='lat' dir='ltr'>administraverunt,</span> <span class='ocrx_word' id='word_1_223' title='bbox 1501 1750 1529 1798; x_wconf 87' lang='lat' dir='ltr'>et</span> <span class='ocrx_word' id='word_1_224' title='bbox 1541 1745 1592 1797; x_wconf 88' lang='lat' dir='ltr'>aut</span> <span class='ocrx_word' id='word_1_225' title='bbox 1604 1745 1749 1796; x_wconf 85' lang='lat' dir='ltr'>tormenta</span> <span class='ocrx_word' id='word_1_226' title='bbox 1765 1741 1817 1795; x_wconf 78' lang='lat' dir='ltr'>soie</span> 
     </span>
     <span class='ocr_line' id='line_1_18' title="bbox 131 1836 1814 1914; baseline -0.005 -17"><span class='ocrx_word' id='word_1_227' title='bbox 131 1841 257 1898; x_wconf 86' lang='lat' dir='ltr'>cessione</span> <span class='ocrx_word' id='word_1_228' title='bbox 270 1846 321 1896; x_wconf 86' lang='lat' dir='ltr'>est.</span> <span class='ocrx_word' id='word_1_229' title='bbox 349 1842 405 1898; x_wconf 89' lang='lat' dir='ltr'>Nec</span> <span class='ocrx_word' id='word_1_230' title='bbox 428 1842 555 1914; x_wconf 78' lang='lat' dir='ltr'>praeterit</span> <span class='ocrx_word' id='word_1_231' title='bbox 569 1841 629 1897; x_wconf 89' lang='lat' dir='ltr'>dies</span> <span class='ocrx_word' id='word_1_232' title='bbox 643 1857 708 1914; x_wconf 81' lang='lat' dir='ltr'>quae</span> <span class='ocrx_word' id='word_1_233' title='bbox 722 1843 764 1898; x_wconf 89' lang='lat' dir='ltr'>vel</span> <span class='ocrx_word' id='word_1_234' title='bbox 779 1859 795 1896; x_wconf 88' lang='lat' dir='ltr'>a</span> <span class='ocrx_word' id='word_1_235' title='bbox 809 1842 952 1898; x_wconf 89' lang='lat' dir='ltr'>sacrificiis</span> <span class='ocrx_word' id='word_1_236' title='bbox 1001 1843 1202 1905; x_wconf 81' lang='lat' dir='ltr'>exercuerunt,</span> <span class='ocrx_word' id='word_1_237' title='bbox 1216 1844 1265 1893; x_wconf 89' lang='lat' dir='ltr'>aut</span> <span class='ocrx_word' id='word_1_238' title='bbox 1279 1838 1366 1892; x_wconf 87' lang='lat' dir='ltr'>etiam</span> <span class='ocrx_word' id='word_1_239' title='bbox 1378 1837 1529 1909; x_wconf 87' lang='lat' dir='ltr'>capitalem</span> <span class='ocrx_word' id='word_1_240' title='bbox 1546 1836 1694 1908; x_wconf 88' lang='lat' dir='ltr'>protulere</span> <span class='ocrx_word' id='word_1_241' title='bbox 1709 1840 1814 1890; x_wconf 90' lang='lat' dir='ltr'>senten·</span> 
     </span>
     <span class='ocr_line' id='line_1_19' title="bbox 132 1928 1812 2008; baseline -0.005 -18"><span class='ocrx_word' id='word_1_242' title='bbox 132 1934 245 2005; x_wconf 91' lang='lat' dir='ltr'>divinis,</span> <span class='ocrx_word' id='word_1_243' title='bbox 271 1936 315 1990; x_wconf 91' lang='lat' dir='ltr'>vel</span> <span class='ocrx_word' id='word_1_244' title='bbox 344 1953 361 1989; x_wconf 88' lang='lat' dir='ltr'>a</span> <span class='ocrx_word' id='word_1_245' title='bbox 386 1935 565 2008; x_wconf 85' lang='lat' dir='ltr'>baptismatis</span> <span class='ocrx_word' id='word_1_246' title='bbox 590 1936 682 1991; x_wconf 84' lang='lat' dir='ltr'>officio</span> <span class='ocrx_word' id='word_1_247' title='bbox 709 1939 819 1992; x_wconf 89' lang='lat' dir='ltr'>vacent.</span> <span class='ocrx_word' id='word_1_248' title='bbox 842 1937 912 1992; x_wconf 85' lang='lat' dir='ltr'>Nam</span> <span class='ocrx_word' id='word_1_249' title='bbox 928 1937 952 1992; x_wconf 93' lang='lat' dir='ltr'>si</span> <span class='ocrx_word' id='word_1_250' title='bbox 1001 1933 1081 2000; x_wconf 89' lang='lat' dir='ltr'>tiam,</span> <span class='ocrx_word' id='word_1_251' title='bbox 1103 1933 1173 1987; x_wconf 90' lang='lat' dir='ltr'>nihil</span> <span class='ocrx_word' id='word_1_252' title='bbox 1195 1932 1230 1987; x_wconf 91' lang='lat' dir='ltr'>de</span> <span class='ocrx_word' id='word_1_253' title='bbox 1253 1931 1297 1986; x_wconf 92' lang='lat' dir='ltr'>his</span> <span class='ocrx_word' id='word_1_254' title='bbox 1319 1931 1430 2003; x_wconf 81' lang='lat' dir='ltr'>legibus</span> <span class='ocrx_word' id='word_1_255' title='bbox 1454 1949 1471 1986; x_wconf 94' lang='lat' dir='ltr'>a</span> <span class='ocrx_word' id='word_1_256' title='bbox 1495 1930 1653 2002; x_wconf 88' lang='lat' dir='ltr'>majoribus</span> <span class='ocrx_word' id='word_1_257' title='bbox 1672 1928 1812 1984; x_wconf 88' lang='lat' dir='ltr'>definitum</span> 
     </span>
     <span class='ocr_line' id='line_1_20' title="bbox 131 2022 1812 2102; baseline -0.001 -18"><span class='ocrx_word' id='word_1_258' title='bbox 131 2029 232 2085; x_wconf 89' lang='lat' dir='ltr'>heatus</span> <span class='ocrx_word' id='word_1_259' title='bbox 242 2030 344 2084; x_wconf 87' lang='lat' dir='ltr'>Paulus</span> <span class='ocrx_word' id='word_1_260' title='bbox 357 2031 500 2102; x_wconf 89' lang='lat' dir='ltr'>apostolus</span> <span class='ocrx_word' id='word_1_261' title='bbox 509 2030 545 2085; x_wconf 88' lang='lat' dir='ltr'>ad</span> <span class='ocrx_word' id='word_1_262' title='bbox 556 2029 718 2086; x_wconf 89' lang='lat' dir='ltr'>Corinthios</span> <span class='ocrx_word' id='word_1_263' title='bbox 728 2029 824 2086; x_wconf 89' lang='lat' dir='ltr'>scribit</span> <span class='ocrx_word' id='word_1_264' title='bbox 838 2031 949 2087; x_wconf 88' lang='lat' dir='ltr'>dicens:</span> <span class='ocrx_word' id='word_1_265' title='bbox 1002 2030 1054 2081; x_wconf 82' lang='lat' dir='ltr'>est.</span> <span class='ocrx_word' id='word_1_266' title='bbox 1069 2026 1253 2082; x_wconf 77' lang='lat' dir='ltr'>Meminerant</span> <span class='ocrx_word' id='word_1_267' title='bbox 1274 2025 1351 2080; x_wconf 83' lang='lat' dir='ltr'>enim</span> <span class='ocrx_word' id='word_1_268' title='bbox 1376 2027 1464 2081; x_wconf 88' lang='lat' dir='ltr'>aDeo</span> <span class='ocrx_word' id='word_1_269' title='bbox 1487 2028 1644 2096; x_wconf 74' lang='lat' dir='ltr'>potestates</span> <span class='ocrx_word' id='word_1_270' title='bbox 1666 2023 1717 2078; x_wconf 76' lang='lat' dir='ltr'>hus</span> <span class='ocrx_word' id='word_1_271' title='bbox 1736 2022 1812 2078; x_wconf 67' lang='lat' dir='ltr'>inisse</span> 
     </span>
     <span class='ocr_line' id='line_1_21' title="bbox 132 2116 1810 2195; baseline -0.003 -20"><span class='ocrx_word' id='word_1_272' title='bbox 132 2122 307 2177; x_wconf 73' lang='lat' dir='ltr'>«Abstinete</span> <span class='ocrx_word' id='word_1_273' title='bbox 324 2140 373 2177; x_wconf 90' lang='lat' dir='ltr'>vos</span> <span class='ocrx_word' id='word_1_274' title='bbox 388 2123 424 2177; x_wconf 90' lang='lat' dir='ltr'>ad</span> <span class='ocrx_word' id='word_1_275' title='bbox 437 2126 551 2195; x_wconf 89' lang='lat' dir='ltr'>tempus</span> <span class='ocrx_word' id='word_1_276' title='bbox 565 2126 596 2178; x_wconf 93' lang='lat' dir='ltr'>ut</span> <span class='ocrx_word' id='word_1_277' title='bbox 612 2123 716 2179; x_wconf 89' lang='lat' dir='ltr'>vacetis</span> <span class='ocrx_word' id='word_1_278' title='bbox 728 2123 949 2194; x_wconf 75' lang='lat' dir='ltr'>oratiouitldor.</span> <span class='ocrx_word' id='word_1_279' title='bbox 1002 2136 1157 2187; x_wconf 89' lang='lat' dir='ltr'>concessas,</span> <span class='ocrx_word' id='word_1_280' title='bbox 1175 2126 1203 2175; x_wconf 89' lang='lat' dir='ltr'>ct</span> <span class='ocrx_word' id='word_1_281' title='bbox 1222 2124 1339 2191; x_wconf 90' lang='lat' dir='ltr'>propter</span> <span class='ocrx_word' id='word_1_282' title='bbox 1352 2119 1506 2174; x_wconf 88' lang='lat' dir='ltr'>vindictam</span> <span class='ocrx_word' id='word_1_283' title='bbox 1526 2117 1681 2173; x_wconf 81' lang='lat' dir='ltr'>noxiorum</span> <span class='ocrx_word' id='word_1_284' title='bbox 1696 2116 1810 2188; x_wconf 81' lang='lat' dir='ltr'>gladium</span> 
     </span>
     <span class='ocr_line' id='line_1_22' title="bbox 132 2209 1809 2290; baseline -0.002 -22"><span class='ocrx_word' id='word_1_285' title='bbox 132 2229 180 2284; x_wconf 89' lang='lat' dir='ltr'>vu,</span> <span class='ocrx_word' id='word_1_286' title='bbox 192 2219 229 2285; x_wconf 74' lang='lat'>5),</span> <span class='ocrx_word' id='word_1_287' title='bbox 245 2237 259 2264; x_wconf 78' lang='lat' dir='ltr'>u</span> <span class='ocrx_word' id='word_1_288' title='bbox 280 2218 308 2271; x_wconf 90' lang='lat' dir='ltr'>et</span> <span class='ocrx_word' id='word_1_289' title='bbox 321 2216 376 2271; x_wconf 92' lang='lat' dir='ltr'>hoc</span> <span class='ocrx_word' id='word_1_290' title='bbox 389 2212 487 2288; x_wconf 90' lang='lat' dir='ltr'>utique</span> <span class='ocrx_word' id='word_1_291' title='bbox 500 2215 578 2271; x_wconf 89' lang='lat' dir='ltr'>laicis</span> <span class='ocrx_word' id='word_1_292' title='bbox 590 2216 734 2289; x_wconf 80' lang='lat' dir='ltr'>praecepit,</span> <span class='ocrx_word' id='word_1_293' title='bbox 749 2216 840 2272; x_wconf 90' lang='lat' dir='ltr'>multo</span> <span class='ocrx_word' id='word_1_294' title='bbox 858 2218 951 2290; x_wconf 81' lang='lat' dir='ltr'>magis</span> <span class='ocrx_word' id='word_1_295' title='bbox 1001 2214 1086 2268; x_wconf 89' lang='lat' dir='ltr'>fuisse</span> <span class='ocrx_word' id='word_1_296' title='bbox 1107 2213 1289 2284; x_wconf 89' lang='lat' dir='ltr'>permissum,</span> <span class='ocrx_word' id='word_1_297' title='bbox 1313 2217 1341 2268; x_wconf 91' lang='lat' dir='ltr'>ct</span> <span class='ocrx_word' id='word_1_298' title='bbox 1355 2213 1404 2268; x_wconf 91' lang='lat' dir='ltr'>Dei</span> <span class='ocrx_word' id='word_1_299' title='bbox 1428 2213 1591 2268; x_wconf 82' lang='lat' dir='ltr'>ministrum</span> <span class='ocrx_word' id='word_1_300' title='bbox 1606 2227 1667 2267; x_wconf 90' lang='lat' dir='ltr'>esse</span> <span class='ocrx_word' id='word_1_301' title='bbox 1681 2210 1775 2265; x_wconf 86' lang='lat' dir='ltr'>datum</span> <span class='ocrx_word' id='word_1_302' title='bbox 1787 2209 1809 2263; x_wconf 90' lang='lat' dir='ltr'>iu</span> 
     </span>
     <span class='ocr_line' id='line_1_23' title="bbox 131 2292 1807 2383; baseline -0.004 -20"><span class='ocrx_word' id='word_1_303' title='bbox 131 2307 302 2377; x_wconf 89' lang='lat' dir='ltr'>sacerdotes,</span> <span class='ocrx_word' id='word_1_304' title='bbox 316 2308 419 2381; x_wconf 92' lang='lat' dir='ltr'>quibus</span> <span class='ocrx_word' id='word_1_305' title='bbox 432 2313 460 2365; x_wconf 90' lang='lat' dir='ltr'>et</span> <span class='ocrx_word' id='word_1_306' title='bbox 473 2310 571 2365; x_wconf 88' lang='lat' dir='ltr'>orandi</span> <span class='ocrx_word' id='word_1_307' title='bbox 587 2314 615 2365; x_wconf 92' lang='lat' dir='ltr'>et</span> <span class='ocrx_word' id='word_1_308' title='bbox 635 2310 811 2366; x_wconf 86' lang='lat' dir='ltr'>sacrificandi</span> <span class='ocrx_word' id='word_1_309' title='bbox 822 2311 892 2383; x_wconf 81' lang='lat' dir='ltr'>juge</span> <span class='ocrx_word' id='word_1_310' title='bbox 907 2311 949 2366; x_wconf 86' lang='lat' dir='ltr'>oi·</span> <span class='ocrx_word' id='word_1_311' title='bbox 1001 2308 1166 2379; x_wconf 89' lang='lat' dir='ltr'>hujusmodi</span> <span class='ocrx_word' id='word_1_312' title='bbox 1197 2306 1349 2362; x_wconf 82' lang='lat' dir='ltr'>vindicem.</span> <span class='ocrx_word' id='word_1_313' title='bbox 1374 2292 1524 2370; x_wconf 84' lang='lat' dir='ltr'>Quomtdo</span> <span class='ocrx_word' id='word_1_314' title='bbox 1560 2322 1630 2377; x_wconf 84' lang='lat' dir='ltr'>ergo</span> <span class='ocrx_word' id='word_1_315' title='bbox 1663 2304 1807 2376; x_wconf 87' lang='lat' dir='ltr'>repreben-</span> 
     </span>
     <span class='ocr_line' id='line_1_24' title="bbox 131 2398 1806 2475; baseline -0.003 -18"><span class='ocrx_word' id='word_1_316' title='bbox 131 2401 952 2475; x_wconf 87' lang='lat' dir='ltr'>ficiumest,semperdebebunthujusmodiconsortioabs-</span> <span class='ocrx_word' id='word_1_317' title='bbox 1001 2401 1101 2458; x_wconf 84' lang='lat' dir='ltr'>derant</span> <span class='ocrx_word' id='word_1_318' title='bbox 1122 2401 1228 2456; x_wconf 83' lang='lat' dir='ltr'>laetum</span> <span class='ocrx_word' id='word_1_319' title='bbox 1262 2401 1338 2473; x_wconf 89' lang='lat' dir='ltr'>quod</span> <span class='ocrx_word' id='word_1_320' title='bbox 1366 2407 1480 2457; x_wconf 90' lang='lat' dir='ltr'>auctore</span> <span class='ocrx_word' id='word_1_321' title='bbox 1513 2401 1570 2456; x_wconf 90' lang='lat' dir='ltr'>Deo</span> <span class='ocrx_word' id='word_1_322' title='bbox 1604 2398 1733 2455; x_wconf 88' lang='lat' dir='ltr'>viderent</span> <span class='ocrx_word' id='word_1_323' title='bbox 1757 2409 1806 2452; x_wconf 85' lang='lat' dir='ltr'>esse</span> 
     </span>
     <span class='ocr_line' id='line_1_25' title="bbox 132 2494 1804 2567; baseline 0.001 -17"><span class='ocrx_word' id='word_1_324' title='bbox 132 2496 232 2552; x_wconf 90' lang='lat' dir='ltr'>tinere.</span> <span class='ocrx_word' id='word_1_325' title='bbox 256 2496 335 2562; x_wconf 86' lang='lat' dir='ltr'>Quod</span> <span class='ocrx_word' id='word_1_326' title='bbox 351 2497 374 2552; x_wconf 94' lang='lat' dir='ltr'>si</span> <span class='ocrx_word' id='word_1_327' title='bbox 391 2497 599 2554; x_wconf 89' lang='lat' dir='ltr'>contaminatus</span> <span class='ocrx_word' id='word_1_328' title='bbox 613 2498 700 2554; x_wconf 84' lang='lat' dir='ltr'>luerit</span> <span class='ocrx_word' id='word_1_329' title='bbox 719 2498 826 2554; x_wconf 87' lang='lat' dir='ltr'>carnali</span> <span class='ocrx_word' id='word_1_330' title='bbox 845 2515 950 2555; x_wconf 92' lang='lat' dir='ltr'>concu·</span> <span class='ocrx_word' id='word_1_331' title='bbox 1001 2494 1243 2550; x_wconf 78' lang='lat' dir='ltr'>concessumiDe</span> <span class='ocrx_word' id='word_1_332' title='bbox 1266 2495 1309 2549; x_wconf 89' lang='lat' dir='ltr'>his</span> <span class='ocrx_word' id='word_1_333' title='bbox 1332 2511 1402 2567; x_wconf 80' lang='lat' dir='ltr'>crgo</span> <span class='ocrx_word' id='word_1_334' title='bbox 1416 2495 1456 2549; x_wconf 83' lang='lat' dir='ltr'>ite</span> <span class='ocrx_word' id='word_1_335' title='bbox 1469 2500 1502 2549; x_wconf 90' lang='lat' dir='ltr'>ut</span> <span class='ocrx_word' id='word_1_336' title='bbox 1515 2494 1657 2548; x_wconf 78' lang='lat' dir='ltr'>hactenus</span> <span class='ocrx_word' id='word_1_337' title='bbox 1680 2494 1804 2547; x_wconf 59' lang='lat' dir='ltr'>swintun</span> 
     </span>
     <span class='ocr_line' id='line_1_26' title="bbox 132 2587 1802 2665; baseline -0.005 -20"><span class='ocrx_word' id='word_1_338' title='bbox 132 2589 281 2661; x_wconf 89' lang='lat' dir='ltr'>piscentia,</span> <span class='ocrx_word' id='word_1_339' title='bbox 293 2607 350 2663; x_wconf 94' lang='lat' dir='ltr'>quo</span> <span class='ocrx_word' id='word_1_340' title='bbox 364 2591 475 2663; x_wconf 88' lang='lat' dir='ltr'>pudore</span> <span class='ocrx_word' id='word_1_341' title='bbox 490 2589 647 2648; x_wconf 83' lang='lat' dir='ltr'>sacrificare</span> <span class='ocrx_word' id='word_1_342' title='bbox 657 2591 817 2664; x_wconf 89' lang='lat' dir='ltr'>usurpabit,</span> <span class='ocrx_word' id='word_1_343' title='bbox 832 2598 882 2648; x_wconf 89' lang='lat' dir='ltr'>aut</span> <span class='ocrx_word' id='word_1_344' title='bbox 894 2596 951 2665; x_wconf 83' lang='lat' dir='ltr'>qua</span> <span class='ocrx_word' id='word_1_345' title='bbox 1000 2595 1052 2656; x_wconf 83' lang='lat' dir='ltr'>est,</span> <span class='ocrx_word' id='word_1_346' title='bbox 1077 2589 1116 2643; x_wconf 80' lang='lat' dir='ltr'>sic</span> <span class='ocrx_word' id='word_1_347' title='bbox 1137 2588 1303 2658; x_wconf 87' lang='lat' dir='ltr'>habeamus,</span> <span class='ocrx_word' id='word_1_348' title='bbox 1331 2606 1366 2644; x_wconf 92' lang='lat' dir='ltr'>ne</span> <span class='ocrx_word' id='word_1_349' title='bbox 1392 2593 1441 2643; x_wconf 87' lang='lat' dir='ltr'>aut</span> <span class='ocrx_word' id='word_1_350' title='bbox 1462 2587 1645 2659; x_wconf 84' lang='lat' dir='ltr'>disciplinam</span> <span class='ocrx_word' id='word_1_351' title='bbox 1681 2588 1802 2648; x_wconf 86' lang='lat' dir='ltr'>evertere,</span> 
     </span>
     <span class='ocr_line' id='line_1_27' title="bbox 132 2667 1801 2756; baseline -0.005 -18"><span class='ocrx_word' id='word_1_352' title='bbox 132 2683 306 2740; x_wconf 86' lang='lat' dir='ltr'>couscientia</span> <span class='ocrx_word' id='word_1_353' title='bbox 328 2667 420 2756; x_wconf 85' lang='lat' dir='ltr'>quove</span> <span class='ocrx_word' id='word_1_354' title='bbox 442 2686 547 2741; x_wconf 90' lang='lat' dir='ltr'>merito</span> <span class='ocrx_word' id='word_1_355' title='bbox 561 2685 689 2741; x_wconf 88' lang='lat' dir='ltr'>exaudiri</span> <span class='ocrx_word' id='word_1_356' title='bbox 710 2702 741 2740; x_wconf 92' lang='lat' dir='ltr'>se</span> <span class='ocrx_word' id='word_1_357' title='bbox 761 2686 859 2754; x_wconf 87' lang='lat' dir='ltr'>credit,</span> <span class='ocrx_word' id='word_1_358' title='bbox 884 2702 949 2741; x_wconf 91' lang='lat' dir='ltr'>cum</span> <span class='ocrx_word' id='word_1_359' title='bbox 1000 2687 1049 2736; x_wconf 90' lang='lat' dir='ltr'>aut</span> <span class='ocrx_word' id='word_1_360' title='bbox 1065 2684 1166 2737; x_wconf 88' lang='lat' dir='ltr'>contra</span> <span class='ocrx_word' id='word_1_361' title='bbox 1186 2682 1384 2738; x_wconf 87' lang='lat' dir='ltr'>auctoritatem</span> <span class='ocrx_word' id='word_1_362' title='bbox 1409 2682 1522 2737; x_wconf 90' lang='lat' dir='ltr'>Domini</span> <span class='ocrx_word' id='word_1_363' title='bbox 1542 2681 1639 2736; x_wconf 91' lang='lat' dir='ltr'>venire</span> <span class='ocrx_word' id='word_1_364' title='bbox 1659 2679 1801 2735; x_wconf 85' lang='lat' dir='ltr'>videamur.</span> 
     </span>
     <span class='ocr_line' id='line_1_28' title="bbox 132 2767 1801 2851; baseline -0.004 -21"><span class='ocrx_word' id='word_1_365' title='bbox 132 2777 240 2831; x_wconf 91' lang='lat' dir='ltr'>dictum</span> <span class='ocrx_word' id='word_1_366' title='bbox 249 2778 302 2832; x_wconf 89' lang='lat' dir='ltr'>sit:</span> <span class='ocrx_word' id='word_1_367' title='bbox 316 2799 331 2827; x_wconf 75' lang='lat' dir='ltr'>u</span> <span class='ocrx_word' id='word_1_368' title='bbox 344 2777 450 2833; x_wconf 92' lang='lat' dir='ltr'>Omnia</span> <span class='ocrx_word' id='word_1_369' title='bbox 458 2779 951 2851; x_wconf 87' lang='lat' dir='ltr'>mundamundis,coinquinatisnu·</span> <span class='ocrx_word' id='word_1_370' title='bbox 1001 2776 1069 2848; x_wconf 89' lang='lat' dir='ltr'>lpsis</span> <span class='ocrx_word' id='word_1_371' title='bbox 1093 2778 1190 2832; x_wconf 81' lang='lat' dir='ltr'>auteur</span> <span class='ocrx_word' id='word_1_372' title='bbox 1212 2776 1366 2832; x_wconf 88' lang='lat' dir='ltr'>iuratione</span> <span class='ocrx_word' id='word_1_373' title='bbox 1387 2774 1532 2831; x_wconf 87' lang='lat' dir='ltr'>reddenda</span> <span class='ocrx_word' id='word_1_374' title='bbox 1554 2780 1637 2847; x_wconf 80' lang='lat' dir='ltr'>geste</span> <span class='ocrx_word' id='word_1_375' title='bbox 1658 2767 1801 2829; x_wconf 84' lang='lat' dir='ltr'>suaomuia</span> 
     </span>
     <span class='ocr_line' id='line_1_29' title="bbox 131 2870 1199 2944; baseline 0.002 -20"><span class='ocrx_word' id='word_1_376' title='bbox 131 2872 191 2925; x_wconf 89' lang='lat' dir='ltr'>tem</span> <span class='ocrx_word' id='word_1_377' title='bbox 208 2875 235 2925; x_wconf 91' lang='lat' dir='ltr'>et</span> <span class='ocrx_word' id='word_1_378' title='bbox 248 2870 412 2926; x_wconf 76' lang='lat' dir='ltr'>infidelibus</span> <span class='ocrx_word' id='word_1_379' title='bbox 425 2871 497 2926; x_wconf 88' lang='lat' dir='ltr'>nibil</span> <span class='ocrx_word' id='word_1_380' title='bbox 510 2872 673 2928; x_wconf 79' lang='lat' dir='ltr'>mundum?</span> <span class='ocrx_word' id='word_1_381' title='bbox 686 2873 751 2944; x_wconf 79' lang='lat' dir='ltr'>(rc.</span> <span class='ocrx_word' id='word_1_382' title='bbox 766 2890 785 2942; x_wconf 86' lang='lat'>1,</span> <span class='ocrx_word' id='word_1_383' title='bbox 801 2875 853 2943; x_wconf 75' lang='lat'><strong>¹5.)</strong></span> <span class='ocrx_word' id='word_1_384' title='bbox 867 2895 880 2923; x_wconf 74' lang='lat' dir='ltr'>s</span> <span class='ocrx_word' id='word_1_385' title='bbox 895 2873 950 2930; x_wconf 88' lang='lat' dir='ltr'>Sed</span> <span class='ocrx_word' id='word_1_386' title='bbox 999 2870 1199 2926; x_wconf 85' lang='lat' dir='ltr'>servabuntur.</span> 
     </span>
    </p>

    <p class='ocr_par' dir='ltr' id='par_1_4' title="bbox 123 2962 1845 4734">
     <span class='ocr_line' id='line_1_30' title="bbox 131 2962 1799 3038; baseline -0.003 -20"><span class='ocrx_word' id='word_1_387' title='bbox 131 2963 252 3019; x_wconf 84' lang='lat' dir='ltr'>fortasse</span> <span class='ocrx_word' id='word_1_388' title='bbox 266 2964 321 3019; x_wconf 91' lang='lat' dir='ltr'>hoc</span> <span class='ocrx_word' id='word_1_389' title='bbox 335 2963 418 3019; x_wconf 89' lang='lat' dir='ltr'>licere</span> <span class='ocrx_word' id='word_1_390' title='bbox 433 2963 752 3038; x_wconf 89' lang='lat' dir='ltr'>credit,quiascriptum</span> <span class='ocrx_word' id='word_1_391' title='bbox 766 2971 808 3022; x_wconf 87' lang='lat' dir='ltr'>est</span> <span class='ocrx_word' id='word_1_392' title='bbox 819 2985 826 3023; x_wconf 74' lang='lat' dir='ltr'>s</span> <span class='ocrx_word' id='word_1_393' title='bbox 837 2989 851 3018; x_wconf 91' lang='lat'>«</span> <span class='ocrx_word' id='word_1_394' title='bbox 862 2969 950 3024; x_wconf 91' lang='lat' dir='ltr'>Unius</span> <span class='ocrx_word' id='word_1_395' title='bbox 1035 2965 1078 3019; x_wconf 91' lang='lat' dir='ltr'>lV.</span> <span class='ocrx_word' id='word_1_396' title='bbox 1093 2965 1126 3019; x_wconf 90' lang='lat' dir='ltr'>Et</span> <span class='ocrx_word' id='word_1_397' title='bbox 1145 2964 1217 3019; x_wconf 92' lang='lat' dir='ltr'>illud</span> <span class='ocrx_word' id='word_1_398' title='bbox 1232 2963 1424 3021; x_wconf 85' lang='lat' dir='ltr'>desideratum</span> <span class='ocrx_word' id='word_1_399' title='bbox 1445 2967 1488 3018; x_wconf 91' lang='lat' dir='ltr'>est</span> <span class='ocrx_word' id='word_1_400' title='bbox 1515 2962 1590 3030; x_wconf 89' lang='lat' dir='ltr'>sciri,</span> <span class='ocrx_word' id='word_1_401' title='bbox 1615 2978 1668 3016; x_wconf 92' lang='lat' dir='ltr'>cur</span> <span class='ocrx_word' id='word_1_402' title='bbox 1688 2973 1799 3015; x_wconf 88' lang='lat' dir='ltr'>commu·</span> 
     </span>
     <span class='ocr_line' id='line_1_31' title="bbox 132 3053 1798 3132; baseline -0.004 -21"><span class='ocrx_word' id='word_1_403' title='bbox 132 3056 226 3111; x_wconf 85' lang='lat' dir='ltr'>uxoris</span> <span class='ocrx_word' id='word_1_404' title='bbox 247 3056 340 3113; x_wconf 88' lang='lat' dir='ltr'>vimm</span> <span class='ocrx_word' id='word_1_405' title='bbox 364 3056 388 3128; x_wconf 85' lang='lat' dir='ltr'>(l</span> <span class='ocrx_word' id='word_1_406' title='bbox 399 3059 467 3113; x_wconf 77' lang='lat' dir='ltr'>itm.</span> <span class='ocrx_word' id='word_1_407' title='bbox 484 3075 525 3128; x_wconf 80' lang='grc' dir='ltr'>ιιι,</span> <span class='ocrx_word' id='word_1_408' title='bbox 539 3062 577 3129; x_wconf 77' lang='lat'>2).</span> <span class='ocrx_word' id='word_1_409' title='bbox 599 3080 613 3110; x_wconf 92' lang='lat'>»</span> <span class='ocrx_word' id='word_1_410' title='bbox 635 3060 697 3115; x_wconf 83' lang='lat' dir='ltr'>lton</span> <span class='ocrx_word' id='word_1_411' title='bbox 719 3062 899 3132; x_wconf 71' lang='lat' dir='ltr'>permanenti</span> <span class='ocrx_word' id='word_1_412' title='bbox 920 3062 949 3118; x_wconf 79' lang='lat' dir='ltr'>in</span> <span class='ocrx_word' id='word_1_413' title='bbox 1000 3056 1553 3114; x_wconf 86' lang='lat' dir='ltr'>nicantesviricumadultcrieuxcribus</span> <span class='ocrx_word' id='word_1_414' title='bbox 1567 3053 1798 3115; x_wconf 86' lang='lat' dir='ltr'>nonconvenieut,</span> 
     </span>
     <span class='ocr_line' id='line_1_32' title="bbox 129 3118 1800 3228; baseline 0.002 -22"><span class='ocrx_word' id='word_1_415' title='bbox 129 3150 355 3224; x_wconf 84' lang='lat' dir='ltr'>eoncupiscentia</span> <span class='ocrx_word' id='word_1_416' title='bbox 369 3151 526 3222; x_wconf 81' lang='lat' dir='ltr'>generandi</span> <span class='ocrx_word' id='word_1_417' title='bbox 538 3150 591 3207; x_wconf 91' lang='lat' dir='ltr'>hoc</span> <span class='ocrx_word' id='word_1_418' title='bbox 605 3152 681 3224; x_wconf 91' lang='lat' dir='ltr'>dicit,</span> <span class='ocrx_word' id='word_1_419' title='bbox 694 3154 744 3211; x_wconf 89' lang='lat' dir='ltr'>sed</span> <span class='ocrx_word' id='word_1_420' title='bbox 754 3160 947 3228; x_wconf 87' lang='lat' dir='ltr'>proptercon·</span> <span class='ocrx_word' id='word_1_421' title='bbox 960 3118 988 3193; x_wconf 75' lang='lat' dir='ltr'>C</span> <span class='ocrx_word' id='word_1_422' title='bbox 1002 3167 1066 3205; x_wconf 82' lang='lat' dir='ltr'>cum</span> <span class='ocrx_word' id='word_1_423' title='bbox 1081 3167 1097 3205; x_wconf 80' lang='lat' dir='ltr'>e</span> <span class='ocrx_word' id='word_1_424' title='bbox 1111 3156 1212 3208; x_wconf 79' lang='lat' dir='ltr'>contra</span> <span class='ocrx_word' id='word_1_425' title='bbox 1225 3168 1326 3207; x_wconf 80' lang='lat' dir='ltr'>uxores</span> <span class='ocrx_word' id='word_1_426' title='bbox 1341 3152 1370 3206; x_wconf 91' lang='lat' dir='ltr'>in</span> <span class='ocrx_word' id='word_1_427' title='bbox 1384 3151 1529 3207; x_wconf 82' lang='lat' dir='ltr'>consortio</span> <span class='ocrx_word' id='word_1_428' title='bbox 1541 3150 1735 3206; x_wconf 77' lang='lat' dir='ltr'>adulterorum</span> <span class='ocrx_word' id='word_1_429' title='bbox 1742 3145 1800 3202; x_wconf 62' lang='lat' dir='ltr'>tini</span> 
     </span>
     <span class='ocr_line' id='line_1_33' title="bbox 128 3237 1798 3322; baseline -0.004 -22"><span class='ocrx_word' id='word_1_430' title='bbox 128 3244 282 3300; x_wconf 87' lang='lat' dir='ltr'>tinentiam</span> <span class='ocrx_word' id='word_1_431' title='bbox 290 3246 427 3301; x_wconf 85' lang='lat' dir='ltr'>futuram.</span> <span class='ocrx_word' id='word_1_432' title='bbox 437 3246 534 3318; x_wconf 92' lang='lat' dir='ltr'>Neque</span> <span class='ocrx_word' id='word_1_433' title='bbox 541 3246 618 3302; x_wconf 90' lang='lat' dir='ltr'>enim</span> <span class='ocrx_word' id='word_1_434' title='bbox 628 3246 754 3321; x_wconf 79' lang='lat' dir='ltr'>integros</span> <span class='ocrx_word' id='word_1_435' title='bbox 764 3266 948 3322; x_wconf 88' lang='lat' dir='ltr'>corporenon</span> <span class='ocrx_word' id='word_1_436' title='bbox 998 3262 1063 3300; x_wconf 83' lang='lat' dir='ltr'>rum</span> <span class='ocrx_word' id='word_1_437' title='bbox 1077 3261 1194 3302; x_wconf 75' lang='lat' dir='ltr'>manere</span> <span class='ocrx_word' id='word_1_438' title='bbox 1209 3246 1369 3302; x_wconf 87' lang='lat' dir='ltr'>videantur.</span> <span class='ocrx_word' id='word_1_439' title='bbox 1392 3246 1485 3318; x_wconf 86' lang='lat' dir='ltr'>Super</span> <span class='ocrx_word' id='word_1_440' title='bbox 1499 3246 1552 3300; x_wconf 91' lang='lat' dir='ltr'>hoc</span> <span class='ocrx_word' id='word_1_441' title='bbox 1577 3237 1798 3300; x_wconf 78' lang='lat' dir='ltr'>Chrisbauareli·</span> 
     </span>
     <span class='ocr_line' id='line_1_34' title="bbox 129 3338 1798 3412; baseline -0.002 -19"><span class='ocrx_word' id='word_1_442' title='bbox 129 3338 245 3394; x_wconf 87' lang='lat' dir='ltr'>admisit</span> <span class='ocrx_word' id='word_1_443' title='bbox 256 3339 307 3412; x_wconf 92' lang='lat' dir='ltr'>qui</span> <span class='ocrx_word' id='word_1_444' title='bbox 317 3339 377 3394; x_wconf 93' lang='lat' dir='ltr'>ait:</span> <span class='ocrx_word' id='word_1_445' title='bbox 404 3361 419 3390; x_wconf 90' lang='lat'>«</span> <span class='ocrx_word' id='word_1_446' title='bbox 434 3340 540 3395; x_wconf 85' lang='lat' dir='ltr'>Vellem</span> <span class='ocrx_word' id='word_1_447' title='bbox 554 3357 654 3397; x_wconf 90' lang='lat' dir='ltr'>omnes</span> <span class='ocrx_word' id='word_1_448' title='bbox 675 3347 771 3399; x_wconf 81' lang='lat' dir='ltr'>autam</span> <span class='ocrx_word' id='word_1_449' title='bbox 786 3344 825 3399; x_wconf 92' lang='lat' dir='ltr'>sic</span> <span class='ocrx_word' id='word_1_450' title='bbox 840 3361 898 3401; x_wconf 87' lang='lat' dir='ltr'>esse</span> <span class='ocrx_word' id='word_1_451' title='bbox 910 3345 947 3400; x_wconf 89' lang='lat' dir='ltr'>si·</span> <span class='ocrx_word' id='word_1_452' title='bbox 999 3339 1045 3411; x_wconf 78' lang='lat' dir='ltr'>gio</span> <span class='ocrx_word' id='word_1_453' title='bbox 1067 3338 1239 3396; x_wconf 87' lang='lat' dir='ltr'>adulterium</span> <span class='ocrx_word' id='word_1_454' title='bbox 1253 3341 1283 3395; x_wconf 93' lang='lat' dir='ltr'>in</span> <span class='ocrx_word' id='word_1_455' title='bbox 1297 3343 1417 3412; x_wconf 90' lang='lat' dir='ltr'>utroque</span> <span class='ocrx_word' id='word_1_456' title='bbox 1441 3356 1511 3395; x_wconf 85' lang='lat' dir='ltr'>sexu</span> <span class='ocrx_word' id='word_1_457' title='bbox 1527 3338 1589 3411; x_wconf 89' lang='lat' dir='ltr'>peri</span> <span class='ocrx_word' id='word_1_458' title='bbox 1614 3338 1724 3393; x_wconf 90' lang='lat' dir='ltr'>ratione</span> <span class='ocrx_word' id='word_1_459' title='bbox 1744 3350 1798 3389; x_wconf 91' lang='lat' dir='ltr'>con·</span> 
     </span>
     <span class='ocr_line' id='line_1_35' title="bbox 128 3425 1798 3508; baseline -0.004 -21"><span class='ocrx_word' id='word_1_460' title='bbox 128 3435 285 3505; x_wconf 79' lang='lat' dir='ltr'>cutotego</span> <span class='ocrx_word' id='word_1_461' title='bbox 307 3433 332 3504; x_wconf 91' lang='lat' dir='ltr'>(l</span> <span class='ocrx_word' id='word_1_462' title='bbox 345 3435 405 3491; x_wconf 83' lang='lat' dir='ltr'>Gor.</span> <span class='ocrx_word' id='word_1_463' title='bbox 420 3449 468 3501; x_wconf 89' lang='lat' dir='ltr'>vn,</span> <span class='ocrx_word' id='word_1_464' title='bbox 485 3433 522 3504; x_wconf 85' lang='lat'>7).</span> <span class='ocrx_word' id='word_1_465' title='bbox 538 3453 552 3486; x_wconf 94' lang='lat'>»</span> <span class='ocrx_word' id='word_1_466' title='bbox 574 3432 655 3500; x_wconf 86' lang='lat' dir='ltr'>Quod</span> <span class='ocrx_word' id='word_1_467' title='bbox 678 3437 804 3508; x_wconf 88' lang='lat' dir='ltr'>apertius</span> <span class='ocrx_word' id='word_1_468' title='bbox 825 3438 950 3494; x_wconf 88' lang='lat' dir='ltr'>declarat</span> <span class='ocrx_word' id='word_1_469' title='bbox 999 3433 1126 3502; x_wconf 83' lang='lat' dir='ltr'>damnat,</span> <span class='ocrx_word' id='word_1_470' title='bbox 1149 3435 1199 3490; x_wconf 92' lang='lat' dir='ltr'>sed</span> <span class='ocrx_word' id='word_1_471' title='bbox 1222 3435 1297 3490; x_wconf 89' lang='lat' dir='ltr'>viros</span> <span class='ocrx_word' id='word_1_472' title='bbox 1322 3451 1388 3490; x_wconf 88' lang='lat' dir='ltr'>suos</span> <span class='ocrx_word' id='word_1_473' title='bbox 1420 3434 1554 3490; x_wconf 87' lang='lat' dir='ltr'>mulieres</span> <span class='ocrx_word' id='word_1_474' title='bbox 1589 3449 1645 3487; x_wconf 91' lang='lat' dir='ltr'>non</span> <span class='ocrx_word' id='word_1_475' title='bbox 1672 3431 1750 3486; x_wconf 81' lang='lat' dir='ltr'>facilc</span> <span class='ocrx_word' id='word_1_476' title='bbox 1772 3425 1798 3481; x_wconf 86' lang='lat' dir='ltr'>ds</span> 
     </span>
     <span class='ocr_line' id='line_1_36' title="bbox 127 3525 1799 3603; baseline -0.002 -23"><span class='ocrx_word' id='word_1_477' title='bbox 127 3525 241 3580; x_wconf 89' lang='lat' dir='ltr'>dicens:</span> <span class='ocrx_word' id='word_1_478' title='bbox 260 3548 274 3576; x_wconf 89' lang='lat'>«</span> <span class='ocrx_word' id='word_1_479' title='bbox 289 3525 342 3590; x_wconf 84' lang='lat' dir='ltr'>Qui</span> <span class='ocrx_word' id='word_1_480' title='bbox 357 3530 453 3581; x_wconf 84' lang='lat' dir='ltr'>autem</span> <span class='ocrx_word' id='word_1_481' title='bbox 467 3527 496 3581; x_wconf 94' lang='lat' dir='ltr'>iu</span> <span class='ocrx_word' id='word_1_482' title='bbox 512 3543 598 3583; x_wconf 88' lang='lat' dir='ltr'>carne</span> <span class='ocrx_word' id='word_1_483' title='bbox 613 3531 680 3584; x_wconf 91' lang='lat' dir='ltr'>sunt</span> <span class='ocrx_word' id='word_1_484' title='bbox 694 3530 751 3586; x_wconf 92' lang='lat' dir='ltr'>Deo</span> <span class='ocrx_word' id='word_1_485' title='bbox 763 3532 875 3603; x_wconf 83' lang='lat' dir='ltr'>placere</span> <span class='ocrx_word' id='word_1_486' title='bbox 889 3549 949 3589; x_wconf 85' lang='lat' dir='ltr'>non</span> <span class='ocrx_word' id='word_1_487' title='bbox 997 3528 1135 3583; x_wconf 90' lang='lat' dir='ltr'>adulterio</span> <span class='ocrx_word' id='word_1_488' title='bbox 1157 3534 1299 3597; x_wconf 88' lang='lat' dir='ltr'>accusant,</span> <span class='ocrx_word' id='word_1_489' title='bbox 1323 3532 1350 3584; x_wconf 90' lang='lat' dir='ltr'>et</span> <span class='ocrx_word' id='word_1_490' title='bbox 1365 3545 1424 3584; x_wconf 91' lang='lat' dir='ltr'>non</span> <span class='ocrx_word' id='word_1_491' title='bbox 1444 3528 1550 3583; x_wconf 92' lang='lat' dir='ltr'>habent</span> <span class='ocrx_word' id='word_1_492' title='bbox 1564 3525 1683 3583; x_wconf 84' lang='lat' dir='ltr'>latentia</span> <span class='ocrx_word' id='word_1_493' title='bbox 1701 3527 1799 3598; x_wconf 80' lang='lat' dir='ltr'>peccati</span> 
     </span>
     <span class='ocr_line' id='line_1_37' title="bbox 126 3613 1798 3699; baseline 0 -26"><span class='ocrx_word' id='word_1_494' title='bbox 126 3621 255 3690; x_wconf 91' lang='lat' dir='ltr'>possunt,</span> <span class='ocrx_word' id='word_1_495' title='bbox 268 3636 318 3675; x_wconf 91' lang='lat' dir='ltr'>vos</span> <span class='ocrx_word' id='word_1_496' title='bbox 328 3623 423 3675; x_wconf 90' lang='lat' dir='ltr'>autem</span> <span class='ocrx_word' id='word_1_497' title='bbox 433 3620 495 3691; x_wconf 89' lang='lat' dir='ltr'>jam</span> <span class='ocrx_word' id='word_1_498' title='bbox 509 3637 567 3676; x_wconf 92' lang='lat' dir='ltr'>non</span> <span class='ocrx_word' id='word_1_499' title='bbox 577 3622 643 3677; x_wconf 88' lang='lat' dir='ltr'>estis</span> <span class='ocrx_word' id='word_1_500' title='bbox 655 3621 786 3696; x_wconf 88' lang='lat' dir='ltr'>incarne,</span> <span class='ocrx_word' id='word_1_501' title='bbox 795 3626 884 3681; x_wconf 87' lang='lat' dir='ltr'>sedin</span> <span class='ocrx_word' id='word_1_502' title='bbox 894 3627 949 3699; x_wconf 90' lang='lat' dir='ltr'>spi·</span> <span class='ocrx_word' id='word_1_503' title='bbox 997 3621 1162 3693; x_wconf 83' lang='lat' dir='ltr'>vindictam,</span> <span class='ocrx_word' id='word_1_504' title='bbox 1177 3622 1229 3678; x_wconf 90' lang='lat' dir='ltr'>viri</span> <span class='ocrx_word' id='word_1_505' title='bbox 1239 3627 1336 3679; x_wconf 88' lang='lat' dir='ltr'>autem</span> <span class='ocrx_word' id='word_1_506' title='bbox 1350 3623 1468 3679; x_wconf 90' lang='lat' dir='ltr'>liberius</span> <span class='ocrx_word' id='word_1_507' title='bbox 1479 3638 1582 3677; x_wconf 81' lang='lat' dir='ltr'>uxores</span> <span class='ocrx_word' id='word_1_508' title='bbox 1591 3613 1798 3689; x_wconf 82' lang='lat' dir='ltr'>adulterasapud</span> 
     </span>
     <span class='ocr_line' id='line_1_38' title="bbox 128 3710 1796 3793; baseline -0.001 -27"><span class='ocrx_word' id='word_1_509' title='bbox 128 3712 185 3767; x_wconf 92' lang='lat' dir='ltr'>ritu</span> <span class='ocrx_word' id='word_1_510' title='bbox 196 3710 279 3775; x_wconf 81' lang='lat' dir='ltr'>(Dum.</span> <span class='ocrx_word' id='word_1_511' title='bbox 288 3729 346 3782; x_wconf 89' lang='lat' dir='ltr'>vm,</span> <span class='ocrx_word' id='word_1_512' title='bbox 358 3716 447 3784; x_wconf 79' lang='lat'>8·9),»</span> <span class='ocrx_word' id='word_1_513' title='bbox 463 3719 492 3770; x_wconf 90' lang='lat' dir='ltr'>et</span> <span class='ocrx_word' id='word_1_514' title='bbox 502 3714 537 3769; x_wconf 89' lang='lat' dir='ltr'>ad</span> <span class='ocrx_word' id='word_1_515' title='bbox 546 3715 700 3772; x_wconf 87' lang='lat' dir='ltr'>habentem</span> <span class='ocrx_word' id='word_1_516' title='bbox 709 3717 782 3774; x_wconf 87' lang='lat' dir='ltr'>filios</span> <span class='ocrx_word' id='word_1_517' title='bbox 794 3736 853 3775; x_wconf 93' lang='lat' dir='ltr'>uon</span> <span class='ocrx_word' id='word_1_518' title='bbox 863 3737 948 3793; x_wconf 81' lang='lat' dir='ltr'>gene·</span> <span class='ocrx_word' id='word_1_519' title='bbox 997 3716 1157 3772; x_wconf 86' lang='lat' dir='ltr'>sacerdotes</span> <span class='ocrx_word' id='word_1_520' title='bbox 1170 3717 1282 3773; x_wconf 84' lang='lat' dir='ltr'>deferre</span> <span class='ocrx_word' id='word_1_521' title='bbox 1295 3721 1509 3773; x_wconf 88' lang='lat' dir='ltr'>consueverunt.</span> <span class='ocrx_word' id='word_1_522' title='bbox 1521 3718 1555 3771; x_wconf 88' lang='lat' dir='ltr'>Et</span> <span class='ocrx_word' id='word_1_523' title='bbox 1565 3714 1631 3771; x_wconf 87' lang='lat' dir='ltr'>idco</span> <span class='ocrx_word' id='word_1_524' title='bbox 1640 3712 1796 3778; x_wconf 83' lang='lat' dir='ltr'>mulieribus,</span> 
     </span>
     <span class='ocr_line' id='line_1_39' title="bbox 128 3801 1795 3882; baseline 0.001 -21"><span class='ocrx_word' id='word_1_525' title='bbox 128 3803 241 3862; x_wconf 73' lang='lat' dir='ltr'>rentem</span> <span class='ocrx_word' id='word_1_526' title='bbox 253 3806 335 3875; x_wconf 80' lang='lat' dir='ltr'>dixit,</span> <span class='ocrx_word' id='word_1_527' title='bbox 347 3807 397 3862; x_wconf 90' lang='lat' dir='ltr'>sed</span> <span class='ocrx_word' id='word_1_528' title='bbox 411 3823 445 3862; x_wconf 89' lang='lat' dir='ltr'>ea</span> <span class='ocrx_word' id='word_1_529' title='bbox 458 3808 543 3880; x_wconf 90' lang='lat' dir='ltr'>plane</span> <span class='ocrx_word' id='word_1_530' title='bbox 556 3808 653 3880; x_wconf 89' lang='lat' dir='ltr'>dispar</span> <span class='ocrx_word' id='word_1_531' title='bbox 667 3813 696 3866; x_wconf 87' lang='lat' dir='ltr'>et</span> <span class='ocrx_word' id='word_1_532' title='bbox 708 3811 797 3867; x_wconf 87' lang='lat' dir='ltr'>divisa</span> <span class='ocrx_word' id='word_1_533' title='bbox 807 3815 947 3871; x_wconf 89' lang='lat' dir='ltr'>sententia</span> <span class='ocrx_word' id='word_1_534' title='bbox 996 3809 1110 3882; x_wconf 82' lang='lat' dir='ltr'>prodito</span> <span class='ocrx_word' id='word_1_535' title='bbox 1126 3826 1224 3865; x_wconf 79' lang='lat' dir='ltr'>earum</span> <span class='ocrx_word' id='word_1_536' title='bbox 1244 3811 1373 3882; x_wconf 87' lang='lat' dir='ltr'>crimine,</span> <span class='ocrx_word' id='word_1_537' title='bbox 1393 3810 1558 3866; x_wconf 90' lang='lat' dir='ltr'>communio</span> <span class='ocrx_word' id='word_1_538' title='bbox 1579 3808 1746 3881; x_wconf 81' lang='lat' dir='ltr'>denegatur,</span> <span class='ocrx_word' id='word_1_539' title='bbox 1765 3801 1795 3855; x_wconf 77' lang='lat' dir='ltr'>vi·</span> 
     </span>
     <span class='ocr_line' id='line_1_40' title="bbox 128 3901 1796 3981; baseline -0.001 -26"><span class='ocrx_word' id='word_1_540' title='bbox 128 3903 179 3955; x_wconf 89' lang='lat' dir='ltr'>est.</span> <span class='ocrx_word' id='word_1_541' title='bbox 195 3901 265 3955; x_wconf 91' lang='lat' dir='ltr'>Nam</span> <span class='ocrx_word' id='word_1_542' title='bbox 282 3901 306 3954; x_wconf 92' lang='lat' dir='ltr'>si</span> <span class='ocrx_word' id='word_1_543' title='bbox 318 3901 419 3973; x_wconf 88' lang='lat' dir='ltr'>aliquis</span> <span class='ocrx_word' id='word_1_544' title='bbox 430 3901 523 3958; x_wconf 88' lang='lat' dir='ltr'>forma</span> <span class='ocrx_word' id='word_1_545' title='bbox 543 3902 592 3958; x_wconf 89' lang='lat' dir='ltr'>illa</span> <span class='ocrx_word' id='word_1_546' title='bbox 604 3904 797 3962; x_wconf 77' lang='lat' dir='ltr'>ecclesiastice</span> <span class='ocrx_word' id='word_1_547' title='bbox 812 3907 877 3963; x_wconf 79' lang='lat' dir='ltr'>vitae</span> <span class='ocrx_word' id='word_1_548' title='bbox 894 3925 945 3981; x_wconf 86' lang='lat' dir='ltr'>pa·</span> <span class='ocrx_word' id='word_1_549' title='bbox 996 3920 1093 3958; x_wconf 88' lang='lat' dir='ltr'>rorum</span> <span class='ocrx_word' id='word_1_550' title='bbox 1102 3906 1562 3975; x_wconf 88' lang='lat' dir='ltr'>autem,latcutecommisso,non</span> <span class='ocrx_word' id='word_1_551' title='bbox 1574 3902 1656 3959; x_wconf 89' lang='lat' dir='ltr'>facile</span> <span class='ocrx_word' id='word_1_552' title='bbox 1665 3901 1796 3975; x_wconf 85' lang='lat' dir='ltr'>quisquan</span> 
     </span>
     <span class='ocr_line' id='line_1_41' title="bbox 127 3988 1796 4075; baseline -0.001 -27"><span class='ocrx_word' id='word_1_553' title='bbox 127 3993 207 4062; x_wconf 85' lang='lat' dir='ltr'>riter,</span> <span class='ocrx_word' id='word_1_554' title='bbox 222 3997 252 4049; x_wconf 89' lang='lat' dir='ltr'>et</span> <span class='ocrx_word' id='word_1_555' title='bbox 263 3993 421 4065; x_wconf 74' lang='lat' dir='ltr'>disciplinae</span> <span class='ocrx_word' id='word_1_556' title='bbox 436 4011 501 4067; x_wconf 77' lang='lat' dir='ltr'>quae</span> <span class='ocrx_word' id='word_1_557' title='bbox 514 3995 551 4050; x_wconf 89' lang='lat' dir='ltr'>ab</span> <span class='ocrx_word' id='word_1_558' title='bbox 567 3996 699 4071; x_wconf 90' lang='lat' dir='ltr'>episcopo</span> <span class='ocrx_word' id='word_1_559' title='bbox 712 3999 810 4056; x_wconf 86' lang='lat' dir='ltr'>Siricio</span> <span class='ocrx_word' id='word_1_560' title='bbox 830 4002 866 4056; x_wconf 87' lang='lat' dir='ltr'>ad</span> <span class='ocrx_word' id='word_1_561' title='bbox 878 4018 944 4075; x_wconf 84' lang='lat' dir='ltr'>pro·</span> <span class='ocrx_word' id='word_1_562' title='bbox 996 4014 1032 4052; x_wconf 83' lang='lat' dir='ltr'>ex</span> <span class='ocrx_word' id='word_1_563' title='bbox 1044 3999 1251 4070; x_wconf 89' lang='lat' dir='ltr'>suspicionibus</span> <span class='ocrx_word' id='word_1_564' title='bbox 1269 3999 1437 4068; x_wconf 86' lang='lat' dir='ltr'>abstinetur,</span> <span class='ocrx_word' id='word_1_565' title='bbox 1451 3998 1501 4071; x_wconf 93' lang='lat' dir='ltr'>qui</span> <span class='ocrx_word' id='word_1_566' title='bbox 1519 3998 1618 4071; x_wconf 91' lang='lat' dir='ltr'>utique</span> <span class='ocrx_word' id='word_1_567' title='bbox 1637 3988 1796 4052; x_wconf 82' lang='lat' dir='ltr'>submovebi-</span> 
     </span>
     <span class='ocr_line' id='line_1_42' title="bbox 127 4087 1794 4167; baseline 0.001 -26"><span class='ocrx_word' id='word_1_568' title='bbox 127 4087 232 4142; x_wconf 86' lang='lat' dir='ltr'>vincias</span> <span class='ocrx_word' id='word_1_569' title='bbox 255 4088 425 4143; x_wconf 89' lang='lat' dir='ltr'>commeavit</span> <span class='ocrx_word' id='word_1_570' title='bbox 442 4105 501 4144; x_wconf 92' lang='lat' dir='ltr'>nou</span> <span class='ocrx_word' id='word_1_571' title='bbox 517 4089 684 4160; x_wconf 89' lang='lat' dir='ltr'>probabitur</span> <span class='ocrx_word' id='word_1_572' title='bbox 710 4094 880 4165; x_wconf 89' lang='lat' dir='ltr'>pervenisse,</span> <span class='ocrx_word' id='word_1_573' title='bbox 901 4096 946 4151; x_wconf 90' lang='lat' dir='ltr'>his</span> <span class='ocrx_word' id='word_1_574' title='bbox 996 4095 1052 4164; x_wconf 92' lang='lat' dir='ltr'>tur,</span> <span class='ocrx_word' id='word_1_575' title='bbox 1069 4092 1092 4147; x_wconf 89' lang='lat' dir='ltr'>si</span> <span class='ocrx_word' id='word_1_576' title='bbox 1106 4093 1166 4165; x_wconf 89' lang='lat' dir='ltr'>ejus</span> <span class='ocrx_word' id='word_1_577' title='bbox 1176 4094 1316 4167; x_wconf 80' lang='lat' dir='ltr'>flagitium</span> <span class='ocrx_word' id='word_1_578' title='bbox 1328 4094 1488 4167; x_wconf 79' lang='lat' dir='ltr'>detegatur.</span> <span class='ocrx_word' id='word_1_579' title='bbox 1503 4094 1576 4149; x_wconf 83' lang='lat' dir='ltr'>Cum</span> <span class='ocrx_word' id='word_1_580' title='bbox 1589 4107 1718 4164; x_wconf 80' lang='lat' dir='ltr'>ergopar</span> <span class='ocrx_word' id='word_1_581' title='bbox 1728 4099 1794 4144; x_wconf 70' lang='lat' dir='ltr'>cautu</span> 
     </span>
     <span class='ocr_line' id='line_1_43' title="bbox 123 4178 1793 4263; baseline 0.001 -29"><span class='ocrx_word' id='word_1_582' title='bbox 123 4179 325 4251; x_wconf 79' lang='lat' dir='ltr'>ignorantibus</span> <span class='ocrx_word' id='word_1_583' title='bbox 344 4180 427 4237; x_wconf 88' lang='lat' dir='ltr'>venia</span> <span class='ocrx_word' id='word_1_584' title='bbox 440 4181 612 4254; x_wconf 88' lang='lat' dir='ltr'>remittetur,</span> <span class='ocrx_word' id='word_1_585' title='bbox 626 4184 667 4239; x_wconf 88' lang='lat' dir='ltr'>ita</span> <span class='ocrx_word' id='word_1_586' title='bbox 689 4186 768 4242; x_wconf 92' lang='lat' dir='ltr'>utde</span> <span class='ocrx_word' id='word_1_587' title='bbox 781 4192 944 4263; x_wconf 75' lang='lat' dir='ltr'>eaeterope-</span> <span class='ocrx_word' id='word_1_588' title='bbox 995 4186 1041 4257; x_wconf 91' lang='lat' dir='ltr'>sit,</span> <span class='ocrx_word' id='word_1_589' title='bbox 1065 4186 1210 4243; x_wconf 90' lang='lat' dir='ltr'>interdum</span> <span class='ocrx_word' id='word_1_590' title='bbox 1234 4188 1404 4261; x_wconf 89' lang='lat' dir='ltr'>probatione</span> <span class='ocrx_word' id='word_1_591' title='bbox 1430 4192 1557 4245; x_wconf 87' lang='lat' dir='ltr'>cessante</span> <span class='ocrx_word' id='word_1_592' title='bbox 1581 4187 1713 4242; x_wconf 72' lang='lat' dir='ltr'>vindicta</span> <span class='ocrx_word' id='word_1_593' title='bbox 1737 4178 1793 4238; x_wconf 77' lang='lat' dir='ltr'>nus</span> 
     </span>
     <span class='ocr_line' id='line_1_44' title="bbox 126 4271 1845 4357; baseline 0.01 -30"><span class='ocrx_word' id='word_1_594' title='bbox 126 4272 203 4328; x_wconf 88' lang='lat' dir='ltr'>nitus</span> <span class='ocrx_word' id='word_1_595' title='bbox 222 4271 362 4344; x_wconf 89' lang='lat' dir='ltr'>incipiant</span> <span class='ocrx_word' id='word_1_596' title='bbox 375 4273 526 4344; x_wconf 88' lang='lat' dir='ltr'>abstinere,</span> <span class='ocrx_word' id='word_1_597' title='bbox 543 4276 621 4331; x_wconf 84' lang='lat' dir='ltr'>etita</span> <span class='ocrx_word' id='word_1_598' title='bbox 635 4278 740 4349; x_wconf 78' lang='lat' dir='ltr'>gradus</span> <span class='ocrx_word' id='word_1_599' title='bbox 757 4297 821 4336; x_wconf 88' lang='lat' dir='ltr'>suos</span> <span class='ocrx_word' id='word_1_600' title='bbox 838 4283 868 4338; x_wconf 90' lang='lat' dir='ltr'>in</span> <span class='ocrx_word' id='word_1_601' title='bbox 880 4286 944 4357; x_wconf 92' lang='lat' dir='ltr'>qui·</span> <span class='ocrx_word' id='word_1_602' title='bbox 995 4281 1182 4353; x_wconf 90' lang='lat' dir='ltr'>conquiescit.</span> <span class='ocrx_word' id='word_1_603' title='bbox 1843 4276 1845 4283; x_wconf 68' lang='grc'><strong>’</strong></span> 
     </span>
     <span class='ocr_line' id='line_1_45' title="bbox 127 4365 1791 4449; baseline 0.005 -29"><span class='ocrx_word' id='word_1_604' title='bbox 127 4365 180 4421; x_wconf 91' lang='lat' dir='ltr'>bus</span> <span class='ocrx_word' id='word_1_605' title='bbox 191 4365 298 4425; x_wconf 87' lang='lat' dir='ltr'>inventi</span> <span class='ocrx_word' id='word_1_606' title='bbox 319 4367 435 4436; x_wconf 88' lang='lat' dir='ltr'>fuerint,</span> <span class='ocrx_word' id='word_1_607' title='bbox 456 4369 496 4423; x_wconf 89' lang='lat' dir='ltr'>sic</span> <span class='ocrx_word' id='word_1_608' title='bbox 520 4372 673 4440; x_wconf 90' lang='lat' dir='ltr'>retentent,</span> <span class='ocrx_word' id='word_1_609' title='bbox 689 4378 719 4428; x_wconf 91' lang='lat' dir='ltr'>ut</span> <span class='ocrx_word' id='word_1_610' title='bbox 738 4373 778 4430; x_wconf 91' lang='lat' dir='ltr'>eis</span> <span class='ocrx_word' id='word_1_611' title='bbox 789 4392 848 4433; x_wconf 90' lang='lat' dir='ltr'>uon</span> <span class='ocrx_word' id='word_1_612' title='bbox 862 4378 946 4436; x_wconf 88' lang='lat' dir='ltr'>liceat</span> <span class='ocrx_word' id='word_1_613' title='bbox 1030 4376 1060 4429; x_wconf 85' lang='lat' dir='ltr'>V.</span> <span class='ocrx_word' id='word_1_614' title='bbox 1080 4375 1150 4432; x_wconf 89' lang='lat' dir='ltr'>Illud</span> <span class='ocrx_word' id='word_1_615' title='bbox 1163 4377 1251 4433; x_wconf 89' lang='lat' dir='ltr'>etiam</span> <span class='ocrx_word' id='word_1_616' title='bbox 1263 4377 1397 4434; x_wconf 84' lang='lat' dir='ltr'>sciscitari</span> <span class='ocrx_word' id='word_1_617' title='bbox 1409 4375 1524 4433; x_wconf 88' lang='lat' dir='ltr'>voluisti</span> <span class='ocrx_word' id='word_1_618' title='bbox 1537 4391 1575 4431; x_wconf 90' lang='lat' dir='ltr'>an</span> <span class='ocrx_word' id='word_1_619' title='bbox 1587 4391 1688 4449; x_wconf 86' lang='lat' dir='ltr'>preces</span> <span class='ocrx_word' id='word_1_620' title='bbox 1700 4371 1791 4430; x_wconf 79' lang='lat' dir='ltr'>nour·</span> 
     </span>
     <span class='ocr_line' id='line_1_46' title="bbox 126 4457 1797 4569; baseline 0.005 -53"><span class='ocrx_word' id='word_1_621' title='bbox 126 4459 164 4516; x_wconf 88' lang='lat' dir='ltr'>ad</span> <span class='ocrx_word' id='word_1_622' title='bbox 172 4460 284 4532; x_wconf 88' lang='lat' dir='ltr'>potiora</span> <span class='ocrx_word' id='word_1_623' title='bbox 293 4461 504 4532; x_wconf 90' lang='lat' dir='ltr'>conscendere;</span> <span class='ocrx_word' id='word_1_624' title='bbox 517 4462 874 4535; x_wconf 88' lang='lat' dir='ltr'>quibustamenbeneticio</span> <span class='ocrx_word' id='word_1_625' title='bbox 885 4468 1070 4569; x_wconf 64' lang='lat' dir='ltr'>assensibus</span> <span class='ocrx_word' id='word_1_626' title='bbox 1091 4470 1215 4527; x_wconf 82' lang='lat' dir='ltr'>liberum</span> <span class='ocrx_word' id='word_1_627' title='bbox 1241 4471 1423 4543; x_wconf 84' lang='lat' dir='ltr'>concedatur,</span> <span class='ocrx_word' id='word_1_628' title='bbox 1459 4472 1559 4545; x_wconf 86' lang='lat' dir='ltr'>utique</span> <span class='ocrx_word' id='word_1_629' title='bbox 1584 4473 1654 4543; x_wconf 90' lang='lat' dir='ltr'>post</span> <span class='ocrx_word' id='word_1_630' title='bbox 1680 4457 1797 4541; x_wconf 70' lang='lat' dir='ltr'>bannui</span> 
     </span>
     <span class='ocr_line' id='line_1_47' title="bbox 125 4554 1793 4639; baseline 0.004 -28"><span class='ocrx_word' id='word_1_631' title='bbox 125 4554 218 4623; x_wconf 89' lang='lat' dir='ltr'>debat,</span> <span class='ocrx_word' id='word_1_632' title='bbox 239 4556 318 4627; x_wconf 92' lang='lat' dir='ltr'>quod</span> <span class='ocrx_word' id='word_1_633' title='bbox 333 4556 410 4611; x_wconf 93' lang='lat' dir='ltr'>bunc</span> <span class='ocrx_word' id='word_1_634' title='bbox 424 4554 519 4627; x_wconf 84' lang='lat' dir='ltr'>ipsum</span> <span class='ocrx_word' id='word_1_635' title='bbox 534 4556 626 4612; x_wconf 90' lang='lat' dir='ltr'>locum</span> <span class='ocrx_word' id='word_1_636' title='bbox 647 4575 734 4631; x_wconf 86' lang='lat' dir='ltr'>quern</span> <span class='ocrx_word' id='word_1_637' title='bbox 751 4565 945 4627; x_wconf 63' lang='lat' dir='ltr'>retinentum</span> <span class='ocrx_word' id='word_1_638' title='bbox 995 4565 1457 4639; x_wconf 81' lang='lat' dir='ltr'>regenerationemaprincipibus</span> <span class='ocrx_word' id='word_1_639' title='bbox 1466 4581 1581 4639; x_wconf 84' lang='lat' dir='ltr'>poscere</span> <span class='ocrx_word' id='word_1_640' title='bbox 1591 4559 1793 4622; x_wconf 73' lang='lat' dir='ltr'>mortematicn</span> 
     </span>
     <span class='ocr_line' id='line_1_48' title="bbox 124 4647 1793 4734; baseline 0.015 -33"><span class='ocrx_word' id='word_1_641' title='bbox 124 4647 269 4706; x_wconf 79' lang='lat' dir='ltr'>amittunt.</span> <span class='ocrx_word' id='word_1_642' title='bbox 286 4648 315 4704; x_wconf 88' lang='lat' dir='ltr'>si</span> <span class='ocrx_word' id='word_1_643' title='bbox 332 4649 381 4721; x_wconf 86' lang='lat' dir='ltr'>qni</span> <span class='ocrx_word' id='word_1_644' title='bbox 401 4654 496 4706; x_wconf 79' lang='lat' dir='ltr'>autem</span> <span class='ocrx_word' id='word_1_645' title='bbox 510 4651 595 4706; x_wconf 83' lang='lat' dir='ltr'>scisse</span> <span class='ocrx_word' id='word_1_646' title='bbox 613 4652 738 4711; x_wconf 81' lang='lat' dir='ltr'>formam</span> <span class='ocrx_word' id='word_1_647' title='bbox 753 4657 866 4717; x_wconf 81' lang='lat' dir='ltr'>vivendi</span> <span class='ocrx_word' id='word_1_648' title='bbox 879 4665 944 4720; x_wconf 85' lang='lat' dir='ltr'>mis-</span> <span class='ocrx_word' id='word_1_649' title='bbox 991 4657 1041 4729; x_wconf 83' lang='lat' dir='ltr'>ius</span> <span class='ocrx_word' id='word_1_650' title='bbox 1054 4658 1096 4713; x_wconf 83' lang='lat' dir='ltr'>vel</span> <span class='ocrx_word' id='word_1_651' title='bbox 1116 4659 1289 4731; x_wconf 76' lang='lat' dir='ltr'>sanguinem</span> <span class='ocrx_word' id='word_1_652' title='bbox 1311 4660 1346 4717; x_wconf 85' lang='lat' dir='ltr'>de</span> <span class='ocrx_word' id='word_1_653' title='bbox 1360 4665 1461 4717; x_wconf 79' lang='lat' dir='ltr'>reatu:</span> <span class='ocrx_word' id='word_1_654' title='bbox 1481 4676 1569 4734; x_wconf 80' lang='lat' dir='ltr'>quam</span> <span class='ocrx_word' id='word_1_655' title='bbox 1583 4676 1647 4716; x_wconf 81' lang='lat' dir='ltr'>rem</span> <span class='ocrx_word' id='word_1_656' title='bbox 1669 4653 1793 4732; x_wconf 75' lang='lat' dir='ltr'>principa</span> 
     </span>
    </p>
   </div>
   <div class='ocr_carea' id='block_1_3' title="bbox 27 4741 1793 4828">
    <p class='ocr_par' dir='ltr' id='par_1_5' title="bbox 27 4741 1793 4828">
     <span class='ocr_line' id='line_1_49' title="bbox 27 4741 1793 4828; baseline 0.019 -35"><span class='ocrx_word' id='word_1_657' title='bbox 27 4799 28 4802; x_wconf 8' lang='grc' dir='ltr'><strong>Ἴ</strong></span> <span class='ocrx_word' id='word_1_658' title='bbox 124 4757 185 4796; x_wconf 88' lang='lat' dir='ltr'>sam</span> <span class='ocrx_word' id='word_1_659' title='bbox 204 4758 221 4795; x_wconf 93' lang='lat' dir='ltr'>a</span> <span class='ocrx_word' id='word_1_660' title='bbox 243 4741 340 4798; x_wconf 91' lang='lat' dir='ltr'>Siricio</span> <span class='ocrx_word' id='word_1_661' title='bbox 362 4742 547 4816; x_wconf 80' lang='lat' dir='ltr'>deteguntur,</span> <span class='ocrx_word' id='word_1_662' title='bbox 567 4762 661 4818; x_wconf 86' lang='lat' dir='ltr'>neque</span> <span class='ocrx_word' id='word_1_663' title='bbox 670 4750 766 4806; x_wconf 88' lang='lat' dir='ltr'>statim</span> <span class='ocrx_word' id='word_1_664' title='bbox 779 4756 946 4827; x_wconf 85' lang='lat' dir='ltr'>cupiditates</span> <span class='ocrx_word' id='word_1_665' title='bbox 995 4766 1144 4823; x_wconf 65' lang='lat' dir='ltr'>nunquam</span> <span class='ocrx_word' id='word_1_666' title='bbox 1160 4753 1398 4828; x_wconf 64' lang='lat' dir='ltr'>Sissecossnifitme</span> <span class='ocrx_word' id='word_1_667' title='bbox 1414 4750 1793 4825; x_wconf 62' lang='lat' dir='ltr'>0⁰ss00d¹1nis³ed³di⁰ffi⁰⁶</span> 
     </span>
    </p>
   </div>
   <div class='ocr_carea' id='block_1_4' title="bbox 121 4831 1845 5879">
    <p class='ocr_par' dir='ltr' id='par_1_6' title="bbox 121 4831 1845 5879">
     <span class='ocr_line' id='line_1_50' title="bbox 123 4831 1793 4922; baseline 0.01 -35"><span class='ocrx_word' id='word_1_668' title='bbox 123 4831 252 4890; x_wconf 88' lang='lat' dir='ltr'>libidinis</span> <span class='ocrx_word' id='word_1_669' title='bbox 265 4835 411 4906; x_wconf 87' lang='lat' dir='ltr'>abjecisse,</span> <span class='ocrx_word' id='word_1_670' title='bbox 425 4835 466 4892; x_wconf 91' lang='lat' dir='ltr'>illi</span> <span class='ocrx_word' id='word_1_671' title='bbox 481 4842 548 4893; x_wconf 91' lang='lat' dir='ltr'>snut</span> <span class='ocrx_word' id='word_1_672' title='bbox 567 4839 662 4896; x_wconf 90' lang='lat' dir='ltr'>modis</span> <span class='ocrx_word' id='word_1_673' title='bbox 681 4843 813 4903; x_wconf 87' lang='lat' dir='ltr'>omnibus</span> <span class='ocrx_word' id='word_1_674' title='bbox 826 4849 944 4909; x_wconf 89' lang='lat' dir='ltr'>submo-</span> <span class='ocrx_word' id='word_1_675' title='bbox 995 4847 1148 4904; x_wconf 87' lang='lat' dir='ltr'>commissa</span> <span class='ocrx_word' id='word_1_676' title='bbox 1177 4849 1239 4922; x_wconf 86' lang='lat' dir='ltr'>ipsa</span> <span class='ocrx_word' id='word_1_677' title='bbox 1270 4850 1314 4905; x_wconf 91' lang='lat' dir='ltr'>vel</span> <span class='ocrx_word' id='word_1_678' title='bbox 1354 4849 1473 4905; x_wconf 87' lang='lat' dir='ltr'>crimina</span> <span class='ocrx_word' id='word_1_679' title='bbox 1513 4864 1629 4922; x_wconf 89' lang='lat' dir='ltr'>semper</span> <span class='ocrx_word' id='word_1_680' title='bbox 1651 4844 1793 4907; x_wconf 78' lang='lat' dir='ltr'>remittunt</span> 
     </span>
     <span class='ocr_line' id='line_1_51' title="bbox 125 4927 1794 5017; baseline 0.022 -36"><span class='ocrx_word' id='word_1_681' title='bbox 125 4927 219 4994; x_wconf 90' lang='lat' dir='ltr'>vendi,</span> <span class='ocrx_word' id='word_1_682' title='bbox 229 4928 299 5000; x_wconf 88' lang='lat' dir='ltr'>quia</span> <span class='ocrx_word' id='word_1_683' title='bbox 311 4934 377 5000; x_wconf 86' lang='lat' dir='ltr'>post</span> <span class='ocrx_word' id='word_1_684' title='bbox 388 4929 766 5006; x_wconf 79' lang='lat' dir='ltr'>admonitionemcognitam</span> <span class='ocrx_word' id='word_1_685' title='bbox 779 4957 946 5016; x_wconf 86' lang='lat' dir='ltr'>praepoueu-</span> <span class='ocrx_word' id='word_1_686' title='bbox 996 4945 1027 4997; x_wconf 75' lang='lat' dir='ltr'>ui</span> <span class='ocrx_word' id='word_1_687' title='bbox 1037 4960 1129 5000; x_wconf 65' lang='lat' dir='ltr'><strong>⁰⁸⁰8ae</strong></span> <span class='ocrx_word' id='word_1_688' title='bbox 1142 4945 1265 5017; x_wconf 64' lang='lat' dir='ltr'>⁰08ssiiae</span> <span class='ocrx_word' id='word_1_689' title='bbox 1286 4944 1485 5015; x_wconf 65' lang='lat' dir='ltr'>Vindissessilfft</span> <span class='ocrx_word' id='word_1_690' title='bbox 1502 4960 1566 5017; x_wconf 69' lang='lat' dir='ltr'><strong>‹11¹ae</strong></span> <span class='ocrx_word' id='word_1_691' title='bbox 1581 4960 1648 4998; x_wconf 78' lang='lat' dir='ltr'><strong>⁰¹¹m</strong></span> <span class='ocrx_word' id='word_1_692' title='bbox 1667 4931 1794 5015; x_wconf 46' lang='lat' dir='ltr'>(lumiri</span> 
     </span>
     <span class='ocr_line' id='line_1_52' title="bbox 124 5020 1794 5111; baseline 0.01 -35"><span class='ocrx_word' id='word_1_693' title='bbox 124 5020 192 5076; x_wconf 89' lang='lat' dir='ltr'>dam</span> <span class='ocrx_word' id='word_1_694' title='bbox 201 5021 331 5077; x_wconf 89' lang='lat' dir='ltr'>arbitrati</span> <span class='ocrx_word' id='word_1_695' title='bbox 348 5030 415 5078; x_wconf 92' lang='lat' dir='ltr'>sunt</span> <span class='ocrx_word' id='word_1_696' title='bbox 431 5026 616 5097; x_wconf 91' lang='lat' dir='ltr'>voluptatem.</span> <span class='ocrx_word' id='word_1_697' title='bbox 994 5039 1100 5095; x_wconf 84' lang='lat' dir='ltr'>fuerint</span> <span class='ocrx_word' id='word_1_698' title='bbox 1120 5039 1262 5111; x_wconf 78' lang='lat' dir='ltr'>delegata,</span> <span class='ocrx_word' id='word_1_699' title='bbox 1284 5042 1334 5094; x_wconf 91' lang='lat' dir='ltr'>aut</span> <span class='ocrx_word' id='word_1_700' title='bbox 1353 5038 1506 5110; x_wconf 88' lang='lat' dir='ltr'>absolutio,</span> <span class='ocrx_word' id='word_1_701' title='bbox 1528 5043 1579 5094; x_wconf 85' lang='lat' dir='ltr'>aut</span> <span class='ocrx_word' id='word_1_702' title='bbox 1598 5035 1794 5105; x_wconf 81' lang='lat' dir='ltr'>namusnopn</span> 
     </span>
     <span class='ocr_line' id='line_1_53' title="bbox 161 5113 1793 5208; baseline 0.016 -39"><span class='ocrx_word' id='word_1_703' title='bbox 161 5117 193 5170; x_wconf 90' lang='lat' dir='ltr'>ll.</span> <span class='ocrx_word' id='word_1_704' title='bbox 217 5117 250 5171; x_wconf 86' lang='lat' dir='ltr'>Et</span> <span class='ocrx_word' id='word_1_705' title='bbox 266 5116 320 5171; x_wconf 91' lang='lat' dir='ltr'>hoc</span> <span class='ocrx_word' id='word_1_706' title='bbox 340 5113 492 5190; x_wconf 75' lang='lat' dir='ltr'>quaesitum</span> <span class='ocrx_word' id='word_1_707' title='bbox 515 5124 567 5191; x_wconf 89' lang='lat' dir='ltr'>est,</span> <span class='ocrx_word' id='word_1_708' title='bbox 590 5122 660 5194; x_wconf 90' lang='lat' dir='ltr'>quid</span> <span class='ocrx_word' id='word_1_709' title='bbox 680 5123 715 5180; x_wconf 90' lang='lat' dir='ltr'>de</span> <span class='ocrx_word' id='word_1_710' title='bbox 735 5124 776 5183; x_wconf 89' lang='lat' dir='ltr'>eis</span> <span class='ocrx_word' id='word_1_711' title='bbox 800 5131 945 5190; x_wconf 89' lang='lat' dir='ltr'>observari</span> <span class='ocrx_word' id='word_1_712' title='bbox 994 5134 1103 5206; x_wconf 80' lang='lat' dir='ltr'>negotii</span> <span class='ocrx_word' id='word_1_713' title='bbox 1133 5135 1270 5208; x_wconf 86' lang='lat' dir='ltr'>qualitate</span> <span class='ocrx_word' id='word_1_714' title='bbox 1297 5134 1451 5206; x_wconf 83' lang='lat' dir='ltr'>profertur,</span> <span class='ocrx_word' id='word_1_715' title='bbox 1472 5139 1500 5190; x_wconf 87' lang='lat' dir='ltr'>et</span> <span class='ocrx_word' id='word_1_716' title='bbox 1524 5134 1594 5190; x_wconf 90' lang='lat' dir='ltr'>dnm</span> <span class='ocrx_word' id='word_1_717' title='bbox 1626 5133 1725 5205; x_wconf 78' lang='lat' dir='ltr'>legum</span> <span class='ocrx_word' id='word_1_718' title='bbox 1756 5139 1793 5182; x_wconf 74' lang='lat'>²¹¹·</span> 
     </span>
     <span class='ocr_line' id='line_1_54' title="bbox 122 5210 1793 5304; baseline 0.013 -41"><span class='ocrx_word' id='word_1_719' title='bbox 122 5213 262 5282; x_wconf 89' lang='lat' dir='ltr'>oporteat,</span> <span class='ocrx_word' id='word_1_720' title='bbox 278 5210 328 5282; x_wconf 96' lang='lat' dir='ltr'>qui</span> <span class='ocrx_word' id='word_1_721' title='bbox 344 5218 407 5282; x_wconf 91' lang='lat' dir='ltr'>post</span> <span class='ocrx_word' id='word_1_722' title='bbox 420 5211 594 5284; x_wconf 88' lang='lat' dir='ltr'>baptismum</span> <span class='ocrx_word' id='word_1_723' title='bbox 609 5219 689 5274; x_wconf 91' lang='lat' dir='ltr'>omni</span> <span class='ocrx_word' id='word_1_724' title='bbox 704 5224 832 5296; x_wconf 90' lang='lat' dir='ltr'>tempore</span> <span class='ocrx_word' id='word_1_725' title='bbox 845 5225 942 5284; x_wconf 91' lang='lat' dir='ltr'>incon·</span> <span class='ocrx_word' id='word_1_726' title='bbox 993 5229 1108 5284; x_wconf 88' lang='lat' dir='ltr'>ctoritas</span> <span class='ocrx_word' id='word_1_727' title='bbox 1130 5229 1161 5284; x_wconf 90' lang='lat' dir='ltr'>in</span> <span class='ocrx_word' id='word_1_728' title='bbox 1186 5229 1332 5304; x_wconf 90' lang='lat' dir='ltr'>improbos</span> <span class='ocrx_word' id='word_1_729' title='bbox 1354 5235 1510 5302; x_wconf 85' lang='lat' dir='ltr'>exercetur,</span> <span class='ocrx_word' id='word_1_730' title='bbox 1534 5230 1590 5288; x_wconf 91' lang='lat' dir='ltr'>erit</span> <span class='ocrx_word' id='word_1_731' title='bbox 1609 5230 1732 5288; x_wconf 82' lang='lat' dir='ltr'>dictator</span> <span class='ocrx_word' id='word_1_732' title='bbox 1751 5227 1793 5282; x_wconf 85' lang='lat' dir='ltr'>in·</span> 
     </span>
     <span class='ocr_line' id='line_1_55' title="bbox 122 5301 1101 5380; baseline 0.022 -22"><span class='ocrx_word' id='word_1_733' title='bbox 122 5301 251 5359; x_wconf 80' lang='lat' dir='ltr'>tinentiae</span> <span class='ocrx_word' id='word_1_734' title='bbox 272 5303 462 5376; x_wconf 85' lang='lat' dir='ltr'>voluptatibus</span> <span class='ocrx_word' id='word_1_735' title='bbox 479 5306 566 5363; x_wconf 89' lang='lat' dir='ltr'>dediti</span> <span class='ocrx_word' id='word_1_736' title='bbox 595 5309 624 5366; x_wconf 91' lang='lat' dir='ltr'>iu</span> <span class='ocrx_word' id='word_1_737' title='bbox 647 5317 773 5370; x_wconf 88' lang='lat' dir='ltr'>extremo</span> <span class='ocrx_word' id='word_1_738' title='bbox 798 5318 854 5374; x_wconf 87' lang='lat' dir='ltr'>Due</span> <span class='ocrx_word' id='word_1_739' title='bbox 879 5321 944 5376; x_wconf 82' lang='lat' dir='ltr'>vine</span> <span class='ocrx_word' id='word_1_740' title='bbox 995 5323 1101 5380; x_wconf 90' lang='lat' dir='ltr'>munis.</span> 
     </span>
     <span class='ocr_line' id='line_1_56' title="bbox 122 5397 1793 5500; baseline 0.023 -52"><span class='ocrx_word' id='word_1_741' title='bbox 122 5413 180 5500; x_wconf 75' lang='lat' dir='ltr'>sue</span> <span class='ocrx_word' id='word_1_742' title='bbox 193 5397 390 5469; x_wconf 86' lang='lat' dir='ltr'>poenitentiam</span> <span class='ocrx_word' id='word_1_743' title='bbox 402 5398 490 5454; x_wconf 91' lang='lat' dir='ltr'>simul</span> <span class='ocrx_word' id='word_1_744' title='bbox 503 5403 801 5464; x_wconf 87' lang='lat' dir='ltr'>etreccneiliationem</span> <span class='ocrx_word' id='word_1_745' title='bbox 817 5428 943 5471; x_wconf 87' lang='lat' dir='ltr'>commu·</span> <span class='ocrx_word' id='word_1_746' title='bbox 1031 5420 1072 5475; x_wconf 91' lang='lat' dir='ltr'>Vl.</span> <span class='ocrx_word' id='word_1_747' title='bbox 1097 5421 1135 5476; x_wconf 89' lang='lat' dir='ltr'>De</span> <span class='ocrx_word' id='word_1_748' title='bbox 1150 5421 1194 5477; x_wconf 86' lang='lat' dir='ltr'>his</span> <span class='ocrx_word' id='word_1_749' title='bbox 1215 5422 1302 5478; x_wconf 89' lang='lat' dir='ltr'>etiam</span> <span class='ocrx_word' id='word_1_750' title='bbox 1318 5423 1464 5496; x_wconf 88' lang='lat' dir='ltr'>requisivit</span> <span class='ocrx_word' id='word_1_751' title='bbox 1485 5424 1599 5481; x_wconf 87' lang='lat' dir='ltr'>dilectio</span> <span class='ocrx_word' id='word_1_752' title='bbox 1619 5427 1680 5498; x_wconf 86' lang='lat' dir='ltr'>tna,</span> <span class='ocrx_word' id='word_1_753' title='bbox 1701 5423 1749 5498; x_wconf 85' lang='lat' dir='ltr'>qui</span> <span class='ocrx_word' id='word_1_754' title='bbox 1760 5420 1793 5476; x_wconf 72' lang='lat' dir='ltr'>in·</span> 
     </span>
     <span class='ocr_line' id='line_1_57' title="bbox 121 5491 1845 5592; baseline 0.023 -49"><span class='ocrx_word' id='word_1_755' title='bbox 121 5491 215 5546; x_wconf 88' lang='lat' dir='ltr'>monis</span> <span class='ocrx_word' id='word_1_756' title='bbox 242 5496 410 5564; x_wconf 85' lang='lat' dir='ltr'>exposcunt.</span> <span class='ocrx_word' id='word_1_757' title='bbox 435 5493 472 5547; x_wconf 92' lang='lat' dir='ltr'>De</span> <span class='ocrx_word' id='word_1_758' title='bbox 492 5492 535 5549; x_wconf 92' lang='lat' dir='ltr'>bis</span> <span class='ocrx_word' id='word_1_759' title='bbox 554 5495 711 5555; x_wconf 90' lang='lat' dir='ltr'>observatio</span> <span class='ocrx_word' id='word_1_760' title='bbox 738 5503 816 5574; x_wconf 91' lang='lat' dir='ltr'>prior</span> <span class='ocrx_word' id='word_1_761' title='bbox 834 5506 941 5580; x_wconf 88' lang='lat' dir='ltr'>durior,</span> <span class='ocrx_word' id='word_1_762' title='bbox 994 5513 1169 5571; x_wconf 88' lang='lat' dir='ltr'>terveniente</span> <span class='ocrx_word' id='word_1_763' title='bbox 1190 5517 1308 5589; x_wconf 87' lang='lat' dir='ltr'>repudio</span> <span class='ocrx_word' id='word_1_764' title='bbox 1323 5517 1370 5573; x_wconf 87' lang='lat' dir='ltr'>alii</span> <span class='ocrx_word' id='word_1_765' title='bbox 1388 5535 1417 5574; x_wconf 90' lang='lat' dir='ltr'>sc</span> <span class='ocrx_word' id='word_1_766' title='bbox 1432 5518 1795 5592; x_wconf 78' lang='lat' dir='ltr'>matrimonioeopuluuut</span> <span class='ocrx_word' id='word_1_767' title='bbox 1838 5524 1845 5591; x_wconf 75' lang='lat'>,³</span> 
     </span>
     <span class='ocr_line' id='line_1_58' title="bbox 121 5583 1845 5686; baseline 0.02 -51"><span class='ocrx_word' id='word_1_768' title='bbox 121 5583 263 5686; x_wconf 85' lang='lat' dir='ltr'>posterior</span> <span class='ocrx_word' id='word_1_769' title='bbox 276 5584 486 5642; x_wconf 86' lang='lat' dir='ltr'>interveniente</span> <span class='ocrx_word' id='word_1_770' title='bbox 502 5588 694 5648; x_wconf 87' lang='lat' dir='ltr'>misericordia</span> <span class='ocrx_word' id='word_1_771' title='bbox 707 5594 876 5654; x_wconf 87' lang='lat' dir='ltr'>inclinatior</span> <span class='ocrx_word' id='word_1_772' title='bbox 889 5609 940 5659; x_wconf 87' lang='lat' dir='ltr'>est.</span> <span class='ocrx_word' id='word_1_773' title='bbox 994 5623 1065 5678; x_wconf 90' lang='lat' dir='ltr'>quos</span> <span class='ocrx_word' id='word_1_774' title='bbox 1075 5607 1105 5663; x_wconf 93' lang='lat' dir='ltr'>in</span> <span class='ocrx_word' id='word_1_775' title='bbox 1115 5615 1234 5684; x_wconf 92' lang='lat' dir='ltr'>utraque</span> <span class='ocrx_word' id='word_1_776' title='bbox 1243 5617 1323 5683; x_wconf 89' lang='lat' dir='ltr'>parte</span> <span class='ocrx_word' id='word_1_777' title='bbox 1333 5612 1478 5671; x_wconf 86' lang='lat' dir='ltr'>adulteros</span> <span class='ocrx_word' id='word_1_778' title='bbox 1491 5629 1551 5671; x_wconf 79' lang='lat' dir='ltr'>esse</span> <span class='ocrx_word' id='word_1_779' title='bbox 1560 5613 1745 5672; x_wconf 76' lang='lat' dir='ltr'>manifestum</span> <span class='ocrx_word' id='word_1_780' title='bbox 1754 5613 1794 5668; x_wconf 80' lang='lat' dir='ltr'>ast</span> <span class='ocrx_word' id='word_1_781' title='bbox 1843 5604 1845 5647; x_wconf 65' lang='lat'>³</span> 
     </span>
     <span class='ocr_line' id='line_1_59' title="bbox 121 5674 1845 5782; baseline 0.023 -55"><span class='ocrx_word' id='word_1_782' title='bbox 121 5674 192 5780; x_wconf 81' lang='lat' dir='ltr'>barn</span> <span class='ocrx_word' id='word_1_783' title='bbox 203 5678 378 5735; x_wconf 90' lang='lat' dir='ltr'>consuetudo</span> <span class='ocrx_word' id='word_1_784' title='bbox 391 5679 471 5750; x_wconf 91' lang='lat' dir='ltr'>prior</span> <span class='ocrx_word' id='word_1_785' title='bbox 481 5682 838 5751; x_wconf 88' lang='lat' dir='ltr'>tenuit,utconcederetur</span> <span class='ocrx_word' id='word_1_786' title='bbox 850 5697 939 5767; x_wconf 87' lang='lat' dir='ltr'>poeni-</span> <span class='ocrx_word' id='word_1_787' title='bbox 993 5700 1045 5764; x_wconf 83' lang='lat' dir='ltr'>Qui</span> <span class='ocrx_word' id='word_1_788' title='bbox 1070 5719 1136 5760; x_wconf 88' lang='lat' dir='ltr'>vero</span> <span class='ocrx_word' id='word_1_789' title='bbox 1151 5706 1195 5761; x_wconf 90' lang='lat' dir='ltr'>vel</span> <span class='ocrx_word' id='word_1_790' title='bbox 1216 5722 1304 5762; x_wconf 87' lang='lat' dir='ltr'>uxore</span> <span class='ocrx_word' id='word_1_791' title='bbox 1326 5707 1437 5765; x_wconf 87' lang='lat' dir='ltr'>vivente</span> <span class='ocrx_word' id='word_1_792' title='bbox 1462 5708 1604 5782; x_wconf 76' lang='lat' dir='ltr'>(quamvis</span> <span class='ocrx_word' id='word_1_793' title='bbox 1627 5709 1795 5767; x_wconf 68' lang='lat' dir='ltr'>damnans</span> <span class='ocrx_word' id='word_1_794' title='bbox 1843 5686 1845 5691; x_wconf 23' lang='grc' dir='ltr'>Ι</span> 
     </span>
     <span class='ocr_line' id='line_1_60' title="bbox 123 5766 1795 5879; baseline 0.025 -55"><span class='ocrx_word' id='word_1_795' title='bbox 123 5766 222 5838; x_wconf 63' lang='lat' dir='ltr'>tentia</span> <span class='ocrx_word' id='word_1_796' title='bbox 237 5770 286 5826; x_wconf 92' lang='lat' dir='ltr'>sed</span> <span class='ocrx_word' id='word_1_797' title='bbox 296 5773 462 5830; x_wconf 89' lang='lat' dir='ltr'>communio</span> <span class='ocrx_word' id='word_1_798' title='bbox 472 5779 636 5849; x_wconf 80' lang='lat' dir='ltr'>negaretur.</span> <span class='ocrx_word' id='word_1_799' title='bbox 648 5780 719 5839; x_wconf 86' lang='lat' dir='ltr'>Nem</span> <span class='ocrx_word' id='word_1_800' title='bbox 729 5800 794 5842; x_wconf 90' lang='lat' dir='ltr'>cum</span> <span class='ocrx_word' id='word_1_801' title='bbox 804 5787 860 5845; x_wconf 89' lang='lat' dir='ltr'>illis</span> <span class='ocrx_word' id='word_1_802' title='bbox 871 5793 942 5850; x_wconf 83' lang='lat' dir='ltr'>tcm-</span> <span class='ocrx_word' id='word_1_803' title='bbox 991 5795 1119 5856; x_wconf 81' lang='lat' dir='ltr'>videatur</span> <span class='ocrx_word' id='word_1_804' title='bbox 1132 5816 1194 5856; x_wconf 85' lang='lat' dir='ltr'>esse</span> <span class='ocrx_word' id='word_1_805' title='bbox 1207 5801 1384 5877; x_wconf 72' lang='lat' dir='ltr'>conjugium)</span> <span class='ocrx_word' id='word_1_806' title='bbox 1393 5803 1430 5860; x_wconf 87' lang='lat' dir='ltr'>ad</span> <span class='ocrx_word' id='word_1_807' title='bbox 1446 5804 1531 5861; x_wconf 88' lang='lat' dir='ltr'>eliam</span> <span class='ocrx_word' id='word_1_808' title='bbox 1547 5804 1680 5879; x_wconf 83' lang='lat' dir='ltr'>copulem</span> <span class='ocrx_word' id='word_1_809' title='bbox 1691 5804 1795 5869; x_wconf 66' lang='lat' dir='ltr'>teatini·</span> 
     </span>
    </p>
   </div>
   <div class='ocr_carea' id='block_1_5' title="bbox 0 0 1940 6150">
    <p class='ocr_par' dir='ltr' id='par_1_7' title="bbox 0 0 1940 6150">
     <span class='ocr_line' id='line_1_61' title="bbox 0 0 1940 6150; baseline 0 0"><span class='ocrx_word' id='word_1_810' title='bbox 0 0 1940 6150; x_wconf 95' lang='lat' dir='ltr'> </span> 
     </span>
    </p>
   </div>
  </div>
 </body>
</html>
