3870 6150
66 190 120 242 717
221 202 225 209 ·
665 185 903 248 pneumatice
919 190 1113 249 ccttncnc.
1701 194 1753 251 ‘NS

67 311 125 362 ιιι,
145 296 172 365 st
193 298 280 366 atque
294 296 453 366 exponeret
465 292 527 350 cari
542 311 602 350 non
615 294 732 366 debere,
747 298 859 353 addidit
874 315 882 354 ι
894 299 983 399 Λευὶ
997 298 1223 355 chanadictlone
1235 299 1424 356 ordinationis
1430 299 1560 371 erimina,
1568 298 1614 356 val
1626 299 1693 357 vitia
1699 318 1752 374 pu·

65 410 80 441 ε
97 388 184 454 Quod
198 404 266 459 ergo
279 388 355 443 Deus
363 389 470 459 junxit,
479 389 567 444 homo
580 405 638 444 non
651 396 762 461 separet
774 393 882 461 (notet.
933 396 1034 449 tantur
1045 393 1161 464 auferri,
1173 394 1269 450 nullus
1286 394 1323 450 sit
1338 394 1513 467 peanitentiae
1527 394 1618 464 locus,
1637 395 1706 467 qnia
1719 387 1753 452 id

64 500 122 550 ιιι,
138 485 174 550 6).
186 485 291 537 rhene
301 481 578 537 delrislocutuscssc
588 483 729 553 credatur,
745 502 808 556 qua
820 490 885 557 post
933 490 1026 559 potest
1037 490 1171 559 presure
1181 487 1322 544 ordinatio
1332 488 1507 562 quodlonga
1517 487 1670 544 satisfactio
1678 505 1750 562 prae·

63 575 243 647 baptismum
255 575 422 646 sortiuntur,
439 577 624 632 meminerint
639 578 693 633 hoc
709 583 738 632 et
752 595 768 633 a
780 580 884 635 tudela
933 585 1006 637 stare
1020 582 1174 639 consuevit.
1190 582 1245 638 Sed
1257 585 1362 638 nostrae
1376 583 1423 638 lex
1437 583 1567 638 Ecclesiae
1581 587 1624 638 est
1635 583 1751 639 venien·

63 670 287 741 interrogatum,
301 672 330 724 et
340 670 444 726 ludaeis
458 687 520 725 esse
536 687 715 743 responsum.
729 673 840 743 Quaero,
856 678 885 730 et
934 675 1009 730 tibus
1021 676 1056 730 ab
1068 675 1210 730 haereticis
1223 675 1273 747 qui
1287 679 1384 731 tamen
1400 675 1458 731 illic
1472 674 1605 748 baptizati
1617 682 1685 732 sunt
1699 693 1751 749 per

65 763 204 819 sollicitus
220 779 328 835 quaro,
342 763 365 819 si
381 781 436 818 una
450 765 608 837 eademque
621 766 658 820 sit
673 782 744 821 uxor
758 767 883 840 ejusqui
933 784 1036 823 manus
1050 768 1264 841 impositionem
1282 768 1385 825 laicam
1399 773 1512 826 tantum
1530 770 1655 827 uibuere
1669 786 1749 828 com·

64 863 133 912 ante
158 858 382 913 catechumenus
404 859 571 930 susceperit,
596 865 695 932 postea
721 860 758 916 sit
779 862 882 930 tidelis,
933 862 1748 936 munionem,neeexhisaliqueminclerieatushonorem,

66 951 200 1023 filiosque
214 967 249 1006 ει
262 967 297 1006 aa
311 968 377 1006 cum
392 955 466 1008 esset
480 954 705 1009 catechumenus
719 956 883 1027 susceperit,
933 956 978 1011 rel
991 956 1139 1027 exiguum,
1155 956 1321 1028 subrogare.

66 1061 100 1099 ac
120 1050 224 1117 postea
242 1045 314 1101 alios
333 1062 398 1101 cum
418 1045 520 1114 tidelis,
535 1052 634 1103 utrum
649 1048 706 1104 sint
724 1049 884 1121 appellandi
968 1050 1000 1106 V.
1015 1053 1052 1105 at
1064 1066 1131 1106 vero
1151 1049 1182 1106 hi
1201 1050 1252 1122 qui
1277 1067 1294 1106 a
1318 1051 1459 1108 catholica
1481 1050 1539 1106 tide
1562 1052 1598 1107 ad
1619 1052 1749 1108 heresim

63 1137 180 1206 iratres,
196 1154 233 1193 an
250 1154 308 1193 non
321 1139 447 1195 habeant
458 1143 557 1212 postea
571 1141 704 1197 defuncto
718 1147 799 1213 patre
815 1142 883 1197 her·
931 1144 1116 1212 transierunt,
1130 1160 1201 1216 quos
1214 1160 1272 1199 non
1281 1144 1363 1200 aliter
1380 1148 1502 1219 oportet,
1516 1145 1572 1200 nisi
1581 1146 1750 1219 poeuitautia

63 1231 210 1286 ciscundaa
231 1231 407 1288 hereditatis
429 1234 616 1301 consortium,
640 1235 743 1308 quibus
760 1235 883 1291 filiomm
932 1237 1047 1310 suscipi,
1056 1237 1134 1310 apud
1143 1255 1261 1294 vosnon
1271 1239 1365 1296 solum
1373 1239 1638 1312 penitentiamnon
1648 1246 1749 1313 agunt,

63 1342 174 1381 nomen
193 1326 371 1397 regeneratio
390 1327 545 1398 spiritualis
563 1328 689 1383 creditur
705 1328 883 1385 abstulisse?
932 1347 1033 1387 remim
1050 1331 1135 1387 ctiam
1149 1332 1261 1388 honore
1279 1332 1472 1389 cumulantur.
1488 1334 1542 1390 Sed
1556 1334 1644 1390 anisii
1657 1350 1750 1407 quon·

65 1423 151 1489 Quod
165 1441 233 1479 cum
247 1426 287 1481 ita
301 1425 408 1481 sentire
421 1428 814 1499 atquejudicareabsurdum
827 1432 881 1496 εει,
933 1425 1001 1481 dam
1014 1425 1110 1481 fratris
1132 1426 1221 1482 nostri
1242 1426 1425 1500 aliorumque
1446 1427 1625 1484 sacerdotum
1638 1444 1752 1484 summa

63 1534 129 1591 qirae
144 1518 219 1574 ratio
235 1521 344 1574 esthoc
367 1520 476 1575 malum
494 1521 619 1589 defendi,
640 1525 670 1576 et
687 1539 775 1577 vacua
790 1523 883 1595 magis
933 1518 1100 1575 deliberatio
1112 1520 1173 1576 hac
1193 1520 1257 1591 fuit,
1279 1525 1310 1576 ut
1324 1537 1396 1594 qnos
1411 1522 1538 1578 Bonosus
1559 1522 1750 1593 ordinaverat,
1836 1526 1841 1531 '

65 1611 202 1683 opinione
217 1613 320 1684 jactari
339 1630 427 1686 quam
452 1614 546 1687 aliqua
561 1616 727 1672 auctoritate
742 1616 881 1686 roborari,
931 1628 968 1668 ne
981 1614 1156 1670 cumeodem
1169 1618 1364 1685 remanerent,
1383 1632 1416 1670 ac
1432 1615 1515 1672 tieret
1535 1632 1592 1672 non
1607 1617 1752 1674 mediocre

64 1722 129 1760 cum
141 1721 202 1761 non
213 1707 302 1778 possit
311 1707 386 1763 iuter
398 1712 514 1779 pecc-ata
521 1710 651 1780 deputari
659 1710 738 1781 quod
750 1710 793 1765 lex
806 1727 881 1782 prae-
892 1699 921 1773 B
931 1706 1108 1779 scandalum,
1119 1708 1242 1764 ordinati
1253 1717 1444 1765 remanerent.
1454 1709 1580 1766 Vicimus
1589 1709 1629 1781 (ut
1638 1709 1751 1783 opinor)

64 1800 149 1872 cepit,
164 1806 196 1856 et
207 1801 281 1856 licus
290 1802 394 1873 junxit,
410 1803 490 1857 etlex
497 1803 613 1874 junxit?
628 1805 772 1877 Numquid
786 1804 883 1878 siquis
931 1801 1074 1873 ambigua.
1089 1804 1153 1857 tam
1169 1818 1238 1874 ergo
1246 1803 1325 1875 quod
1335 1820 1386 1875 pro
1399 1803 1527 1860 remedio
1539 1820 1572 1861 ao
1581 1805 1750 1861 necessitate

64 1894 290 1950 catechumenus
303 1895 453 1952 virtutibus
466 1897 616 1964 studuerit,
632 1898 824 1955 humilitatem
836 1916 881 1955 sc·
931 1895 1069 1966 temporis
1090 1899 1227 1951 statatum
1247 1901 1291 1952 est
1302 1900 1413 1953 constat
1434 1897 1566 1969 primitus
1578 1913 1638 1953 non
1649 1898 1749 1967 fuisse,

65 1993 147 2043 nitus
158 1989 256 2059 luerit,
269 1990 439 2062 patientiam
451 1992 586 2060 tennerit,
601 1993 796 2065 eleemosynas
806 1993 882 2049 lece·
932 1987 1059 2043 sciuisse
1071 1989 1185 2060 regulas
1198 1994 1319 2060 veteres,
1331 2007 1401 2062 quas
1413 1991 1448 2045 ab
1462 1991 1610 2064 apostolis,
1632 1992 1676 2046 vel
1685 2008 1752 2064 apo·

63 2082 110 2150 rit,
123 2083 212 2138 morti
222 2082 376 2140 destinatos
384 2085 510 2156 qualibet
520 2086 632 2141 ratione
642 2087 788 2158 eripuerit,
800 2086 882 2143 adul·
932 2081 1037 2137 stolicis
1054 2082 1123 2138 viris
1139 2083 1256 2139 traditas
1273 2085 1398 2140 Ecclesia
1413 2085 1542 2142 Romana
1557 2086 1689 2153 custodit,
1705 2101 1753 2141 cn·

63 2175 136 2231 teria
147 2176 338 2245 exhorruerit,
349 2178 505 2234 castitatem
514 2180 648 2249 tenuerit,
658 2196 765 2252 quaro,
776 2181 799 2234 si
808 2181 881 2251 hac,
932 2176 1153 2249 sedandosque
1171 2178 1289 2233 mandat
1310 2177 1355 2232 his
1378 2179 1428 2250 qui
1441 2195 1506 2234 earn
1519 2179 1619 2235 audire
1636 2194 1752 2237 censue·

61 2286 129 2326 eum
140 2270 231 2326 hierii
241 2271 331 2326 factus
340 2271 440 2340 tidelis,
449 2272 564 2341 amittit,
574 2274 640 2345 quia
648 2290 700 2346 per
707 2274 883 2346 baptismum
933 2272 1012 2324 runt·
1038 2268 1094 2324 Sed
1115 2271 1267 2326 necessitas
1290 2271 1429 2345 temporis
1448 2271 1479 2326 id
1496 2270 1558 2327 lteri
1575 2287 1752 2345 magnopere

62 2368 158 2420 totum
184 2365 263 2437 quod
273 2368 356 2421 vetus
371 2365 457 2420 homo
468 2370 605 2438 gesserat,
619 2370 736 2439 putatur
750 2368 884 2423 aulerci?
932 2363 1102 2434 postulabat.
1118 2364 1193 2435 Ergo
1211 2365 1287 2436 quod
1298 2365 1449 2420 necessitas
1462 2381 1514 2437 pro
1529 2365 1656 2422 remedio
1671 2381 1752 2439 rape·

60 2458 242 2529 aspiciamus
256 2459 393 2530 gentilem
408 2459 557 2515 homiuem
569 2461 736 2527 ,Cornelium
751 2461 885 2516 orationi·
933 2456 971 2511 rit
981 2460 1110 2512 cessante
1132 2458 1309 2527 necessitate,
1330 2459 1415 2514 debet
1440 2457 1539 2532 utique
1553 2475 1661 2515 cessare
1673 2459 1750 2531 pari·

61 2550 116 2606 bus
138 2555 227 2624 atquc
245 2553 433 2625 eleemosynis
451 2570 504 2626 per
520 2554 725 2611 revelationem
745 2555 883 2627 angelum
933 2553 977 2605 ter
988 2551 1065 2621 quod
1077 2551 1208 2622 urgebat,
1222 2551 1424 2623 quiaaliusest
1437 2551 1509 2607 ordo
1524 2552 1678 2623 legitimus,
1692 2552 1749 2608 alia

62 2645 240 2717 Petrumque
253 2646 466 2717 ipsumvidisse.
481 2648 628 2720 Numquid
642 2665 695 2720 per
705 2649 883 2721 baptismum
933 2646 976 2699 eet
989 2644 1138 2715 usurpatio
1153 2660 1242 2716 quam
1254 2645 1288 2700 ad
1302 2661 1427 2718 presens
1440 2648 1554 2717 tempus
1571 2645 1635 2701 ilari
1647 2645 1750 2719 impel-

62 2738 127 2794 bec
140 2739 185 2794 illi
198 2739 293 2794 ablata
306 2746 372 2796 suut
385 2746 501 2813 propter
515 2758 581 2814 qua.
595 2743 621 2796 ei
633 2743 792 2814 baptismus
803 2742 882 2798 vide·
931 2737 973 2792 lit
989 2739 1043 2793 Sed
1057 2753 1181 2793 canones
1201 2738 1277 2811 apud
1294 2739 1418 2794 Nicaeam
1442 2739 1587 2795 constituti
1602 2739 1637 2795 de
1656 2739 1750 2795 Nova·

63 2837 113 2888 tur
125 2848 277 2888 concessus
289 2834 304 2889 t
316 2834 536 2904 stimet-editur,
548 2835 618 2890 mihi
629 2837 744 2892 credite.
755 2837 885 2893 Nonne
932 2831 1015 2886 tianis
1027 2830 1090 2886 lieri
1105 2832 1306 2904 permiserunt.
1327 2833 1407 2887 Prius
1422 2833 1469 2888 ille
1484 2849 1574 2888 anon
1589 2849 1606 2888 a
1621 2832 1751 2889 Patribus

65 2926 162 2981 dicum
173 2930 294 2992 erratur,
308 2929 376 3000 quia
388 2928 527 3001 quidquid
540 2929 614 2984 bene
626 2932 738 3000 gestum
748 2930 843 3000 inerit,
855 2935 884 2987 et
932 2925 1077 2981 institutus
1091 2926 1241 2996 ponendus
1256 2929 1309 2995 est,
1327 2930 1360 2981 ut
1377 2927 1518 2998 possimus
1530 2927 1690 2996 advertere,
1706 2927 1751 2983 vel

65 3020 226 3076 meandum
240 3025 382 3094 praecepta
400 3022 506 3093 legalia
518 3023 705 3092 custoditum,
719 3040 776 3079 uon
789 3028 883 3095 potest
932 3018 1012 3090 quid,
1026 3019 1070 3074 vel
1084 3019 1209 3091 qualiter
1221 3020 1257 3075 ab
1276 3019 1385 3075 eisdem
1404 3037 1520 3077 sensum
1537 3021 1573 3077 sit
1591 3020 1662 3076 illud
1674 3036 1750 3093 pria·

66 3113 232 3170 facientibus
250 3115 389 3186 deperire.
411 3117 580 3187 Nuptiarum
604 3133 673 3188 ergo
688 3117 800 3189 copula,
816 3073 920 3189 quiaC
933 3113 1750 3187 ceptum.hahis,inquit,quiuominantseipsoscatharos,

69 3206 117 3261 liei
128 3208 265 3263 mandato
275 3209 429 3280 perllcitur,
445 3225 503 3264 non
514 3210 671 3281 potestdici
685 3215 841 3283 peccatum,
855 3215 883 3266 et
932 3206 963 3260 id
976 3211 1019 3262 est
1032 3207 1167 3274 mundos,
1183 3208 1212 3262 et
1230 3206 1384 3278 aliquando
1398 3209 1516 3264 veniunt
1529 3208 1566 3264 ad
1580 3209 1750 3264 catholicam

72 3299 94 3354 si
106 3305 253 3372 peccatum
262 3308 384 3370 nonest,
396 3303 462 3374 quia
472 3303 541 3359 solvi
552 3303 626 3358 inter
638 3308 751 3375 peccata
763 3303 881 3359 omnino
932 3300 1098 3369 Ecclesiam,
1109 3300 1217 3373 placuit
1225 3305 1484 3374 sauctaeetmaguae
1493 3304 1612 3374 synodo,
1623 3305 1663 3370 ut,
1675 3318 1752 3358 acce-

13 3460 28 3469 ·
75 3410 125 3450 uon
138 3395 233 3464 debet,
249 3395 361 3468 eritque
377 3396 523 3468 integrum
541 3397 685 3452 aetimare
701 3397 809 3452 abolem
823 3414 881 3453 non
931 3397 980 3465 pta
993 3410 1095 3448 manus
1107 3393 1299 3465 impositione,
1312 3394 1352 3449 sic
1365 3395 1541 3450 maneantin
1554 3395 1640 3450 clerc.
1652 3396 1750 3451 Possu-

10 3478 42 3549 ,·““-.
77 3489 269 3561 posseprioris,
281 3505 385 3545 noman
400 3491 508 3561 uxoris,
528 3507 594 3546 cum
613 3507 671 3545 non
685 3490 833 3547 dimissum
847 3492 883 3548 sit
932 3504 996 3542 mus
1008 3503 1075 3543 vero
1088 3487 1182 3543 dicere
1196 3487 1232 3542 de
1245 3487 1310 3543 solis
1319 3487 1536 3544 hisNovatianis
1548 3505 1608 3545 esse
1621 3505 1748 3561 pracep-

10 3608 23 3649 ;
80 3587 258 3654 proponente,
271 3584 381 3657 quiaex
394 3585 442 3642 [tei
455 3586 844 3658 sitvoluntatecompleturn.
933 3585 1004 3650 tum,
1025 3597 1077 3636 nec
1091 3581 1127 3636 ad
1146 3581 1267 3637 aliarum
1289 3582 1434 3637 haeresum
1456 3581 1574 3638 clericos
1592 3582 1746 3654 pertinere.

10 3686 30 3761 i·-
110 3677 146 3733 lll.
166 3679 290 3734 Ventum
310 3682 353 3733 est
364 3679 398 3734 ad
411 3678 524 3734 tertiam
538 3678 737 3750 questionem,
752 3695 817 3751 quae
831 3696 882 3751 pro
931 3676 1004 3730 Nam
1016 3675 1040 3730 si
1049 3675 1148 3747 utique
1158 3675 1193 3730 de
1202 3676 1336 3733 omnihus
1345 3676 1386 3731 ita
1396 3674 1559 3746 delinirent,
1572 3676 1749 3732 addidissent

10 3764 31 3843 ξι,
84 3771 118 3825 mi
126 3771 286 3827 difficultate
299 3772 461 3842 longiorem
471 3771 560 3844 exigit
573 3772 804 3845 disputationem,
815 3789 881 3829 cum
932 3785 949 3824 a
962 3768 1121 3824 Novatianis
1135 3769 1254 3841 aliisque
1269 3769 1410 3826 hereticis
1419 3773 1591 3827 revertentes
1604 3771 1707 3827 debere
1717 3771 1748 3827 in

10 3846 22 3925 i
87 3878 125 3919 nos
134 3865 260 3920 dicamus
276 3865 311 3919 ab
333 3865 474 3921 hereticis
496 3866 652 3933 ordinatos,
667 3867 818 3922 vulnerum
832 3884 883 3939 par
931 3875 1017 3918 suurn
1031 3863 1160 3918 ordinem
1175 3863 1274 3935 recipi.
1298 3863 1380 3928 Quod
1398 3864 1422 3918 si
1431 3863 1471 3920 ita
1483 3866 1566 3933 asset,
1580 3865 1667 3920 etiam
1676 3864 1748 3921 illud

10 3938 29 4009 ἶ
86 3954 256 4014 ilammanus
268 3958 481 4030 impositionem
491 3960 597 4016 habere
610 3964 704 4032 caput.
718 3961 883 4016 Ubivulnus
932 3957 1066 4028 maxime,
1091 3957 1166 4029 quod
1187 3957 1222 4013 de
1241 3957 1419 4013 Pauliauistis
1439 3957 1619 4027 dictumest,
1641 3958 1749 4032 poterit

10 4066 25 4117 a
85 4047 185 4108 iodrum
197 4056 250 4120 est,
264 4053 407 4109 medicina
420 4054 645 4123 estadhibenda,
660 4054 823 4126 qurepossit
839 4071 884 4111 re·
932 4051 1406 4123 confirmari,aquibusvenientes
1421 4051 1510 4107 etiam
1523 4052 1660 4125 baptizari
1673 4069 1746 4126 pra·

10 4126 26 4209 {a
85 4142 160 4215 cipere
181 4146 344 4202 sanitatem.
365 4148 434 4213 Quoe
460 4148 566 4203 sanitas
586 4151 652 4219 post
671 4149 773 4203 vulnus
787 4151 883 4204 secuta
932 4146 1085 4218 cipiantur.
1103 4144 1305 4216 Nunquidnam
1328 4161 1394 4201 curn
1407 4146 1442 4201 de
1454 4146 1632 4202 Pauliauistis
1643 4147 1749 4218 jubent

10 4230 38 4307 ἐξ.
85 4236 129 4294 nuc
140 4240 270 4296 cicatrice
284 4256 344 4296 esse
360 4257 418 4296 non
428 4242 543 4314 poterit,
554 4245 639 4313 atque
649 4241 699 4297 ubi
709 4241 883 4313 poenitentias
933 4256 1033 4296 omnes
1043 4240 1092 4313 qui
1105 4239 1140 4294 ab
1149 4238 1288 4294 haereticis
1295 4243 1487 4309 revertuntur,
1496 4243 1582 4296 eruut
1592 4241 1648 4297 hoc
1655 4256 1750 4298 exem·

10 4312 31 4427 ἕξ
83 4334 882 4400 remediumnecessariomest,illicordinationishonorem
932 4333 979 4404 plo
993 4332 1176 4404 baptizandi?
1188 4333 1270 4398 Quod
1283 4348 1350 4388 cum
1363 4333 1459 4389 nullus
1474 4333 1579 4390 audeat
1596 4334 1698 4406 iacere,
1712 4335 1748 4391 de

10 4432 25 4453 ¹·
82 4421 158 4482 locum
166 4444 225 4483 non
234 4444 315 4499 possa
326 4427 444 4483 babere.
456 4429 528 4483 Nam
539 4430 561 4483 si
570 4432 603 4483 ut
610 4429 715 4500 legitur
726 4450 740 4479 «
753 4429 831 4501 quod
844 4434 921 4519 tel)
932 4425 1001 4498 ipsis
1012 4428 1124 4481 tanturn
1137 4442 1198 4481 esse
1211 4429 1389 4499 preceptum
1399 4427 1472 4482 ratio
1483 4427 1547 4498 ipsa
1556 4428 1747 4485 demonstrat.

10 4454 38 4665 ἷ-
81 4518 161 4591 tigerit
173 4521 340 4576 immundus
355 4522 540 4576 immundum
551 4522 606 4576 erit
623 4523 712 4591 (Nem.
729 4539 783 4591 ιιι,
793 4524 850 4594 22),
866 4542 880 4576 a
933 4519 1058 4591 lienique
1071 4519 1227 4590 baptizatos
1241 4519 1294 4574 rite
1310 4520 1345 4575 ab
1359 4520 1684 4592 evangelistaPhilippo,
1699 4523 1749 4576 Pe·

10 4608 41 4689 „¹
78 4614 174 4683 quodei
184 4615 336 4682 tribuetur,
346 4615 492 4686 quomodo
503 4615 644 4669 munditia
652 4631 685 4669 ac
694 4615 804 4686 puritas
813 4632 881 4671 con·
931 4618 1001 4682 trus,
1017 4617 1044 4668 et
1056 4614 1174 4668 loannes
1200 4613 1261 4668 sola
1287 4629 1388 4668 manus
1410 4613 1593 4685 impositione
1612 4630 1747 4670 eonsum-

10 4690 17 4753 ’-
76 4704 321 4780 meritacciperet
335 4709 417 4765 Sede
431 4709 575 4764 contrario
589 4707 725 4763 asseritur
740 4724 816 4778 eum,
833 4710 895 4793 qui·
933 4709 1021 4762 mant.
1038 4706 1101 4762 lllos
1115 4722 1181 4761 vero
1199 4722 1271 4778 quos
1292 4707 1439 4779 apostolus
1454 4707 1555 4763 Paulus
1567 4709 1684 4764 loannis
1697 4709 1748 4788 ba·

73 4797 204 4856 honorem
216 4802 318 4870 amisit,
330 4803 470 4857 honorem
479 4803 547 4857 dare
560 4820 618 4858 nou
629 4819 724 4874 posse,
737 4820 790 4859 nec
800 4803 882 4859 illum
931 4801 1064 4873 ptismate
1082 4800 1238 4872 baptizatos
1254 4802 1399 4871 repererat
1412 4800 1598 4874 interrogavit
1611 4823 1625 4853 «
1641 4819 1677 4859 an
1690 4804 1751 4877 Spi-

68 4893 172 4967 aliquid
185 4895 335 4969 accepisse,
350 4896 418 4968 quia
431 4896 502 4951 nihil
516 4896 546 4950 in
561 4897 725 4964 deuicerat,
743 4898 821 4969 quod
833 4898 882 4952 ille
932 4893 1347 4966 ritumsauctumaccepisseut,
1360 4915 1374 4944 u
1387 4895 1681 4969 respondentibusque
1694 4919 1709 4950 u
1720 4915 1750 4956 se

66 4992 160 5060 posset
177 4990 313 5061 accipere.
326 4990 547 5063 acquiescimus,
566 4995 595 5046 ot
611 5007 710 5047 verum
724 4995 766 5047 est
783 5008 790 5047 ε
807 4996 882 5047 certe
931 5005 968 5044 ne
982 4988 1052 5043 illud
1065 4988 1182 5060 quidem
1194 5005 1301 5043 nomen
1316 4989 1437 5058 audisse,
1449 4989 1537 5062 Jnssit
1550 5006 1598 5046 eos
1610 4991 1749 5064 baptizari

65 5083 544 5156 qainonhabuitdarenoupotuit.
558 5086 772 5140 Damnationem
785 5086 881 5157 utique
933 5082 1185 5154 (decimitiis
1207 5082 1312 5137 Videtis
1335 5099 1405 5154 ergo
1429 5087 1503 5139 recte
1520 5083 1677 5156 baptizatos
1700 5086 1750 5141 illo

64 5176 328 5251 quamhabuit,pcr
335 5194 452 5250 pravam
460 5194 564 5232 manus
572 5177 785 5250 impositionem
793 5178 880 5245 dedit,
932 5177 1008 5232 dono
1021 5176 1123 5232 iterare
1137 5192 1197 5231 non
1212 5192 1305 5248 possa,
1318 5180 1347 5233 et
1362 5176 1445 5233 aliter
1462 5177 1522 5234 sola
1535 5194 1608 5251 aqua
1618 5180 1689 5234 lotos
1700 5178 1750 5234 ba·

62 5270 145 5343 etqui
152 5270 295 5342 particeps
301 5271 618 5339 effectusestdamnato,
628 5270 774 5342 quomodo
781 5270 883 5328 debeat
932 5270 1034 5342 ptizari
1051 5271 1081 5326 iu
1095 5270 1211 5326 nomine
1224 5270 1326 5339 Patris,
1342 5274 1372 5326 et
1385 5271 1458 5340 Filii,
1474 5275 1502 5326 et
1515 5271 1636 5343 Spiritus
1648 5270 1748 5340 sandi,
1835 5286 1839 5295 ’

61 5363 207 5419 honoram
217 5363 357 5436 accipere,
372 5365 499 5420 invenire
509 5381 567 5420 uon
576 5380 705 5436 possum.
932 5365 1125 5420 necessarium
1145 5364 1301 5437 provideri.
1315 5366 1356 5420 lta
1369 5370 1398 5422 et
1412 5366 1447 5422 de
1461 5365 1622 5421 Noratianis
1634 5368 1749 5420 tantum

95 5458 141 5513 tv.
152 5458 190 5513 at
198 5457 375 5514 diciturvera
385 5476 417 5514 ac
422 5458 500 5531 justa
506 5458 627 5531 legitimi
635 5455 882 5513 sacerdotisbene·
930 5458 1041 5530 jussum
1054 5474 1115 5514 essa
1128 5458 1223 5514 lucida
1235 5459 1465 5515 manifestatione
1477 5457 1647 5530 perlegitur.
1663 5456 1747 5522 Quod

60 5551 149 5607 dictio
170 5551 283 5607 auterre
306 5568 391 5608 omne
412 5552 512 5608 vitium
536 5552 611 5625 quod
629 5568 646 5606 a
667 5550 768 5606 vitioso
790 5550 885 5607 luerat
933 5551 1039 5607 idcirco
1070 5552 1236 5609 distinctum
1266 5569 1326 5610 esse
1357 5553 1426 5624 ipsis
1461 5551 1569 5607 duabus
1594 5550 1751 5607 heresibus

59 5646 212 5717 injectum.
239 5647 313 5718 Ergo
335 5647 358 5702 si
378 5647 418 5701 ita
438 5649 490 5712 ast,
516 5646 696 5718 applicentur
713 5644 749 5700 ad
768 5644 883 5700 ordines
933 5645 1005 5701 ratio
1038 5647 1190 5702 manifesta
1228 5646 1364 5714 declarat,
1403 5644 1471 5717 quia
1502 5644 1680 5701 Pamianatae
1719 5645 1750 5702 iu

57 5739 207 5815 aurilegi,
231 5739 364 5814 adulteri,
388 5745 474 5820 atque
497 5739 630 5800 omnium
656 5737 810 5803 criminum
831 5739 882 5821 rei,
933 5739 1051 5804 nomine
1074 5740 1179 5813 Patris,
1206 5745 1235 5801 ct
1258 5740 1343 5812 nuit,
1369 5742 1402 5796 et
1422 5737 1550 5817 Spiritus
1566 5739 1686 5813 saneta,
1700 5739 1767 5800 atia-
