3870 6150
214 226 248 284 ti
664 224 804 278 APPEND.
826 224 869 278 Ab
888 224 967 279 SAEC.
988 223 1033 277 lx.
1045 251 1078 261 -
1098 221 1220 276 lSllltlltl
1240 220 1447 276 llssncstfflts
1855 221 1890 279 tt

198 333 296 404 -simo,
306 333 357 407 qni
370 329 561 403 interrogabit
574 344 663 403 opera
676 333 778 398 restra,
793 332 822 385 et
836 330 1026 402 cogitationes
1036 339 1066 416 Α
1076 329 1190 385 mittiin
1201 328 1364 401 gehennam
1375 326 1451 399 ignis
1467 324 1716 398 inexstinguibilis,
1726 324 1775 380 ubi
1785 327 1891 383 vermis

211 427 501 484 scmtabiturvestras.
510 423 564 489 Qui
573 427 672 480 autem
682 423 866 479 custodierint
870 422 1024 495 justitiam,
1076 439 1177 479 eorum
1188 438 1245 477 non
1256 421 1386 490 moritur,
1399 424 1429 476 et
1439 420 1514 490 ignis
1529 436 1588 484 non
1599 417 1801 491 exstinguitur.
1812 419 1891 484 Quod

208 521 284 592 juste
303 518 519 591 judicabuntur,
541 520 571 571 et
589 517 637 588 qni
659 516 831 572 crediderint
851 517 930 587 justa
949 516 1025 587 juste
1076 516 1099 572 si
1114 516 1210 571 oculus
1224 518 1290 570 tuns
1310 514 1484 570 scandalizat
1496 516 1534 581 te,
1549 512 1620 584 ejice
1633 529 1710 567 eum.
1725 513 1837 568 Bonum
1850 516 1892 568 est

211 611 357 667 invenient
368 610 438 682 quid
458 609 660 682 respondeant.
677 609 797 681 Semper
813 614 939 665 cavetote
961 625 1026 680 qum
1075 608 1127 664 tibi
1139 608 1249 663 luseum
1260 606 1380 663 introire
1392 606 1422 661 in
1432 621 1555 677 regnum
1568 605 1628 672 liei,
1639 621 1728 676 quam
1742 605 1816 661 duos
1828 621 1892 660 ocu·

209 703 396 775 praecepitne
404 701 560 774 aliquando
570 704 685 773 peccato
695 701 949 772 consentiamus,et
956 717 1027 772 prm·
1075 701 1118 757 los
1133 700 1289 756 habentem
1304 699 1380 754 mitti
1398 699 1428 754 in
1449 698 1612 771 gehennam
1626 698 1711 769 ignis,
1726 697 1777 753 ubi
1788 698 1892 754 vermis

209 795 402 853 termittamus
414 797 559 867 proecepta
571 793 622 850 Dei
637 794 737 850 nostri.
1076 810 1178 851 eorum
1192 809 1252 848 non
1264 793 1397 862 moritur,
1411 795 1440 847 et
1451 791 1526 863 ignis
1538 807 1597 846 non
1611 790 1813 863 exstinguitur.
1826 791 1891 847 Orn-

246 887 382 945 Ecclesias
405 904 457 959 per
477 902 604 958 congrua
621 890 651 942 et
670 884 750 941 utilia
769 887 852 941 facite
872 887 945 956 loca,
962 903 1026 960 quae
1077 887 1121 943 nis
1138 887 1217 942 enim
1238 887 1306 958 igne
1328 885 1444 940 salietur
1463 888 1493 939 et
1514 883 1607 939 omnis
1627 883 1742 939 victima
1762 882 1890 951 salietur,

210 981 312 1038 divinis
329 979 460 1052 precibus
478 996 591 1036 sacrare
611 983 736 1052 oportet,
750 982 779 1035 et
793 979 823 1034 in
838 978 958 1052 singulis
980 997 1025 1035 sa·
1076 980 1186 1036 bonnm
1204 984 1248 1035 est
1264 979 1314 1046 sal,
1331 978 1407 1051 quod
1426 978 1448 1033 si
1466 979 1507 1033 sal
1522 977 1660 1032 insulsum
1675 976 1772 1046 fuerit,
1789 976 1820 1032 in
1835 993 1891 1048 qno

211 1075 340 1131 cerdotes
354 1072 456 1129 divinis
470 1072 645 1129 orationibus
664 1074 722 1129 Deo
735 1073 842 1130 dicatos
859 1073 938 1144 poni.
951 1074 1027 1139 Quos
1076 1072 1146 1129 illud
1159 1072 1286 1128 salietis?
1305 1071 1410 1127 habete
1426 1073 1466 1126 sal
1485 1071 1514 1127 in
1527 1070 1605 1126 vobis
1624 1075 1651 1126 et
1669 1085 1772 1141 pacem
1787 1070 1891 1125 habete

210 1167 246 1222 ab
269 1166 403 1222 omnibus
422 1166 554 1223 venerari
575 1169 695 1238 oportet,
717 1170 822 1223 elnon
840 1181 857 1221 e
880 1182 1027 1238 quoquam
1076 1167 1153 1222 iuter
1170 1183 1219 1221 vos
1233 1166 1326 1236 llfcrc.
1346 1181 1385 1233 rx,
1399 1167 1433 1220 39
1452 1170 1477 1220 et
1496 1163 1574 1235 seq),
1590 1185 1604 1213 o
1619 1162 1687 1234 quia
1699 1162 1829 1235 quisquis
1843 1178 1890 1218 ve·

213 1258 334 1333 gravari.
350 1260 469 1330 Semper
483 1257 567 1315 vitate
587 1259 672 1327 mala,
690 1262 720 1314 et
739 1275 790 1330 pro
809 1258 958 1313 animabus
977 1275 1025 1314 ve·
1077 1264 1168 1316 strum
1182 1262 1259 1314 recte
1272 1257 1401 1313 docuerit
1418 1260 1448 1312 et
1467 1257 1544 1327 juste
1561 1255 1671 1324 vixerit,
1685 1254 1806 1310 habebit
1829 1254 1890 1326 glo·

211 1352 277 1408 stris
291 1368 329 1408 ne
346 1350 562 1407 confundamini
582 1350 677 1407 dicere
695 1368 805 1407 verum.
821 1351 966 1407 blendacia
980 1352 1026 1407 fu·
1076 1353 1162 1408 riam
1178 1351 1231 1417 Qui
1245 1355 1340 1407 autem
1354 1367 1434 1406 secus
1449 1349 1540 1422 egerit
1559 1348 1756 1405 indubitanter
1777 1363 1890 1419 poenam

211 1445 280 1518 gite,
295 1451 323 1501 et
337 1445 488 1500 veritatem
505 1444 592 1500 corde
612 1444 748 1516 proferte,
763 1443 901 1516 quoniam
923 1445 1027 1499 multos
1077 1445 1237 1513 sustinebit,
1252 1443 1318 1500 ideo
1338 1443 1415 1499 bona
1430 1459 1516 1516 agere
1530 1459 1580 1498 vos
1597 1455 1711 1514 semper
1724 1444 1849 1513 oportet,
1861 1444 1891 1496 ut

208 1539 271 1612 jam
288 1537 480 1610 supplantavit
498 1536 629 1610 suspicio.
644 1536 819 1594 Charitatem
835 1552 949 1608 semper
963 1537 1027 1592 dili·
1078 1537 1108 1610 9
1121 1538 1253 1594 bravium
1273 1540 1389 1593 oeternae
1403 1536 1467 1591 nita
1481 1535 1654 1608 percipiatis,
1669 1534 1714 1589 his
1728 1549 1800 1606 ergo
1819 1532 1890 1589 bene

211 1632 281 1704 gite,
295 1635 325 1686 ct
336 1631 440 1686 fratres
450 1630 593 1701 adjuvate.
604 1632 695 1685 Erunt
705 1628 783 1685 enim
796 1630 876 1702 quasi
888 1641 946 1684 non
960 1630 1026 1698 sint,
1076 1634 1175 1703 parete
1199 1630 1357 1697 sententiis,
1382 1644 1419 1685 ne
1442 1628 1504 1700 quis
1526 1629 1587 1684 haec
1607 1630 1752 1700 praecepta
1775 1625 1890 1681 minime

211 1728 241 1780 et
255 1723 390 1796 peribunt
396 1723 448 1778 viri
460 1723 509 1795 qni
521 1722 722 1779 contradicunt
735 1723 815 1779 vobis
822 1740 831 1792 ;
846 1723 921 1778 unde
932 1726 961 1778 et
970 1724 1025 1779 llo-
1037 1699 1066 1772 Β
1077 1723 1175 1778 credat
1184 1722 1341 1794 implenda,
1352 1725 1381 1777 et
1390 1721 1498 1792 judicio
1510 1720 1627 1775 Domini
1639 1718 1740 1775 aeterni
1752 1718 1830 1790 ignis
1839 1722 1890 1774 tor-

210 1817 382 1873 minusait:
399 1815 482 1882 «Qui
501 1832 552 1871 vos
573 1815 661 1884 audit,
676 1832 724 1870 me
747 1815 837 1886 audit,
860 1819 888 1871 et
908 1815 1027 1887 quivos
1076 1819 1174 1872 menta
1198 1815 1344 1883 sustineat,
1361 1815 1410 1886 qui
1431 1813 1614 1870 ecclesiastici
1633 1812 1727 1885 operis
1746 1828 1826 1868 sacra
1842 1826 1889 1866 nc·

210 1911 329 1982 spernit,
343 1926 390 1965 me
404 1909 522 1981 spernit,
536 1908 625 1980 etqui
641 1909 750 1980 spernit
764 1925 822 1979 me,
839 1908 947 1981 spernit
961 1925 1028 1965 eum
1076 1908 1205 1981 glexerit.

210 2003 260 2075 qni
281 2019 328 2059 me
348 2003 427 2058 misit
443 2004 515 2067 (Lon.
531 2018 558 2072 x,
578 2001 630 2072 le).
650 2022 664 2051 o
682 2003 716 2056 Et
734 2001 825 2057 item:
845 2022 859 2050 o
875 2000 930 2066 Qui
949 2002 1028 2057 enim
1112 2003 1176 2056 llaec
1190 2000 1287 2073 igitur,
1301 2001 1389 2055 frater
1402 1999 1516 2068 lacobe,
1534 2000 1571 2055 de
1586 2017 1636 2056 ore
1655 2000 1745 2054 sancti
1759 1998 1837 2055 Petri
1846 2000 1889 2070 ju·

210 2111 270 2152 non
284 2099 327 2150 est
339 2096 492 2150 adversum
505 2110 555 2150 vos
567 2110 619 2165 pro
637 2093 716 2148 vobis
728 2096 781 2149 est.
796 2093 929 2165 Quisquis
950 2095 1028 2149 enim
1076 2095 1170 2150 bentis
1192 2092 1298 2149 audivi.
1314 2092 1344 2149 Si
1364 2093 1427 2164 quis
1448 2095 1593 2165 praecepta
1617 2092 1679 2148 haec
1701 2109 1761 2148 non
1783 2092 1891 2164 integra

211 2191 311 2260 petum
324 2186 437 2241 dederit
451 2184 530 2241 vobis
545 2185 664 2241 calicem
684 2201 767 2257 aquae
788 2185 818 2241 in
831 2186 948 2241 nomine
963 2202 1027 2242 meo
1077 2186 1253 2256 custodierit,
1262 2185 1299 2240 sit
1311 2185 1463 2241 anathema
1473 2201 1562 2258 usque
1572 2186 1607 2242 ad
1617 2186 1771 2242 adventurn
1781 2185 1890 2241 Domini

211 2280 289 2351 (quia
305 2278 409 2333 Christi
430 2277 518 2348 estis),
541 2293 626 2333 amen
653 2277 716 2332 dico
737 2277 827 2344 vobis,
848 2294 907 2333 non
928 2279 1030 2350 perdet
1078 2279 1168 2335 nostri
1190 2279 1255 2334 lesu
1277 2278 1391 2334 Christi.
1406 2280 1469 2333 llaec
1490 2282 1632 2351 precepta
1652 2295 1670 2334 a
1690 2282 1790 2334 sancte
1812 2280 1891 2334 Petro

210 2371 375 2427 mercedem
398 2386 488 2425 suam.
510 2371 545 2425 Et
567 2369 617 2440 qui
640 2369 870 2426 scandalizaverit
887 2386 979 2425 unum
992 2387 1027 2427 er
1078 2371 1204 2443 apostolo
1217 2371 1325 2442 accepi,
1339 2375 1369 2426 et
1383 2370 1445 2439 tibi,
1456 2372 1546 2427 frater
1557 2370 1734 2439 charissime,
1748 2370 1891 2428 insinnare

211 2464 319 2538 pusillis
339 2463 520 2519 credentibus
534 2463 564 2517 in
582 2478 641 2530 me,
660 2462 768 2517 bonnm
787 2467 829 2519 est
848 2463 874 2518 ei
893 2464 985 2534 magis
1005 2463 1029 2518 si
1078 2464 1184 2534 curavi,
1198 2467 1231 2518 ut
1242 2480 1354 2521 servare
1369 2463 1467 2519 omnia
1480 2464 1629 2536 precipias
1646 2464 1708 2520 sine
1726 2467 1852 2521 macula.
1866 2465 1891 2522 Si

210 2557 436 2614 circumdaretur
447 2556 527 2612 mola
542 2553 666 2611 asinaria
686 2556 758 2611 collo
773 2555 834 2626 ejus
854 2560 883 2612 et
902 2556 931 2610 in
946 2572 1028 2611 mare
1078 2556 1143 2628 quis
1155 2572 1222 2611 vero
1235 2556 1356 2613 audierit
1370 2561 1407 2625 te,
1423 2556 1499 2612 utilis
1517 2556 1573 2612 erit
1592 2556 1722 2614 minister
1731 2559 1799 2613 lesu
1814 2558 1890 2614 Chri·

210 2651 381 2706 mitteretur.
398 2651 433 2705 Et
447 2649 471 2704 si
486 2648 720 2705 scandalizaverit
733 2652 761 2705 te
774 2665 875 2704 manus
889 2652 948 2719 tua,
963 2649 1027 2704 abs-
1078 2649 1129 2719 sti3
1142 2649 1193 2720 qui
1205 2654 1302 2704 autem
1318 2666 1377 2705 non
1391 2649 1518 2705 audierit
1530 2653 1568 2717 te,
1583 2649 1643 2706 imo
1656 2652 1826 2722 loquentem
1838 2653 1890 2707 llo·

211 2744 273 2799 cide
286 2743 376 2810 illam,
385 2741 495 2797 bonum
505 2744 549 2797 est
560 2741 613 2797 tibi
623 2740 746 2797 debilem
760 2740 880 2797 introire
888 2741 918 2797 in
927 2740 1026 2807 vitam,
1077 2741 1190 2797 minum
1201 2743 1365 2814 perte,ipse
1375 2742 1427 2798 sibi
1436 2742 1654 2799 damnationem
1662 2744 1891 2817 accipietflmni·

211 2850 299 2907 qnam
313 2834 383 2889 duas
399 2850 502 2889 manns
516 2833 672 2890 habentem
693 2833 805 2906 ingredi
818 2834 849 2888 in
863 2834 1028 2906 gehennam
1078 2838 1178 2908 potens
1192 2835 1276 2904 Deus,
1293 2835 1465 2906 charissime,
1483 2852 1535 2890 sua
1558 2839 1585 2890 te
1601 2837 1781 2909 protectione
1801 2841 1892 2893 cudo·

212 2926 298 2999 ignis,
305 2926 637 2998 inexstinguibilemmbi
644 2926 748 2982 vermis
759 2942 860 2982 eorum
870 2926 1026 2983 nonmori-
1078 2927 1241 2999 distatque
1251 2928 1288 2982 ad
1302 2928 1421 2984 coelestis
1431 2930 1694 2986 remunerationem
1708 2930 1809 3002 patriae
1821 2931 1892 2986 mul·

210 3024 268 3089 tur,
282 3023 312 3074 et
322 3018 398 3091 ignis
417 3035 477 3075 non
494 3019 701 3090 exstinguitur3
717 3022 747 3074 et
761 3019 784 3075 si
797 3036 848 3090 pes
863 3023 929 3074 tuus
943 3036 1027 3075 scan-
1038 3057 1066 3133 c
1078 3020 1166 3091 tiplici
1185 3021 1349 3077 animarum
1369 3021 1464 3077 fructu
1485 3022 1632 3095 perducat.
1646 3023 1719 3078 lleus
1738 3025 1769 3078 te
1788 3022 1892 3079 iterum

211 3111 314 3167 dalizat
325 3115 364 3181 te,
375 3113 491 3183 amputa
506 3127 583 3167 eum.
597 3110 708 3167 Bonum
718 3114 762 3166 est
773 3111 825 3167 tibi
835 3111 969 3169 claudum
983 3112 1027 3168 in·
1077 3113 1242 3185 iterumque
1249 3113 1423 3170 incolumem
1431 3116 1581 3184 custodiat,
1592 3115 1832 3172 reverendissime
1841 3116 1892 3171 fra-

212 3203 432 3260 troireinvitam
441 3207 686 3276 eternamquam
696 3203 863 3275 dnospedes
871 3205 1029 3261 habentem
1078 3210 1132 3262 ter.
1153 3210 1252 3264 nmen.

400 3478 678 3572 EPlSTOLA
712 3480 921 3573 TERTIA
956 3481 1158 3575 SANGTI
1191 3482 1507 3579 CLEMENTIS
1540 3487 1705 3582 PAPAE

747 3634 796 3698 De
810 3633 910 3715 officio
923 3634 1101 3700 sacerdotii
1112 3643 1143 3700 ct
1156 3636 1359 3702 clericorum.

247 3767 371 3823 einans
387 3765 464 3823 urbis
483 3768 583 3823 lfomae
602 3767 761 3840 episcopus,
777 3769 909 3824 omnibus
933 3771 1028 3842 coepi·

211 3860 312 3931 scopis,
327 3860 509 3933 presbyteris,
526 3859 704 3927 diaconibus,
721 3876 754 3916 ac
775 3860 893 3933 reliquis
909 3862 1028 3931 clericis,

1079 3787 1237 3844 omnesque
1259 3773 1413 3844 principes,
1427 3777 1485 3829 tam
1504 3776 1622 3847 majoris
1642 3793 1729 3849 quam
1751 3776 1894 3833 inferioris
1922 3826 1928 3836 .

1078 3864 1197 3934 ordinis,
1211 3868 1298 3936 atque
1319 3866 1423 3938 reliqui
1441 3869 1548 3939 populi,
1562 3870 1653 3925 tribus
1666 3874 1694 3926 et
1713 3870 1823 3942 linguas
1836 3887 1892 3926 non

212 3951 357 4009 etennetis
366 3951 552 4024 principibus,
561 3952 729 4023 majoribus,
739 3952 956 4024 minoribusque
966 3968 1027 4008 om·

212 4045 297 4100 nibus
319 4045 495 4116 generaliter
514 4043 644 4098 fidelibus
664 4042 836 4112 benedictio,
856 4044 979 4112 claritas,
1001 4048 1030 4099 et

213 4136 315 4208 gloria,
329 4136 360 4189 in
374 4134 466 4205 gratia
476 4133 525 4190 liei
538 4151 603 4205 qum
617 4134 685 4190 data
706 4137 750 4190 est
771 4134 854 4191 nobis
872 4135 902 4190 in
917 4136 1028 4193 Christo

212 4228 278 4283 Jesn
288 4225 410 4282 Domino
423 4229 533 4281 nostro.

248 4321 338 4391 Urget
358 4335 422 4386 nos,
437 4319 549 4388 fratres,
565 4318 672 4374 multus
692 4334 774 4375 arnor
796 4322 898 4389 vester,
913 4324 941 4376 et
960 4321 1028 4376 reli·

214 4413 293 4486 giosa
305 4415 400 4468 vestra
414 4411 538 4480 devotio,
554 4410 622 4483 quia
635 4410 779 4467 debitores
793 4429 891 4467 sumus
904 4415 936 4468 ut
951 4429 1028 4484 quar-

215 4506 281 4562 dam
298 4504 379 4561 vobis
405 4504 581 4570 scribamus;
607 4503 686 4558 vobis
710 4520 790 4575 ergo,
804 4505 854 4576 qui
874 4506 1029 4561 sacerdotio

213 4598 327 4654 Domini
339 4598 477 4665 fruimini,
493 4597 565 4652 etin
580 4597 693 4668 specula
704 4597 770 4652 estis
782 4597 866 4668 positi
880 4599 944 4669 plns
958 4598 1028 4654 scire

214 4694 328 4763 oportet
348 4695 380 4746 ut
400 4689 527 4746 subditos
546 4689 626 4745 vobis
648 4691 766 4762 populos
786 4689 907 4761 pleniter
926 4691 1030 4746 docere

213 4783 338 4855 possitis,
348 4782 443 4855 eisque
453 4783 490 4838 ad
501 4798 591 4854 regna
600 4781 738 4837 coelorum
746 4783 880 4838 ducatum
889 4783 1029 4854 prebere,

212 4876 271 4932 lieo
295 4882 451 4943 annuente,
468 4875 596 4932 valeatis.
616 4875 696 4931 Unde
721 4879 751 4931 et
769 4876 832 4947 ipsa
852 4892 904 4947 per
925 4893 954 4933 se
978 4878 1029 4932 Ve-

1079 3955 1350 4027 obtemperaveriut,
1362 3975 1421 4014 non
1436 3961 1529 4016 solum
1545 3962 1676 4033 infames,
1688 3962 1738 4019 sed
1754 3966 1783 4018 et
1798 3968 1893 4020 exter-

1078 4063 1125 4102 res
1135 4064 1151 4103 a
1161 4064 1253 4120 regno
1262 4051 1375 4106 Domini
1386 4057 1415 4108 et
1424 4055 1566 4111 consortio
1579 4055 1733 4113 fideliuma
1745 4057 1894 4113 liminibus

1078 4143 1182 4196 sauctae
1197 4141 1247 4196 bei
1263 4144 1393 4199 Ecclesia
1406 4145 1490 4201 alieni
1505 4151 1599 4203 erunt.
1614 4150 1687 4205 Nam
1704 4152 1833 4205 vestrum
1852 4155 1896 4206 est

1079 4248 1127 4288 ees
1138 4232 1292 4306 instruere,
1306 4252 1404 4292 eornm
1426 4242 1470 4294 est
1486 4240 1565 4296 vobis
1583 4241 1707 4309 obedire,
1717 4245 1752 4296 ut
1773 4242 1894 4298 llomino

1078 4325 1159 4397 cujus
1178 4328 1321 4399 legatione
1340 4331 1504 4402 fungimini,
1520 4332 1632 4389 dicente
1650 4335 1794 4389 Domino:
1813 4335 1894 4400 «Qui

1077 4434 1128 4473 vos
1163 4419 1253 4490 audit,
1278 4437 1325 4477 me
1357 4423 1447 4493 audit,
1477 4428 1505 4480 et
1536 4426 1586 4496 qui
1618 4443 1666 4481 vos
1702 4427 1822 4498 spernit,
1847 4443 1895 4483 me

1079 4511 1197 4583 spernit,
1211 4516 1241 4567 et
1258 4514 1308 4584 qui
1328 4530 1377 4570 vos
1399 4516 1511 4589 recipit,
1530 4535 1578 4572 me
1602 4519 1712 4590 recipit,
1727 4523 1756 4575 et
1774 4520 1824 4591 qui
1847 4537 1895 4576 me

1079 4603 1188 4674 recipit,
1202 4604 1304 4676 recipit
1323 4622 1389 4661 eum
1411 4609 1461 4679 qui
1480 4626 1526 4665 me
1547 4610 1625 4665 misit
1640 4612 1748 4683 (nortl.
1762 4628 1790 4680 1,
1805 4613 1863 4683 let,
1879 4634 1893 4662 n

1079 4695 1150 4750 nihil
1167 4696 1243 4751 enim
1259 4697 1392 4768 injustius
1404 4702 1447 4756 vel
1460 4701 1639 4759 inhonestius
1657 4708 1700 4759 est
1714 4720 1802 4776 quam
1821 4705 1895 4761 tilios

1078 4787 1207 4857 patribus
1220 4789 1349 4858 rebelles,
1365 4795 1415 4847 aut
1427 4794 1543 4849 clericos
1555 4797 1598 4850 vel
1621 4796 1706 4853 laicos
1729 4796 1896 4854 doctoribus

1079 4895 1130 4934 seu
1142 4878 1293 4952 discipulos
1310 4882 1455 4954 magistris
1475 4885 1672 4944 inobedientes
1686 4890 1731 4944 vel
1745 4894 1897 4961 protervos

212 4969 282 5025 ritas
294 4969 333 5025 ait
347 4985 353 5023 :
371 4968 480 5023 «Vobis
494 4968 594 5023 datum
609 4972 653 5023 est
663 4984 747 5023 nosse
765 4968 935 5041 mysterium
948 4969 1029 5041 regni
1080 4971 1209 5029 existere.
1223 4974 1360 5030 Novimus
1378 4976 1456 5032 enim
1475 4979 1602 5050 primum
1625 4981 1771 5038 hominem
1784 4999 1838 5054 per
1850 4984 1896 5039 in-

213 5061 274 5131 Dei,
294 5061 404 5117 ceteris
425 5054 1277 5133 auteminparabolis(hnevu1,l0),»etDobedientiam
1300 5067 1444 5138 cecidisse,
1465 5071 1570 5129 idcirco
1594 5091 1695 5130 omnes
1718 5075 1772 5131 hoo
1794 5075 1896 5132 vitium

213 5154 333 5227 reliqua.
354 5155 471 5224 Propter
488 5154 567 5224 quod
589 5153 738 5210 consilium
759 5154 796 5209 do
816 5154 970 5227 unicuique
983 5171 1031 5210 ve·
1080 5172 1260 5230 summopere
1273 5177 1372 5217 cavere
1385 5178 1545 5221 monemus.
1560 5166 1594 5222 lit
1611 5167 1678 5238 quia
1694 5168 1833 5223 Dominus
1847 5185 1895 5224 su·

177 5246 186 5259 ¹
212 5250 304 5302 strum
318 5248 487 5301 constanter
495 5246 598 5303 docere
608 5247 696 5303 verba
705 5246 809 5316 diviua,
820 5249 849 5301 et
857 5246 1032 5302 discentibus
1080 5250 1176 5321 perbis
1197 5252 1311 5321 resistit,
1333 5255 1489 5313 humilibus
1510 5262 1607 5314 autem
1628 5260 1818 5332 deigratiam
1839 5264 1894 5319 Do-

211 5338 336 5396 libenter
355 5339 572 5396 accommodare
592 5355 692 5396 aurem
711 5339 798 5394 verbe
819 5339 879 5395 bei.
899 5340 1030 5395 Vestmm
1079 5341 1176 5398 minus
1197 5344 1263 5415 (lec.
1293 5363 1329 5415 iv,
1350 5349 1387 5420 6),
1410 5349 1527 5406 mittens
1545 5368 1595 5407 ros
1616 5353 1676 5408 vice
1698 5370 1749 5408 sua
1776 5354 1807 5409 in
1832 5355 1895 5410 loco

212 5432 301 5501 enim,
316 5431 383 5504 quia
402 5432 547 5505 legatione
560 5433 675 5488 Domini
691 5431 857 5504 fungimini,
871 5436 914 5488 est
926 5431 1028 5488 docere
1079 5436 1275 5519 apostolorum
1297 5440 1334 5495 ad
1356 5442 1580 5513 predicandum,
1596 5446 1731 5517 praecepit
1744 5447 1826 5502 vobis
1841 5447 1894 5503 do·

210 5526 343 5597 populos,
356 5541 456 5581 eorum
475 5540 542 5579 vero
565 5529 609 5580 est
628 5524 708 5581 vobis
728 5523 846 5579 obedire
868 5528 900 5580 ut
918 5526 986 5580 Deo.
1001 5524 1029 5582 Si
1078 5544 1152 5597 cere,
1181 5546 1337 5604 omnesque
1363 5535 1441 5590 vobis
1471 5536 1596 5593 fideliter
1631 5538 1798 5594 obedientes
1833 5541 1894 5596 exi·

212 5620 308 5673 autem
318 5618 397 5675 vobis
410 5617 549 5690 episcopis
562 5633 619 5672 non
630 5616 790 5673 obedierint
799 5632 900 5672 omnes
909 5618 1029 5690 presby·
1078 5626 1162 5693 alere,
1173 5624 1311 5696 quoniam
1324 5642 1377 5682 nec
1390 5629 1473 5685 aliter
1486 5634 1565 5686 terra
1584 5631 1678 5703 pariet
1694 5631 1803 5688 fructus
1816 5649 1893 5700 suos,

208 5707 273 5775 teri,
289 5710 408 5776 diaconi,
426 5726 458 5764 ac
473 5708 649 5775 subdiaconi,
665 5713 693 5764 et
705 5709 809 5782 reliqui
822 5709 918 5766 clerici
930 5711 1026 5766 cuncti
1077 5713 1132 5768 nisi
1158 5717 1233 5773 culta
1261 5720 1400 5791 receperit
1424 5738 1520 5778 semen
1543 5727 1573 5779 et
1599 5725 1718 5797 irrigata
1747 5725 1891 5798 germina-
