3870 6150
126 226 173 280 dil
313 270 316 279 .
573 221 714 276 ,terrac
734 224 777 278 AD
796 222 875 279 SAEC.
898 223 940 278 lli.
956 251 989 262 -
1009 223 1128 278 {siccat
1148 222 1359 280 Menecratis
1695 244 1701 249 ·
1755 231 1805 284 312

124 329 272 402 proprium
296 327 471 401 episcopum,
485 330 530 383 vel
547 334 624 384 certe
647 331 670 384 si
691 330 779 385 fuerit
797 332 937 403 judicium
949 331 1062 415 Aheno
1069 330 1269 387 diffinitionem
1280 334 1384 388 sanctae
1395 330 1496 403 synodi
1503 330 1686 403 praeterierit,
1695 334 1807 406 regula·

125 424 213 495 ipsius
227 423 362 495 episcopi,
377 423 453 495 apud
467 423 591 478 arbitros
604 440 639 479 ex
654 428 775 498 utraque
788 430 868 497 parte
880 428 937 482 ele·
989 439 1055 479 rum
1068 424 1350 480 condemnationibus
1370 425 1524 496 subjaceat.

124 522 184 571 ctos
197 516 330 572 audiatur
344 517 504 588 negotium.
518 517 547 573 Si
559 518 622 589 quis
634 534 701 574 vero
717 524 816 574 eontra
829 521 891 575 haec
902 521 939 576 le·
1025 518 1282 573 alciacensem
1310 533 1367 573 non
1395 519 1499 574 debere
1526 523 1592 575 ante
1614 520 1807 592 quadraginta

39 614 55 692 J
124 609 204 676 cerit,
217 626 361 664 canonum
376 611 521 682 subjaceat
533 612 767 683 correptionibus.
777 614 811 668 Et
823 613 847 667 si
860 614 940 668 cleri·
989 627 1078 666 annos
1093 610 1229 681 ordinari,
1243 614 1272 667 et
1286 613 1339 666 hoc
1352 628 1417 667 cum
1433 612 1563 684 diligenti
1577 612 1760 684 probatione.
1778 616 1807 670 Si

125 720 174 759 cus
199 704 333 759 adversus
353 720 438 758 suum
464 705 506 759 vel
533 704 620 760 alirnn
647 705 811 777 episcopum
837 707 940 764 habeat
990 720 1054 759 vero
1068 705 1222 775 susceperit
1235 704 1444 760 ordinationem
1456 710 1486 760 et
1500 709 1725 778 quantocunque
1739 713 1808 762 tem·

15 862 23 871 ,
125 798 336 868 causam,apud
351 798 528 853 audientiam
538 798 636 869 synodi
650 799 802 870 provinciae
817 817 940 872 conque·
989 814 1059 869 pore
1072 797 1259 853 observaverit
1272 798 1473 866 ministerium,
1488 802 1517 854 et
1531 801 1629 870 postea
1653 815 1682 854 se
1699 800 1808 871 nuptiis

125 895 215 945 ratur.
231 890 260 945 Si
273 906 339 946 vero
353 895 454 946 contra
468 891 555 962 ipsius
569 892 719 963 provincia
741 894 938 965 metropolita-
992 891 1148 961 tradiderit,
1164 891 1299 962 injuriam
1322 892 1428 947 iaciens
1449 892 1497 947 Dei
1520 891 1629 963 gratiae,
1650 892 1715 947 haec
1737 911 1808 949 ana·

125 1000 195 1039 num
208 984 371 1057 episcopum
386 985 534 1056 episeopus
551 984 608 1040 sive
621 984 740 1040 clericus
752 986 857 1043 habeat
869 1003 938 1042 con·
989 983 1086 1039 thema
1099 985 1146 1054 sit,
1163 1001 1229 1040 cum
1244 1002 1278 1040 eo
1293 985 1385 1058 quiin
1398 985 1474 1041 illius
1486 985 1594 1057 nuptiis
1607 987 1753 1041 convenit.

124 1078 301 1146 troversiam,
312 1081 416 1149 pergat
427 1078 464 1132 ad
477 1077 566 1150 ipsius
580 1078 708 1134 dioecesis
717 1080 941 1151 primatem,aut
1024 1078 1088 1131 llVl.
1109 1077 1139 1131 Si
1163 1093 1221 1149 qua
1244 1077 1324 1149 virgo
1348 1094 1378 1133 se
1401 1077 1571 1133 dedicaverit
1594 1078 1662 1147 Deo,
1676 1079 1808 1134 similiter

125 1175 199 1227 certe
214 1172 249 1226 ad
265 1171 584 1242 Constantinopolitanae
599 1173 686 1244 regiae
699 1173 819 1230 civitatis
832 1175 937 1246 sedem,
989 1171 1156 1240 monachus,
1174 1187 1233 1226 non
1246 1171 1330 1226 licere
1350 1172 1390 1225 eis
1405 1171 1490 1243 jungi
1503 1170 1619 1243 nuptiis.
1635 1171 1664 1227 si
1678 1187 1748 1226 vero
1762 1172 1807 1226 in·

124 1269 156 1320 ut
171 1281 270 1320 eorum
285 1265 323 1319 ibi
336 1265 485 1336 proprium
501 1266 648 1338 negotium
662 1267 837 1339 exquiratur.
989 1264 1063 1319 venti
1086 1263 1195 1319 luerint
1215 1264 1269 1318 hoc
1292 1264 1438 1331 iacientes,
1457 1268 1593 1319 maneant
1612 1265 1807 1320 excommuni-

160 1360 190 1414 lt.
205 1359 265 1413 Non
280 1358 365 1414 licere
381 1359 513 1414 clericum
536 1359 565 1414 in
588 1360 713 1416 ecelesiis
736 1361 857 1437 duarum
871 1361 939 1417 civi·
990 1357 1054 1413 cati.
1067 1358 1222 1414 statuimus
1229 1374 1297 1413 vero
1305 1374 1387 1430 posse
1395 1358 1425 1412 in
1432 1357 1472 1413 eis
1483 1359 1575 1414 lacere
1585 1358 1805 1427 humanitatem,

124 1456 216 1509 tatum
229 1451 367 1522 ordinari,
383 1452 433 1508 sed
448 1453 477 1508 in
490 1469 522 1508 ea
534 1453 564 1508 in
579 1469 635 1526 qua
650 1454 686 1509 ab
699 1453 779 1510 initio
795 1455 940 1511 ordinatus
989 1452 1013 1506 si
1024 1452 1064 1507 ita
1077 1451 1240 1523 probaverit
1253 1452 1310 1506 loci
1323 1452 1482 1523 episcopus.

125 1549 177 1616 est,
192 1551 221 1602 et
235 1546 315 1617 cnjus
335 1546 469 1616 expetitio
492 1551 553 1601 erat
575 1552 640 1603 ante
661 1548 838 1620 profugium.
860 1551 894 1604 Et
916 1549 940 1605 si
1025 1546 1101 1601 llllll.
1117 1547 1170 1600 Per
1182 1544 1311 1616 singulas
1326 1545 1457 1600 ecclesias
1471 1543 1638 1612 msticanas,
1654 1545 1806 1616 parochias

124 1641 242 1712 propter
255 1655 335 1695 vanae
349 1639 446 1711 gloria
460 1640 635 1696 desiderium
654 1642 815 1714 contigerit,
832 1645 864 1697 ut
877 1646 941 1715 post
991 1639 1047 1695 sira
1060 1639 1260 1711 possessiones,
1276 1655 1396 1693 manere
1410 1637 1575 1693 immobiles
1599 1638 1678 1710 apud
1695 1639 1805 1711 eosqui

124 1733 159 1787 ad
173 1732 309 1804 majorem
323 1732 472 1788 ecelesiam
487 1734 657 1806 confugerit,
668 1751 735 1789 eum
747 1706 979 1792 indubitanterB
991 1749 1037 1788 eas
1050 1733 1176 1788 retinent
1188 1732 1344 1804 episcopos,
1359 1735 1388 1786 et
1401 1731 1525 1787 maxime
1546 1731 1594 1803 qui
1614 1747 1661 1786 eas
1676 1730 1738 1786 sine
1752 1732 1806 1787 rio-

125 1825 251 1881 revooari
262 1826 363 1882 debere
377 1827 412 1881 ad
428 1843 491 1881 eam
502 1827 532 1883 in
546 1843 603 1899 qua
615 1829 650 1883 ab
661 1829 777 1885 exordio
791 1830 940 1885 ordinatus
990 1826 1077 1882 lentia
1092 1827 1153 1898 jam
1168 1842 1220 1898 per
1232 1825 1350 1897 triginta
1371 1841 1462 1880 annos
1483 1830 1611 1881 tenentes
1630 1825 1806 1895 gubernave-

125 1923 178 1987 est,
193 1921 221 1974 et
235 1918 275 1974 ibi
287 1920 486 1976 tantummodo
501 1920 671 1978 ministrare.
681 1922 711 1979 Si
726 1923 790 1994 qtsis
803 1940 869 1979 vero
877 1924 940 1996 J'am
990 1925 1067 1976 runt.
1080 1920 1108 1976 Si
1121 1936 1189 1975 vcro
1202 1919 1279 1974 intra
1296 1919 1414 1990 triginta
1429 1935 1519 1974 annos
1535 1919 1596 1991 jam
1613 1919 1689 1974 facta
1709 1919 1804 1987 luerit,

124 2013 278 2068 translatus
288 2014 437 2070 estabelis
448 2015 477 2069 in
487 2016 574 2072 aliam
586 2016 746 2084 ecclesiam,
757 2017 941 2074 nihilhabeat
990 2018 1039 2068 ant
1050 2013 1108 2082 cat,
1126 2014 1161 2068 de
1174 2013 1218 2067 his
1230 2013 1376 2068 altercatio
1387 2012 1471 2068 licere
1484 2012 1523 2073 eis
1539 2011 1602 2083 '74
1618 2012 1669 2084 qui
1683 2028 1713 2066 se
1726 2012 1805 2068 dixe·

125 2122 278 2161 commune
291 2123 358 2160 curn
367 2108 465 2179 priore
476 2108 605 2176 ecclesia,
617 2109 674 2164 sive
684 2110 735 2164 sub
746 2112 862 2166 ecelesia
872 2128 940 2166 con·
991 2113 1059 2163 runt
1071 2108 1151 2161 laesos
1170 2111 1289 2178 propter
1306 2123 1353 2161 eas
1367 2122 1482 2161 movere
1496 2105 1572 2177 apud
1586 2105 1730 2177 synodum
1742 2121 1805 2175 pro-

125 2199 229 2254 stitutis
244 2199 400 2269 martyriis,
415 2200 472 2254 sive
487 2201 515 2254 in
529 2202 672 2272 parochiis
688 2203 731 2257 vel
744 2203 939 2274 xenodochiis,
990 2200 1088 2255 vincias
1100 2204 1257 2255 certarnen.
1272 2200 1300 2255 Si
1313 2199 1376 2271 quis
1386 2216 1452 2254 vero
1463 2199 1606 2269 putaverit
1620 2214 1649 2253 se
1660 2215 1677 2252 a
1689 2199 1806 2270 proprio

125 2294 175 2345 arat
189 2307 289 2345 eorum
310 2291 439 2363 negotiis.
454 2295 508 2348 Eos
521 2310 588 2349 vero
608 2295 657 2366 qui
674 2295 735 2351 ausi
750 2296 857 2352 luerint
877 2301 942 2369 post
991 2293 1212 2365 metropolitano
1235 2293 1347 2364 gravari
1368 2294 1444 2364 apud
1466 2293 1620 2364 primatem
1642 2292 1806 2359 dioecesaos,
1825 2336 1847 2357 „

128 2383 339 2439 ordinationem
366 2385 451 2456 hayus
474 2403 586 2459 magnae
608 2392 638 2442 et
659 2388 821 2444 universalis
841 2392 942 2462 synodi
991 2393 1040 2442 aut
1052 2388 1128 2458 apud
1142 2386 1462 2458 Constantinopolitanae
1481 2385 1600 2440 civitatis
1615 2385 1727 2452 sedem,
1742 2391 1847 2456 agal:

60 2494 65 2499 ·
126 2493 212 2549 agere
233 2494 299 2550 quae
318 2478 463 2548 prohibita
486 2484 562 2549 sunt,
579 2481 678 2537 statuit
701 2487 797 2538 sancta
817 2484 941 2555 synodus
988 2479 1139 2551 judicium,
1153 2480 1226 2535 sieut
1238 2479 1346 2535 dictum
1362 2484 1413 2534 est.
1430 2479 1459 2534 Si
1471 2495 1538 2533 vero
1554 2477 1692 2550 quaelibet
1711 2478 1847 2533 civitae

127 2571 229 2626 cadere
244 2570 278 2626 de
288 2572 403 2644 proprio
417 2574 516 2644 gradu.
992 2589 1044 2645 per
1057 2574 1254 2629 auctoritatem
1267 2572 1447 2643 imperialem
1462 2576 1594 2627 renovata
1607 2574 1661 2640 est,
1673 2575 1725 2626 aut
1734 2571 1840 2626 sire-

162 2665 203 2719 lll.
223 2665 327 2720 Omnes
350 2683 490 2738 pauperes
515 2671 544 2722 et
565 2667 726 2740 indigentes
749 2670 942 2726 ecclesiasticis
991 2670 1119 2736 novetur,
1137 2666 1164 2720 in
1187 2669 1333 2736 posterum
1358 2665 1486 2720 civilibus
1505 2669 1534 2720 et
1552 2663 1674 2736 publicis
1696 2665 1847 2720 ordina-

56 2764 63 2783 ·
126 2757 237 2812 auxiliis
251 2776 317 2814 cum
329 2760 547 2832 proficiscuntur
559 2762 610 2816 suh
624 2762 794 2834 probatione
808 2765 940 2835 epistolii,
992 2759 1125 2826 tionibus,
1140 2759 1224 2814 etiam
1246 2758 1430 2814 ecclesiarum
1449 2757 1690 2829 parochianarum
1713 2774 1847 2831 sequa·

127 2850 184 2905 sive
197 2851 283 2921 pacis,
298 2868 362 2922 quae
378 2853 511 2908 dicuntur
523 2853 727 2923 ecclesiasticae,
741 2858 942 2913 tantummodo
992 2856 1039 2906 tur
1049 2853 1200 2908 ordinatio·

128 2944 323 3000 commendari
336 2946 495 3013 statuimus,
512 2950 540 3002 et
553 2964 611 3003 non
629 2949 868 3005 commendatitiis
882 2952 940 3023 epi·
1029 2947 1119 3005 llVlll.
1134 2945 1368 3018 conjurationum
1382 2948 1412 3001 et
1425 2944 1671 3016 conspirationum
1688 2945 1847 3001 crimes:

128 3038 215 3104 stolis,
229 3039 296 3109 quia
314 3041 561 3095 commendatitias
580 3041 712 3112 epistolas
727 3059 795 3114 quas
809 3043 940 3112 dicimus,
992 3043 1069 3115 quod
1089 3040 1167 3113 apud
1189 3041 1300 3095 Graecos
1322 3038 1424 3094 dicitur
1441 3041 1559 3106 fratrea,
1579 3037 1700 3108 publicis
1723 3040 1847 3097 etiam

115 3147 177 3185 ·eos
191 3134 304 3187 tantum
317 3132 444 3203 accipere
458 3135 589 3190 convenit
604 3134 653 3206 qui
668 3136 697 3190 in
711 3153 798 3208 opere
813 3141 878 3192 sunt
891 3139 943 3193 ela·
992 3137 1104 3207 legibus
1114 3140 1223 3189 certum
1234 3132 1398 3203 estpenitus
1407 3131 1545 3200 inhiberi,
1555 3132 1710 3187 haemulto
1719 3149 1847 3204 mag:

127 3223 225 3291 riores,
240 3228 271 3279 ut
285 3224 325 3279 eis
339 3227 539 3281 tantummodo
553 3228 744 3298 praebeantur.
992 3231 1021 3284 in
1037 3232 1132 3284 saneta
1146 3228 1195 3282 Dei
1209 3226 1338 3295 Ecclesia,
1351 3242 1387 3280 ne
1402 3225 1460 3295 liat,
1474 3225 1607 3280 convenit
1626 3224 1769 3281 abdicari.
1783 3228 1847 3282 ξ

161 3317 214 3371 llll.
228 3319 360 3375 Pervenit
382 3320 419 3374 ad
431 3336 482 3378 nos
498 3336 531 3374 eo
545 3321 622 3392 quod
644 3321 760 3391 quidam
776 3328 882 3393 praeter
896 3339 940 3392 ec·
993 3323 1042 3396 qui
1054 3338 1120 3377 vero
1135 3320 1229 3375 clerici
1241 3320 1285 3374 vel
1300 3319 1434 3374 monachi
1456 3318 1563 3373 inventi
1587 3318 1696 3374 luerint
1711 3320 1847 3390 conj-

21 3407 26 3418 '
127 3410 297 3466 ctesiasticos
319 3411 433 3467 ordines
456 3413 620 3469 affectantes
640 3415 797 3485 potentiam
816 3433 867 3487 per
880 3433 942 3488 pra·
992 3415 1280 3484 rantes,autiratreas
1288 3412 1475 3468 vellactiones
1484 3415 1693 3482 componentes
1702 3412 1847 3483 aliqt-

127 3504 281 3575 gmaticam
303 3505 427 3560 formam
443 3523 532 3561 unam
555 3507 728 3578 provinciam
744 3508 772 3564 in
788 3509 858 3564 duas
873 3511 941 3565 divi·
992 3511 1051 3564 suis
1063 3508 1216 3581 episcopis,
1231 3508 1280 3561 aut
1294 3505 1360 3561 aliis'
1377 3504 1497 3573 clericis,
1513 3504 1631 3560 omnino
1654 3504 1761 3560 cadant
1836 3536 1847 3562 s

127 3594 204 3664 dant,
219 3597 258 3651 ita
271 3600 303 3651 ut
324 3614 358 3653 ex
374 3598 428 3653 hoc
446 3599 628 3655 inveniantur
651 3602 707 3657 duo
731 3604 941 3675 metropolitani
991 3604 1106 3676 proprio
1126 3603 1225 3673 gradu.

126 3688 252 3761 episcopi
266 3690 295 3744 in
308 3691 412 3746 eadem
433 3708 490 3748 una
510 3710 571 3749 esse
585 3694 739 3765 provincia.
756 3696 859 3752 Statuit
873 3714 942 3770 ergo
1027 3698 1092 3752 Xlll.
1106 3694 1237 3750 Pervenit
1250 3693 1285 3748 ad
1300 3709 1385 3748 aures
1398 3696 1508 3748 nostras
1521 3691 1597 3764 quod
1610 3692 1640 3746 in
1654 3692 1845 3763 provinoei

125 3788 221 3838 sancta
250 3786 372 3856 synodus
404 3785 541 3858 deinceps
572 3788 643 3843 nihil
674 3791 730 3844 tale
763 3792 894 3845 attentari
925 3809 942 3845 a
992 3785 1771 3859 constitutaepiscoporumconciliaminimecelebrent
1807 3807 1847 3845 lu

125 3876 254 3947 quolibet
268 3878 410 3950 episcopo.
421 3881 551 3935 Eosvero
565 3882 614 3953 qui
628 3883 685 3937 tale
699 3883 806 3953 aliquid
820 3886 942 3939 tentare·
992 3886 1029 3938 Er
1040 3884 1094 3937 hoc
1109 3882 1258 3953 probatur,
1267 3881 1343 3952 qvvod
1357 3881 1456 3935 multae
1471 3896 1535 3951 qnae
1548 3879 1726 3935 correctione
1739 3896 1847 3954 otiu

125 3967 193 4039 rint,
207 3970 243 4024 de
254 3971 370 4041 proprio
382 3972 473 4043 gradu
486 3973 599 4029 cadere.
609 3975 637 4029 Si
648 3991 786 4046 quaerero
797 3978 863 4030 ante
873 3977 940 4031 eivi-
992 3977 1116 4031 habeant
1129 3974 1324 4029 ecclesiastieae
1339 3991 1384 4029 res
1398 3973 1590 4045 negligantur.
1605 3971 1710 4028 Statuit
1723 3972 1806 4044 igi
1815 3980 1847 4031 tur

125 4065 197 4116 tates
222 4079 275 4132 per
301 4064 504 4135 pragmaticam
527 4065 705 4136 imperialem
732 4068 940 4138 metropolitani
991 4068 1224 4140 sanctasynodus
1238 4068 1469 4123 hacsccundum
1485 4069 1604 4122 Petrum
1627 4064 1763 4136 regulas,
1808 4066 1842 4123 bis

125 4153 249 4208 nominis
263 4154 374 4211 honore
388 4157 528 4212 decoratas
542 4163 608 4212 sunt
622 4160 739 4215 nomine
751 4161 809 4215 solo
830 4162 940 4232 perlru·
991 4163 1020 4217 in
1032 4178 1107 4216 anno
1121 4162 1151 4216 in
1166 4178 1257 4216 unum
1271 4161 1422 4216 convenire
1441 4176 1494 4231 per
1508 4159 1635 4230 singulas
1649 4157 1766 4229 provin
1775 4159 1833 4215 ct'ss

125 4252 220 4316 antur,
235 4251 264 4302 et
276 4248 326 4318 qui
340 4249 489 4303 ecclesiam
509 4250 570 4321 ejus
589 4252 664 4321 regit
685 4253 843 4325 episcopus,
858 4257 941 4326 privi-
991 4255 1145 4327 episcopos,
1162 4256 1211 4309 ubi
1225 4255 1337 4326 singula
1352 4270 1415 4325 quae
1428 4252 1607 4318 emerserint,
1617 4252 1819 4323 corriguntur.

124 4336 199 4410 legio
212 4340 572 4415 metropolitanoepiscopo
579 4344 771 4417 jureproprio
785 4354 938 4406 reservato.
992 4349 1044 4414 Oui
1059 4367 1124 4405 vero
1139 4349 1284 4404 noluerint
1296 4347 1446 4403 convenire
1464 4345 1589 4418 episcopi
1605 4343 1809 4409 constituti,n

159 4432 225 4489 lllll.
240 4435 411 4490 Extraneum
426 4435 561 4492 clericum
576 4443 605 4493 et
619 4439 755 4495 lectorem
775 4445 856 4497 extra
871 4443 937 4498 civi·
949 4444 979 4516 D
990 4444 1048 4499 suis
1071 4443 1239 4508 civitatibus,
1255 4446 1283 4497 et
1307 4443 1361 4497 lroc
1384 4440 1507 4495 maxime
1529 4456 1595 4494 curn
1616 4439 1661 4494 sui
1682 4437 1802 4508 corporis

124 4527 210 4582 tatem
225 4544 306 4583 suam
320 4528 380 4584 sine
392 4531 635 4586 commendatitiis
647 4533 748 4588 litteris
761 4536 868 4607 proprii
882 4537 940 4608 epi·
989 4537 1109 4591 sanitate
1130 4536 1325 4604 consistentes,
1339 4535 1425 4590 etiarn
1441 4533 1576 4588 omnibus
1596 4532 1661 4586 aliis
1681 4528 1796 4601 urgenti·

43 4676 46 4681 ,
125 4621 203 4690 scopi
216 4638 360 4695 nusquam
378 4625 493 4695 penitus
506 4625 589 4680 liceat
603 4626 777 4684 ministrare.
988 4630 1041 4685 hus
1054 4635 1082 4685 et
1093 4629 1330 4685 inexcusabilibus
1343 4627 1464 4700 negotiis
1476 4624 1560 4680 liberi
1572 4630 1650 4691 sunt,
1665 4624 1747 4679 licere
1754 4639 1803 4680 cos

159 4713 224 4769 xlv,
242 4715 314 4779 Quia
340 4717 370 4772 in
396 4719 568 4789 quibusdam
599 4721 749 4791 provinciis
773 4724 940 4779 conceditur
988 4724 1284 4779 iraternaecharitatis
1298 4719 1542 4777 admonitionibus
1556 4718 1672 4791 corripi.

122 4806 276 4877 psalmistis
287 4815 316 4865 et
328 4809 481 4866 lectoribus
496 4829 597 4868 uxores
613 4815 749 4888 accipere,
766 4819 863 4873 statuit
877 4835 940 4873 san·
1022 4819 1075 4873 xx.
1098 4816 1221 4872 Clericos
1249 4816 1278 4871 in
1300 4815 1357 4870 suis
1382 4813 1507 4868 ecclesiis
1530 4811 1711 4880 constitutos,
1734 4812 1847 4870 sicutt

123 4903 169 4954 cta
182 4902 304 4972 synodus
315 4920 430 4974 prorsus
442 4922 500 4961 non
511 4907 597 4963 licere
613 4911 746 4982 cuiquam
760 4928 796 4966 ex
810 4912 855 4966 his
869 4913 937 4968 alle·
985 4911 1047 4982 jam
1068 4910 1257 4977 delinivimus,
1274 4926 1330 4964 non
1344 4908 1428 4962 licere
1444 4907 1474 4960 in
1491 4905 1607 4960 alterius
1628 4904 1745 4960 civitatis
1755 4915 1847 4964 ecs

122 4993 183 5048 rius
205 5001 289 5050 sectae
311 4998 438 5069 accipere
459 5016 587 5056 uxorem.
605 5003 632 5058 Si
648 5004 710 5074 quis
723 5020 788 5060 vero
801 5007 939 5077 praevenit
988 5003 1078 5058 clesiis
1093 5003 1230 5071 ordinari,
1239 5002 1286 5056 scd
1301 5001 1478 5073 acquiescere
1489 4999 1519 5053 in
1530 5015 1563 5053 oa
1572 4999 1602 5053 in
1612 5015 1671 5070 qrra
1682 4997 1795 5059 abinitio
1835 5002 1847 5031 ⁴

123 5091 152 5142 et
165 5088 323 5161 habetjam
338 5092 373 5146 dc
386 5092 434 5148 tali
450 5094 592 5148 connubio
605 5094 686 5165 lilios,
701 5097 724 5151 si
743 5097 816 5154 lerte
828 5117 935 5170 praeve·
988 5097 1152 5151 ministrare
1175 5098 1354 5162 meruerunt,
1377 5092 1501 5164 exeeptis
1523 5092 1578 5147 illis
1603 5091 1653 5164 qui
1679 5095 1798 5164 proprias
1843 5095 1847 5126 ³

123 5182 198 5237 nerit
214 5198 261 5238 eos
279 5184 340 5255 jam
363 5185 438 5256 apud
460 5187 609 5242 haereticos
629 5189 775 5261 baptizari,
792 5191 876 5247 debet
891 5210 939 5247 eos
988 5190 1113 5245 civitates
1131 5189 1329 5261 perdiderunt,
1345 5193 1373 5244 ct
1394 5204 1426 5242 ex
1448 5186 1614 5241 necessitate
1630 5184 1666 5240 ad
1679 5184 1746 5240 alias
1758 5206 1798 5245 ec·

123 5275 225 5332 offerre
239 5280 345 5333 saneta
363 5279 493 5334 Ecclesiae
516 5281 669 5350 catholicae,
682 5286 715 5337 ut
730 5283 768 5338 ibi
782 5285 938 5339 communi·
988 5282 1086 5338 ctesias
1108 5283 1314 5353 migraverunt.
1338 5281 1367 5336 Si
1386 5297 1452 5336 vcro
1472 5279 1637 5351 quicunque
1656 5277 1801 5354 episeopus

121 5377 197 5426 cent.
212 5370 265 5435 Qut
279 5387 345 5426 vero
358 5371 451 5428 adhuc
463 5373 598 5445 baptizati
611 5391 669 5430 non
683 5378 759 5446 sunt,
774 5378 937 5435 omnimodo
986 5382 1052 5449 post
1064 5375 1264 5433 diffinitionem
1286 5375 1371 5429 istam
1394 5374 1429 5429 ad
1452 5373 1539 5429 alium
1556 5372 1724 5444 episcopum
1739 5391 1802 5447 per·

122 5478 179 5518 non
194 5479 275 5536 posse
289 5481 338 5520 eos
351 5465 381 5520 in
394 5465 526 5521 haeretica
541 5468 663 5523 Ecclesia
676 5469 825 5541 baptizari,
840 5488 892 5527 nec
907 5473 936 5528 in
985 5476 1124 5530 tinentem
1137 5473 1270 5529 clericum
1282 5471 1448 5543 susceperit,
1457 5469 1564 5544 placuit
1576 5472 1684 5525 sanctia
1699 5477 1804 5542 synodo

121 5557 303 5614 matrimonio
320 5560 405 5632 J'ungi
419 5560 563 5630 haeretico,
579 5563 676 5618 iudaea
689 5565 733 5618 vel
749 5580 869 5636 pagano,
882 5566 937 5621 nisi
986 5571 1016 5625 ct
1028 5570 1103 5624 hunc
1122 5568 1172 5640 qui
1187 5565 1351 5639 susceperit,
1366 5570 1395 5621 et
1417 5581 1484 5620 curn
1510 5563 1559 5637 qui
1581 5568 1731 5636 susceptus
1753 5574 1805 5638 est,

121 5643 195 5702 forte
209 5653 397 5722 spoponderit
410 5671 440 5710 se
453 5653 548 5710 venire
571 5655 607 5709 ad
629 5657 817 5713 orthodoxam
840 5659 935 5727 fldem,
986 5662 1086 5718 tandiu
1102 5660 1362 5718 excommunicatos
1377 5674 1495 5715 manera
1507 5655 1634 5731 quandiu
1646 5656 1710 5730 ipse
1723 5661 1805 5720 aeri·

120 5736 191 5794 dum
212 5745 395 5819 coniungitur
417 5764 530 5821 sponse
553 5750 731 5807 orthodoxae.
747 5751 775 5808 Si
794 5753 856 5829 quis
870 5770 936 5810 vero
986 5772 1036 5812 eus
1050 5757 1086 5812 ad
1099 5756 1244 5830 propriam
1260 5756 1417 5811 revertatur
1432 5751 1586 5810 eeclesiam.
