3870 6150
556 278 560 283 ’
605 270 846 334 bramtune
865 274 1058 332 maberie.
1620 276 1681 334 sto-

103 386 170 443 ibas
180 386 262 460 pagis
275 403 327 459 pra
341 389 448 442 eventu
460 384 574 441 dierum
586 384 802 441 succedentium
815 398 941 470 Asnpar
955 387 1061 440 terram
1076 382 1111 439 de
1127 384 1204 439 omui
1221 400 1252 441 re
1270 399 1441 457 (plausuque
1463 386 1610 457 petierint,
1624 388 1674 442 tlct

106 497 140 537 us
150 480 319 554 paternitati
330 486 431 536 restrae
447 496 506 535 nou
519 496 585 536 reor
598 495 659 534 esse
672 479 804 550 iucogni·
855 478 912 532 illis
924 494 942 535 a
955 479 1036 533 Patre
1051 493 1117 532 meo
1133 477 1221 548 quiin
1233 479 1310 534 emtis
1323 483 1367 534 est
1379 481 1487 550 (blattis.
1503 495 1581 547 xrrrr,
1590 482 1670 551 19).»

103 574 200 630 binde
214 575 282 646 quia
298 581 409 630 certum
424 574 500 644 apud
518 590 570 628 nos
587 573 711 645 gerimus
730 573 805 645 quod
856 571 899 626 tlh
913 571 966 626 boe
979 570 1171 627 venerabilem
1186 572 1364 642 paternitatis
1377 579 1475 629 vestra
1487 582 1591 631 cetram
1606 593 1672 631 curn

103 672 221 740 rtemptu
237 668 400 723 divinorum
409 673 621 740 praeceptorum
631 666 807 739 terraperni·
855 666 1046 737 lacrymarum
1057 664 1196 719 allusione
1209 665 1377 733 conveniat
1386 667 1445 721 zelo
1455 669 1540 722 vestri
1554 670 1671 741 regimi-

103 761 542 834 stineatpressurarum,dicente
552 760 735 832 Domiuoper
744 776 807 831 pro·
856 758 900 813 nis
912 761 1052 831 purgetur
1065 761 1141 813 terra
1155 759 1326 830 contagione
1340 760 1494 830 pravitatis.
1511 763 1671 834 Exsurgite,

103 879 106 912 ι
120 873 129 912 :
141 875 156 909 c
167 857 288 929 Propter
297 857 352 911 boc
363 855 568 927 lugebittcrra,
577 858 605 909 et
614 853 806 908 infirmabitur
857 852 1300 924 quaso,exsurgite,culpatorum
1310 852 1408 907 solvite
1416 854 1675 927 nodos,transgres·

103 953 147 1025 pui
159 952 313 1008 habitatin
328 969 362 1007 ea
377 954 439 1021 (ter.
455 968 494 1021 rr,
504 952 558 1022 28).
573 972 587 1002 a
604 950 671 1005 ideo
681 955 805 1022 oportet,
856 963 953 1002 sorum
963 962 1057 1002 mores
1067 945 1199 1018 corrigite
1209 946 1547 1014 inhonestes‚etexcitate
1557 951 1608 1005 zeli
1618 951 1674 1005 dis·

112 1062 146 1103 os
160 1046 311 1102 Salvatoris
327 1046 427 1115 nostri,
440 1049 469 1101 et
485 1043 599 1100 Domini
619 1045 733 1099 oracula
745 1060 806 1099 esse
856 1040 1361 1113 ciplineminperlidos,superborum
1368 1042 1675 1100 mordacitateserstiu·

103 1138 163 1210 nni,
177 1155 231 1210 per
244 1156 294 1195 ros
306 1139 468 1194 salvationis
486 1137 613 1193 obtineat
631 1138 741 1192 lucrum
754 1152 808 1209 per
858 1135 1148 1207 guite,oppressorum
1156 1134 1603 1209 ponderibussubvenite,etquod
1611 1139 1675 1209 pilus

103 1233 303 1314 generationis
319 1233 448 1305 percepit
463 1236 684 1301 sacramentum,
697 1235 728 1285 ιιι
741 1229 805 1285 dili·
858 1229 1675 1304 omnibusest31udrrorumpestem,quoeinnoramsemper

103 1321 273 1394 lignationis
287 1326 390 1377 restrae
412 1321 448 1375 ab
463 1321 543 1376 omni
558 1320 696 1375 mundata
709 1323 805 1374 coum·
856 1323 1030 1379 recrudescit
1043 1323 1184 1377 insaniam
1200 1323 1335 1379 radicitus
1348 1323 1675 1399 exstirpate,legesquo·

105 1420 117 1471 t
132 1417 169 1471 ab
183 1415 356 1471 infirmitatis
369 1419 445 1487 peste
462 1415 498 1469 sit
508 1415 609 1482 libera,
622 1417 652 1468 et
664 1414 807 1469 bonorum
856 1433 912 1489 que
923 1434 987 1488 quae
998 1417 1029 1472 in
1040 1417 1209 1472 eorumdem
1221 1417 1384 1472 ludaeorum
1394 1418 1545 1489 pertidiam
1558 1424 1677 1492 propter

103 1510 317 1583 apresenlibus
328 1509 452 1580 gratiosa
460 1509 504 1564 sit.
516 1510 577 1563 lam
587 1524 662 1563 nunc
669 1507 808 1580 quidquid
857 1527 961 1566 ranam
968 1510 1089 1582 gloriam
1098 1511 1677 1582 noviterpromulgataesuntomuiexami-

103 1604 239 1661 aedicere
248 1601 808 1676 opportunaratiosiuit,quidquidetiam
856 1605 981 1660 nationis
993 1604 1134 1678 probitate
1148 1605 1315 1676 percurrite,
1329 1609 1358 1660 et
1373 1609 1432 1660 tam
1444 1606 1550 1662 eisdem
1565 1608 1676 1680 legibus

103 1698 167 1754 inm
183 1698 299 1753 auribus
313 1697 415 1752 restris
437 1697 579 1765 convenit,
594 1699 644 1750 aut
661 1696 807 1751 memoria
856 1702 987 1754 tenorem
1003 1699 1199 1753 inconvulsum
1213 1698 1335 1769 adjicite,
1344 1715 1433 1770 quarn
1447 1716 1499 1771 pro
1509 1702 1677 1758 eorumdem

103 1809 140 1848 un
157 1792 342 1864 intercapedo
356 1791 497 1858 subducit,
514 1797 563 1846 aut
583 1790 729 1845 fastidium
741 1806 806 1861 pro·
818 1797 846 1868 Β
857 1791 1034 1865 perfidomm
1043 1792 1203 1848 excessibus
1215 1792 1513 1863 complexasinuuum
1523 1797 1677 1851 sententias

103 1885 215 1943 abonis
239 1887 393 1957 intercipit,
416 1901 480 1940 ecce
503 1885 534 1939 in
558 1884 637 1939 brevi
661 1884 810 1956 complexa
859 1886 1058 1958 promulgatae.
1074 1886 1186 1941 Etenim
1200 1885 1283 1941 valde
1308 1886 1390 1941 nobis
1403 1887 1561 1942 cavendum
1577 1904 1614 1943 nc
1635 1892 1680 1945 tot

103 1984 162 2036 rata
174 1979 332 2035 devotionis
346 1996 419 2035 meae
439 1979 562 2050 negotia,
579 1978 608 2034 in
629 1978 714 2050 hujus
728 1983 808 2034 tomo
858 1963 1043 2051 arrbquorum
1061 1996 1203 2035 canonum
1215 1980 1323 2052 regula
1337 1997 1402 2053 qaae
1417 1998 1470 2053 pro
1481 1997 1581 2036 eorum
1596 1999 1677 2038 erro·

103 2073 213 2129 ationis
223 2073 404 2145 agnoscenda
418 2073 566 2144 perlegite,
581 2073 705 2144 perlecta
720 2072 809 2127 discu·
858 2074 937 2129 ribus
951 2077 1017 2129 sunt
1030 2075 1231 2146 promulgatae,
1242 2091 1294 2129 nos
1308 2074 1425 2130 illorum
1437 2076 1526 2148 culpis
1541 2076 1679 2133 obnoxios

103 2184 194 2224 caussa
208 2167 329 2223 climatis
345 2184 377 2221 ac
391 2165 521 2222 diseretis
532 2167 682 2222 titulorum
696 2171 810 2221 senten·
859 2168 990 2236 reddant,
1005 2168 1028 2223 si
1041 2168 1131 2223 nostri
1149 2169 1232 2241 regni
1245 2169 1423 2240 temporibus
1445 2171 1614 2226 eorumdem
1630 2188 1677 2226 ca·

103 2261 182 2330 inite,
196 2263 227 2315 ut
241 2278 313 2333 pura
329 2264 358 2314 et
379 2260 494 2331 placens
509 2262 568 2315 Deo
588 2264 744 2315 vestrarum
757 2260 808 2314 de·
858 2278 967 2319 nonum
979 2263 1152 2318 constructio
1164 2263 1300 2319 dissoluta
1312 2267 1500 2334 pertranseat.
1516 2265 1679 2321 Praesertim

103 2370 153 2411 um
167 2354 288 2410 valitura
302 2354 434 2409 discretio
449 2357 477 2408 et
491 2354 573 2425 regni
585 2353 675 2409 nostri
686 2353 808 2425 primor·
860 2355 883 2410 si
895 2355 969 2427 legis
983 2355 1058 2411 illius
1070 2356 1156 2428 (quod
1171 2356 1254 2427 absit)
1269 2357 1431 2413 serenitatis
1441 2363 1547 2413 nostra
1561 2358 1591 2413 iu
1602 2364 1679 2414 tem·

103 2453 177 2505 soret
200 2448 397 2504 exhortatione
415 2448 533 2520 justitiae
556 2452 584 2503 ct
603 2453 729 2503 terrores
747 2448 809 2519 ple·
859 2449 990 2519 porcille
1009 2450 1082 2504 clara
1101 2450 1167 2505 fidei
1184 2449 1324 2505 institutio
1336 2454 1438 2521 cesset,
1454 2451 1500 2506 ubi
1523 2451 1594 2507 divae
1616 2469 1678 2508 rne-

103 2541 172 2615 igna
194 2542 324 2598 cohibeat
346 2543 495 2598 severitate
519 2558 656 2611 censurae,
672 2541 810 2612 scriptum
860 2542 960 2598 morire
982 2542 1119 2598 Dominus
1131 2549 1216 2616 atque
1237 2561 1391 2615 praecessor
1409 2547 1517 2616 noster,
1532 2545 1680 2602 sisebutus

103 2653 141 2693 u:
159 2659 174 2687 u
187 2637 298 2691 lustitia
311 2637 402 2691 clevet
415 2639 542 2708 gentem,
552 2636 671 2692 miseros
683 2636 751 2691 iacit
764 2652 810 2706 po
859 2654 908 2692 rex
924 2653 1023 2692 omues
1048 2653 1225 2693 successores
1239 2655 1304 2694 suos
1320 2638 1372 2693 sub
1387 2645 1526 2715 perpetua
1545 2641 1679 2697 maledic·

103 2733 245 2803 peccatum
267 2732 354 2798 (Pron.
378 2746 433 2798 ιιι,
450 2733 503 2802 34).
518 2752 533 2783 a
549 2731 627 2786 Tunc
648 2734 778 2801 suscepto
793 2746 811 2783 a
860 2730 945 2786 tionis
963 2747 1083 2787 censura
1105 2731 1266 2804 obstrinxit,
1281 2733 1446 2805 quicunque
1470 2750 1574 2806 regum
1596 2751 1680 2790 mau-

103 2840 116 2881 o
129 2825 260 2897 principe
276 2825 329 2879 boc
343 2827 422 2879 tomo
440 2841 492 2895 pro
506 2828 565 2879 tam
577 2823 681 2879 salubri
706 2822 809 2878 iuvita·
860 2825 966 2897 cipium
979 2825 1173 2881 Christianum
1186 2825 1284 2881 Judaeo
1298 2827 1405 2882 servire
1421 2832 1449 2882 et
1463 2828 1596 2883 famulari
1613 2845 1690 2901 pers

118 2923 148 2975 et
166 2919 291 2989 copiosas
317 2921 413 2990 grates
435 2917 585 2973 retulimus
608 2917 729 2973 Domino
746 2917 810 2972 lesu
860 2917 981 2988 miserit,
995 2924 1050 2974 etc.
1065 2920 1193 2974 Posthac
1207 2918 1277 2974 illud
1295 2936 1410 2993 quoque
1432 2921 1531 2977 restris
1543 2924 1599 2978 Deo
1618 2924 1679 2996 pla-

103 3040 115 3080 »,
128 3014 157 3067 et
172 3011 241 3066 item
256 3012 456 3067 benediximus
469 3010 593 3082 principi
603 3011 737 3081 glorioso.
746 3012 812 3066 Post
861 3011 923 3066 citis
944 3012 1037 3068 insero
1059 3013 1188 3068 sensibus
1210 3014 1411 3086 corrigendum
1432 3014 1509 3087 quod
1527 3015 1682 3073 decessoris

103 3121 138 3160 rm
163 3121 233 3177 ergo
249 3105 377 3176 ejusdem
399 3104 571 3160 serenissimi
597 3105 734 3178 principis
748 3105 810 3160 hoec
863 3106 952 3161 nostri
964 3107 1119 3179 praeceptio
1133 3108 1316 3180 promulgata
1329 3108 1394 3180 lege
1408 3109 1536 3181 sancivit,
1544 3115 1577 3166 ut
1587 3111 1681 3167 omnis

111 3199 186 3255 dieto
199 3205 278 3255 tomo
291 3200 395 3270 scripta
408 3199 578 3270 reperimus.
818 3170 847 3244 C
860 3205 909 3254 aut
920 3200 950 3254 iu
966 3200 1180 3273 expeditionem
1194 3202 1336 3256 exercitus
1346 3219 1405 3257 non
1418 3204 1615 3276 progrediens,
1632 3211 1682 3263 aut

103 3294 273 3363 compellatio
284 3297 354 3363 repis
368 3295 477 3363 Eritiqii
494 3294 531 3347 ccl
549 3294 701 3348 canalium.
861 3293 896 3348 de
907 3294 1032 3349 exercitu
1038 3295 1162 3365 fugiens,
1172 3296 1331 3349 testimonio
1341 3296 1487 3368 dignitatis
1497 3315 1554 3353 suae
1563 3299 1598 3354 sit
1605 3298 1679 3357 irre-

103 3386 187 3443 lmine
204 3387 318 3442 Domini
332 3388 450 3442 Fuavtrs
465 3388 598 3443 Erramus
612 3404 673 3456 rex,
688 3387 808 3442 sanctis·
860 3387 1024 3443 vocabiliter
1038 3405 1148 3443 carens.
1163 3389 1249 3459 Cujus
1264 3388 1420 3444 severitatis
1443 3391 1592 3461 institutio,
1609 3392 1679 3448 dum

103 3481 215 3537 'stribus
228 3481 258 3535 in
278 3481 331 3535 bac
356 3486 451 3536 sancta
473 3481 583 3552 synodo
606 3479 808 3548 residentibus,
859 3498 916 3536 non
929 3497 981 3552 per
995 3484 1070 3536 totos
1083 3481 1225 3553 llispaniae
1242 3482 1313 3536 lines
1333 3482 1463 3538 ordinata
1483 3484 1618 3555 decurrit,
1633 3486 1678 3542 di·

103 3574 232 3630 udissimi
245 3576 350 3644 Patres,
366 3574 390 3629 si
402 3577 498 3631 Patres
514 3578 543 3629 et
555 3574 738 3631 honorabiles
751 3574 807 3629 mi·
859 3574 980 3629 midiam
1000 3575 1060 3629 fere
1082 3578 1193 3646 partem
1217 3575 1316 3647 populi
1338 3576 1509 3647 ignobilitati
1532 3584 1678 3652 perpetuae

103 3685 173 3724 irum
194 3669 349 3724 caelestium
371 3669 534 3724 sacerdotes
549 3668 722 3724 soliditatem
741 3684 806 3723 san·
859 3665 1029 3738 subjugarit,
1044 3667 1081 3723 ita
1101 3671 1143 3737 ut,
1160 3668 1226 3739 qaia
1248 3669 1276 3722 iu
1298 3668 1468 3740 quibusdam
1493 3671 1611 3740 villulis,
1633 3675 1675 3728 rel

103 3761 123 3818 ei
136 3762 276 3818 veraciter
289 3766 417 3831 teneant,
425 3764 536 3818 sincera
550 3762 643 3818 cordis
658 3762 808 3817 devotione
856 3760 1008 3817 territoriis
1021 3761 1079 3817 sive
1093 3761 1170 3829 vicis,
1184 3763 1275 3833 portis
1286 3762 1372 3833 brrjus
1386 3762 1581 3819 infamationis
1597 3766 1677 3821 babi-

104 3860 212 3925 tantur,
229 3857 424 3912 testimonium
439 3856 618 3927 paternitatis
637 3860 736 3911 vestrae
749 3858 807 3911 for·
858 3859 964 3910 tutores
981 3855 1108 3927 ipsorum
1123 3856 1251 3910 locorum
1272 3856 1331 3910 sint
1345 3857 1503 3927 degeneres
1517 3858 1631 3926 redditi,
1648 3863 1677 3915 et

103 3966 133 4007 m
147 3950 177 4005 in
193 3951 290 4006 salutis
306 3956 411 4006 uostrae
424 3950 531 4006 advoco
552 3951 761 4022 adjumentum,
776 3955 809 4007 ιιι
857 3949 1103 4021 quistastisrcandi
1114 3950 1494 4005 uullamhabentlicentiam
1504 3952 1676 4023 veritatis,ex

103 4060 178 4111 mum
197 4045 302 4099 factore
327 4045 383 4098 Deo
403 4045 438 4099 ad
452 4045 650 4099 salutationem
669 4050 763 4111 terrra
779 4048 809 4098 ct
856 4048 917 4099 toto
931 4043 1060 4099 rideatur
1072 4042 1211 4099 interiisse
1226 4060 1357 4114 censura,
1369 4045 1465 4115 sicque
1477 4045 1675 4116 geminomalo

103 4138 216 4194 itionem
240 4138 367 4209 plebium
391 4138 546 4210 suscepisse
574 4155 627 4193 nos
654 4138 806 4207 credimus,
857 4140 936 4192 terra
948 4138 1090 4206 atteritur,
1105 4138 1174 4193 dum
1187 4141 1216 4192 et
1229 4139 1293 4209 lege
1311 4143 1339 4193 et
1357 4138 1535 4209 reperienda
1550 4142 1677 4201 veritatis

103 4230 190 4289 rdinis
202 4237 303 4287 restrae
318 4232 443 4287 conciliis
455 4231 633 4303 adjuvemur.
649 4233 729 4287 Unde
743 4231 809 4288 licet
858 4232 1022 4287 destituitur
1038 4232 1215 4303 adjumento.
1234 4232 1314 4288 Unde
1336 4232 1402 4287 licet
1423 4234 1557 4290 eamdem
1579 4237 1676 4310 lege'm

103 4325 199 4381 ationis
214 4329 320 4380 nostrae
341 4326 495 4397 primordia
514 4326 693 4398 paternitatis
708 4331 824 4381 restrae.
856 4329 961 4380 nostrae
974 4326 1071 4397 gloriae
1094 4327 1280 4382 uransuetudo
1293 4333 1454 4398 temperare
1470 4327 1613 4400 disponat,
1628 4349 1674 4388 re·

107 4420 247 4493 opinabili
261 4421 398 4476 relatione
411 4438 469 4475 non
484 4421 599 4490 lateant,
616 4420 720 4492 quibus
734 4421 807 4476 clara
857 4426 922 4474 strae
934 4425 1031 4474 umen
1045 4421 1224 4490 paternitatis
1237 4421 1376 4475 sententia
1390 4422 1443 4476 bos
1460 4423 1576 4494 quiper
1592 4425 1673 4481 illam
1760 4428 1764 4436 ’

103 4530 152 4571 um
166 4514 340 4585 judiciorum
355 4514 539 4586 dispositione
551 4518 715 4586 proventus,
725 4518 754 4569 et
766 4512 984 4616 re-Diuiamioe
990 4516 1090 4567 notum
1098 4513 1214 4567 titulum
1224 4513 1538 4584 dignitatisamiserant,
1545 4519 1675 4574 revestiri

118 4609 336 4667 conscenderim
358 4609 468 4677 sedem,
484 4611 514 4663 et
533 4609 701 4664 sacrosancti
723 4610 807 4681 regni
857 4607 964 4662 iterum
980 4605 1058 4661 claro
1080 4606 1208 4678 pristinae
1222 4606 1421 4678 generositatis
1440 4609 1606 4687 testimonio
1621 4612 1672 4667 de-

103 4702 169 4757 erim
184 4702 358 4773 unctionem,
376 4719 452 4758 nunc
465 4706 564 4759 tamen
578 4703 681 4759 melius
693 4703 808 4774 idpote·
856 4700 1002 4756 votissima
1016 4703 1106 4771 optat.
1120 4701 1201 4755 Nunc
1220 4715 1288 4754 rero
1312 4700 1508 4756 misericordia
1526 4712 1672 4774 praeeunte

106 4796 207 4867 scripti
216 4795 357 4854 relatione
370 4801 589 4869 cognoscereet
597 4797 806 4869 promulgatio·
857 4794 952 4849 taliter
964 4792 1025 4848 baec
1040 4792 1183 4864 disponite
1198 4792 1319 4864 qualiter
1339 4809 1390 4848 nec
1404 4798 1499 4850 nostra
1513 4797 1605 4868 gloria
1615 4800 1672 4855 mi·

103 4896 151 4947 tra
164 4891 313 4946 sententiis
326 4891 518 4963 publicarent
529 4891 602 4946 sicut
611 4892 712 4946 eadem
723 4891 807 4962 regni
856 4886 1007 4953 nisterium
1025 4885 1203 4943 credulitatis
1227 4885 1371 4955 adhibeat,
1385 4904 1438 4943 nee
1453 4892 1548 4949 tamen
1575 4910 1673 4950 serere

103 4983 263 5056 primordia
291 4990 446 5041 conventus
479 4991 581 5040 restrae
608 4984 806 5040 sanctitudinis
856 4981 1008 5053 praeceptio
1021 4985 1129 5037 terram
1149 4981 1201 5036 sub
1224 4979 1335 5035 diutino
1355 4981 1545 5043 infamationis
1568 4988 1672 5062 jugulo

103 5077 279 5140 ildirinitus
292 5079 480 5147 ordinata,ita
490 5079 521 5135 in
534 5079 579 5134 bis
593 5084 620 5135 et
630 5078 807 5135 orationibus
856 5079 977 5147 premat.
985 5075 1058 5131 Nam
1072 5080 1100 5130 et
1111 5075 1165 5130 hoc
1175 5074 1347 5147 generaliter
1354 5075 1479 5147 obsecro,
1488 5084 1520 5135 ut
1532 5083 1672 5156 quidquid

103 5170 287 5243 nimpendat,
303 5179 333 5228 et
344 5173 503 5229 salubrium
517 5173 704 5229 conciliorum
719 5172 807 5229 nutri·
856 5169 886 5225 iu
897 5174 1004 5228 uestrae
1018 5170 1118 5242 glorie
1129 5169 1241 5241 legibus
1252 5169 1418 5240 absurdum,
1433 5173 1573 5246 quidquid
1584 5177 1670 5247 J‘usti-

103 5265 255 5338 impertiat,
270 5282 327 5337 quo
340 5270 503 5339 susceptum
516 5283 641 5338 reguum
662 5267 735 5323 sicut
743 5267 806 5339 jam
855 5265 902 5321 tiae
916 5264 1045 5320 videatur
1058 5263 1245 5331 contrarium,
1256 5263 1441 5321 humanitatis
1451 5272 1551 5322 vestre
1561 5269 1670 5339 judicio

103 5359 313 5423 usensionibus
334 5366 420 5416 teneo
434 5364 561 5432 gratum,
575 5360 616 5416 ita
629 5361 805 5418 benedictio·
855 5360 1023 5431 corrigatur.
1037 5359 1076 5415 De
1095 5357 1204 5414 ceteris
1218 5361 1315 5413 autem
1334 5359 1425 5413 musis
1446 5363 1533 5431 atque
1547 5365 1670 5433 negotiis

103 5458 232 5511 muru
247 5455 381 5526 perfruar
400 5455 615 5512 definitionibus
633 5473 804 5513 consecran-
855 5469 919 5525 que
931 5452 1042 5509 norslla
1056 5455 1224 5524 competunt
1235 5452 1412 5507 institutione
1425 5453 1553 5522 formari,
1568 5455 1667 5513 riden-

118 5547 264 5604 innovatio
278 5549 488 5620 quodammodo
503 5551 594 5605 nostri
607 5549 739 5606 rideatur
750 5551 803 5606 irn-
855 5548 956 5603 durum
971 5546 1176 5603 sententiarum
1192 5545 1280 5600 titulis
1291 5545 1432 5601 exaranda
1449 5548 1626 5621 conscribite,
1638 5559 1670 5608 ιιι

103 5656 137 5705 ue
148 5643 339 5699 numerositas
362 5644 448 5698 vestri
468 5644 576 5699 ordinis
589 5648 756 5716 aggregata.
770 5645 807 5700 lit
855 5642 921 5717 quia
934 5645 1034 5714 praesto
1046 5646 1112 5695 sunt
1124 5639 1250 5710 religiosi
1263 5638 1473 5709 provinciarum
1490 5648 1624 5715 rectores,
1636 5651 1671 5703 at

103 5735 137 5799 is
154 5736 294 5795 Dominus
307 5738 441 5811 pracepit
457 5738 487 5794 in
508 5739 672 5810 Evangelio,
687 5739 803 5795 diceus:
855 5735 1075 5794 clarissimorum
1089 5733 1228 5791 ordinum
1242 5729 1497 5811 tatinsll'tspanisa
1509 5733 1692 5810 bessenna-

103 5828 587 5895 lassataslasatas
609 5832 804 5894 coassuwiut
854 5830 1044 5913 mulgstiouis
1057 5832 1165 5889 restrae
1177 5826 1345 5888 scamna
1355 5842 1465 5885 ocrem
1480 5828 1721 5905 poemenem·
