3870 6150
563 224 1016 290 nucnavtnmncouncno.
1588 200 1642 288 ιιι

103 341 198 398 etium
218 343 348 396 rorantes
370 338 407 395 ad
430 355 465 396 ea
485 355 551 412 qun
571 339 695 395 subnexa
709 341 775 394 sunt
784 336 1009 423 Accguoverint
1026 336 1201 406 institutum,
1217 353 1270 392 nec
1287 338 1385 410 aliqua
1404 337 1568 394 diversitate
1589 356 1641 394 cu-

103 433 151 490 die
164 433 343 489 decernenda
355 432 547 487 transivimus.
820 429 983 501 juscunque
997 429 1103 485 ordinis
1120 432 1164 485 vel
1178 431 1264 486 officii
1276 447 1294 485 a
1307 431 1529 501 metropolitana
1544 447 1574 487 se
1587 449 1638 505 pa-

110 527 143 582 tu
162 527 225 581 loco
242 525 445 581 benedictionis
460 526 648 579 consedentes
663 523 775 579 Domini
824 521 930 576 tiantur
943 521 1010 576 sede
1025 522 1160 593 disjungi.
1177 523 1222 578 Sic
1244 523 1323 578 enim
1334 523 1442 594 justum
1460 528 1512 591 est,
1528 525 1641 598 atinde

103 635 132 689 s,
153 618 239 674 nullis
263 618 379 684 debent,
405 621 455 672 aut
480 617 640 673 indiscretis
658 617 775 672 vocibus
824 615 1020 686 unusquisque
1033 617 1129 669 sumat
1138 616 1253 687 regulus
1263 616 1422 687 magisterii
1434 617 1513 672 unde
1522 617 1641 672 honoris

103 728 150 780 ire,
163 715 214 766 aut
232 711 406 783 quibuslibet
418 710 587 765 tumultibus
602 709 773 782 perturbari,
825 707 1066 764 consecrationem
1080 708 1198 779 accepit,
1216 709 1340 779 utjurta
1362 710 1506 781 maiorum
1527 710 1641 767 decreta

103 821 146 861 um
168 805 247 859 vanis
268 803 370 858 fabulis
390 804 433 858 vel
456 803 560 857 risibus
572 804 630 875 agi,
645 805 675 858 et
690 803 775 874 (quod
825 800 978 871 sedesquae
985 800 1137 872 unicuique
1145 802 1325 857 sacerdotalis
1332 805 1425 857 mater
1438 807 1480 858 est
1493 803 1641 873 dignitatis

103 898 151 971 est)
159 897 310 953 obstinatis
322 896 574 967 disceptationibus
585 896 775 951 tumultuosas
824 892 861 949 sit
872 897 901 948 et
914 892 1109 948 ecclesiastica
1118 893 1256 965 magistra
1268 894 1397 949 aetionis.
1407 894 1564 950 Abbatibus
1573 912 1641 951 sane

103 991 211 1046 rudere.
236 1012 250 1039 «
271 989 378 1061 Siquis
400 990 478 1044 euim
499 989 539 1053 (ut
557 990 706 1061 Apostolus
726 988 774 1056 ait)
825 985 941 1041 indultis
957 986 1057 1042 officiis
1071 1003 1135 1057 qua
1151 987 1234 1058 juxta
1251 987 1424 1042 voluntatem
1445 988 1490 1041 sui
1504 988 1639 1061 episcopi,

114 1083 280 1156 religiosum
302 1099 371 1148 esse,
394 1099 452 1136 uon
472 1083 622 1137 refrenans
645 1082 775 1153 linguam
824 1079 999 1150 regulariter
1008 1078 1064 1134 iltis
1075 1079 1304 1151 implendasuut,
1315 1084 1417 1135 catera
1427 1080 1520 1135 officia
1528 1081 1643 1153 publica

103 1177 260 1232 iseducens
275 1192 323 1230 cor
335 1174 606 1246 suum,hujusvana
619 1178 661 1229 est
675 1175 775 1263 religio
825 1172 852 1227 id
872 1177 915 1227 est
936 1187 1094 1244 vesperam,
1117 1174 1305 1243 matutinum,
1332 1173 1389 1228 sive
1415 1173 1532 1228 missam
1560 1174 1643 1229 aliter

103 1273 146 1340 u).
162 1291 176 1318 n
201 1270 314 1324 Cultum
337 1269 415 1323 enim
438 1284 521 1323 suum
542 1268 654 1338 justitia
670 1267 773 1338 perdit,
826 1280 913 1336 quam
935 1265 966 1320 iu
984 1265 1136 1337 principali
1155 1266 1272 1321 ecclesia
1295 1266 1440 1322 celebrare
1461 1283 1521 1322 non
1548 1267 1641 1324 liceat.

103 1362 236 1418 ‚ilentium
251 1363 337 1433 perit,
352 1366 380 1416 et
395 1361 537 1432 judicium
549 1361 774 1432 obstrepentium
826 1358 961 1429 Quisquis
975 1363 1072 1414 autern
1087 1359 1192 1414 horum
1207 1361 1388 1416 decretorum
1400 1360 1522 1416 violator
1533 1361 1645 1416 exstite-

103 1455 222 1522 uiundit,
240 1456 351 1510 dicente
374 1455 541 1526 propheta:
564 1477 577 1503 a
600 1454 659 1508 Erit
682 1455 775 1508 cultus
825 1452 871 1518 rit,
887 1467 935 1506 sex
956 1452 1102 1508 mensibus
1125 1453 1328 1508 commuuione
1350 1454 1488 1526 privetur,
1511 1471 1545 1511 uc
1565 1455 1643 1526 apud

103 1547 405 1619 ilentium(lsa.xrru,
421 1547 773 1618 tltnDebetergoquid·
825 1545 1076 1615 metropolitanum
1117 1545 1169 1600 sub
1206 1545 1382 1616 paenitentiae
1420 1563 1540 1602 censura
1575 1563 1643 1618 per·

103 1640 554 1696 vconsultationesconsedentium
564 1639 588 1712 1
597 1638 660 1713 32
669 1640 773 1710 agitur,
825 1642 941 1692 maneat
952 1637 1150 1708 corrigendus,
1168 1639 1292 1710 qualiter
1304 1640 1381 1712 apud
1395 1640 1478 1695 illum
1497 1646 1526 1696 et
1538 1645 1640 1713 praete-

103 1734 202 1790 tntium
218 1739 299 1805 parto
315 1734 484 1807 proponitur
497 1734 536 1787 sic
549 1733 697 1788 mitissima
712 1749 773 1786 ver·
785 1725 814 1796 B
825 1731 886 1786 ritae
900 1730 1134 1803 transgressionis
1152 1731 1267 1802 culpam
1288 1733 1420 1804 lacrymis
1433 1733 1534 1802 diluat,
1548 1736 1577 1789 et
1590 1751 1641 1790 ne·

103 1826 219 1882 datione
238 1827 369 1898 proferri,
388 1831 420 1882 ut
438 1844 492 1882 uec
507 1826 686 1881 contentiosis
699 1825 775 1880 voci·
826 1824 977 1879 cessariam
996 1823 1154 1879 officiorum
1176 1824 1335 1880 doctrinam
1357 1826 1480 1883 studiose
1504 1826 1640 1883 addiscat.

103 1920 319 1976 rsaudientium
332 1920 523 1987 turbent,nec
533 1920 724 1991 judicantium
738 1919 777 1973 vi·
827 1917 885 1972 Sub
899 1917 953 1973 ista
967 1933 1036 1988 ergo
1049 1919 1152 1988 regula
1167 1934 1225 1972 nou
1241 1918 1332 1973 solum
1353 1919 1590 1991 metropolitauus
1602 1924 1642 1976 to·

103 2030 122 2070 e
141 2013 268 2069 tumultu
286 2018 430 2069 enervent.
453 2013 621 2084 Quicunque
649 2030 717 2084 ergo
745 2011 776 2068 in
825 2011 881 2066 tius
904 2011 1057 2082 provinciae
1080 2011 1228 2082 pontifices
1252 2012 1294 2066 vel
1318 2013 1480 2069 sacerdotes
1491 2014 1640 2085 astringat,

113 2107 227 2162 concilii
241 2108 301 2163 haec
317 2124 381 2179 quae
396 2108 542 2180 praemissa
563 2109 630 2161 sunt
643 2106 776 2162 violanda
825 2103 975 2159 sedetiam
988 2104 1084 2160 caeteri
1097 2104 1222 2177 episcopi
1237 2105 1379 2175 subjectos
1394 2105 1446 2161 sibi
1460 2107 1642 2163 ecclesiarum

103 2205 122 2268 t,
136 2205 165 2256 et
177 2202 345 2256 contrahaec
354 2201 513 2272 interdicta,
524 2204 574 2256 aut
583 2200 718 2268 tumultu,
726 2204 776 2255 aut
826 2203 949 2253 rectores
961 2197 1159 2269 obtemperare
1173 2198 1398 2254 institutionibus
1411 2204 1525 2272 cogant.

103 2294 776 2365 liis,velrisibusconciliumconturbaverit,jurta
860 2293 901 2346 tt.
929 2291 1008 2348 Sicut
1033 2291 1125 2347 omnis
1152 2291 1201 2363 qui
1225 2292 1319 2364 diligit
1345 2293 1464 2349 fratrem
1488 2310 1583 2361 suum,
1606 2311 1642 2351 ex

103 2387 521 2461 gisedictum,quopraecipitur,
529 2388 598 2461 ejice
606 2387 774 2457 derisorem,
825 2383 884 2439 Deo
906 2385 994 2456 (loun.
1016 2401 1054 2451 lv,
1076 2386 1113 2454 7),
1138 2385 1179 2439 ita
1201 2385 1295 2439 omnis
1313 2385 1361 2457 qui
1386 2386 1446 2442 odit
1466 2387 1641 2458 proximum,
1704 2391 1708 2398 '

103 2498 159 2537 :um
169 2499 202 2536 eo
207 2482 346 2553 jurgium,
355 2499 421 2538 cum
429 2483 508 2538 omni
516 2482 656 2538 dedecore
666 2483 701 2537 de
709 2498 776 2536 con·
826 2493 860 2533 ex
876 2477 990 2533 diabolo
1004 2477 1081 2548 est(l
1089 2480 1169 2534 loun.
1184 2495 1226 2545 ιιι,
1246 2477 1299 2550 Π).
1314 2479 1469 2535 Dilectione
1490 2481 1567 2536 enim
1582 2482 1641 2536 sola

103 2575 503 2631 bstractusacommuuicoetu
513 2576 638 2642 secedat,
650 2578 678 2630 et
685 2575 775 2630 trium
825 2570 996 2627 discernitur
1006 2571 1070 2643 quis
1084 2587 1117 2626 ex
1131 2588 1188 2642 quo
1199 2572 1314 2643 genitus
1329 2573 1514 2644 approbetur,
1529 2574 1641 2630 dicente

103 2669 395 2725 :scammunicationis
408 2656 579 2725 sententiam
591 2669 724 2740 perferat.
825 2666 931 2721 loanne
948 2681 954 2720 :
972 2685 986 2714 «
1002 2665 1033 2719 lu
1054 2665 1108 2721 hoc
1128 2666 1305 2721 manifestati
1325 2671 1391 2721 suut
1402 2667 1455 2721 lilii
1473 2667 1535 2737 Dei,
1549 2671 1578 2722 et
1592 2668 1642 2723 filii

103 2765 183 2818 ntum
196 2764 259 2834 quis
273 2763 398 2834 praecelsi
407 2763 540 2818 culminis
550 2761 774 2830 obtinetlocum,
826 2758 945 2828 diaboli;
963 2759 1056 2813 omnis
1076 2759 1124 2831 qui
1147 2775 1205 2814 non
1228 2759 1295 2814 facit
1313 2759 1455 2831 justitiam
1478 2777 1536 2816 nou
1550 2767 1593 2817 est
1607 2778 1642 2817 ex

103 2872 204 2912 lacesse
218 2857 545 2927 estpraecedatcaeteros
558 2856 646 2927 gratia
662 2856 776 2910 merito·
825 2852 895 2920 Deo,
928 2855 956 2907 et
984 2867 1042 2907 non
1068 2851 1162 2923 diligit
1193 2853 1309 2908 fratrem
1338 2870 1422 2908 suum
1450 2855 1473 2925 (l
1503 2857 1584 2911 loon.
1611 2872 1641 2923 ιι,

103 2965 165 3006 neo
176 2950 251 3020 quud
259 2950 391 3021 presidet
399 2950 528 3021 singulis,
538 2949 722 3020 singulariter
729 2965 773 3004 or·
824 2947 878 3017 29).
891 2968 905 2994 u
928 2945 1069 3010 Quoniam
1084 2945 1146 3000 haec
1161 2949 1203 3000 est
1217 2947 1395 3002 annuntiatio
1409 2965 1497 3019 quam
1512 2948 1548 3004 ab
1561 2949 1643 3005 initio

103 3042 210 3099 inentia
220 3043 386 3113 sanctitatiS,
396 3043 505 3098 habens
515 3047 544 3097 et
552 3043 580 3097 in
589 3059 638 3099 ore
649 3042 775 3114 gladium
824 3039 951 3107 audistis,
961 3043 994 3094 ut
1004 3038 1158 3110 diligamus
1172 3039 1352 3108 alterutrum,
1364 3045 1464 3113 etpost
1473 3043 1641 3114 paululum:

110 3140 141 3192 et
160 3136 291 3208 inopere
306 3137 491 3192 efficientiam
510 3136 634 3204 luminis,
654 3142 686 3191 ut
696 3092 813 3207 JuxtaC
827 3154 841 3183 o
857 3133 958 3187 Omnis
967 3133 1016 3204 qui
1030 3132 1089 3187 odit
1103 3132 1265 3204 proximum
1282 3150 1377 3204 suum,
1392 3134 1535 3192 homicida
1547 3140 1599 3205 est,
1614 3141 1644 3193 et

103 3232 198 3285 votens
212 3230 248 3284 sit
260 3230 402 3285 exhortari
416 3231 445 3284 in
460 3230 588 3285 doctrina
597 3247 665 3285 sana
674 3233 702 3286 et
712 3246 777 3285 con·
826 3227 901 3282 scitis
922 3225 1056 3297 quoniam
1078 3226 1172 3282 omnis
1197 3227 1340 3283 homicida
1361 3244 1421 3284 non
1447 3229 1533 3286 habet
1555 3231 1643 3286 vitam

103 3339 150 3379 em
174 3324 319 3378 revincere
343 3324 418 3392 (tTit.
441 3341 460 3391 1,
483 3324 519 3395 9),
535 3325 590 3379 Nos
612 3324 777 3396 proximum
826 3325 964 3375 aternam
987 3320 1018 3375 iu
1039 3336 1069 3375 se
1095 3325 1264 3376 manentem
1280 3322 1391 3391 (ileon.
1409 3339 1449 3390 ιιι,
1469 3327 1521 3394 15).
1542 3344 1557 3373 »
1574 3325 1644 3380 Ecce

103 3417 164 3472 linis
174 3417 304 3489 gradum,
316 3419 358 3473 vel
368 3417 489 3490 suscepti
497 3418 647 3488 regiminis
657 3419 776 3474 modum
825 3412 971 3469 homicida
980 3429 1040 3470 esse
1050 3413 1236 3485 probabiliter
1245 3414 1416 3482 declaratur,
1425 3416 1473 3487 qui
1488 3433 1504 3471 a
1515 3417 1644 3473 fraterna

103 3526 136 3565 xre
154 3511 279 3581 cogitare
295 3511 443 3581 debemus,
460 3511 552 3583 utqui
566 3511 691 3566 officium
699 3528 775 3583 prae·
826 3512 959 3568 societate
973 3511 1118 3567 dividitur.
1128 3513 1199 3567 Nam
1213 3512 1277 3567 etsi
1291 3530 1395 3569 manus
1407 3530 1465 3570 non
1480 3518 1594 3571 moveat
1606 3514 1643 3570 ud

103 3621 112 3658 s
128 3605 312 3675 suscepimus,
326 3605 412 3659 nullis
426 3606 532 3660 eurise
549 3605 645 3660 divina
656 3605 777 3661 lectione
827 3605 1024 3675 occidendum,
1038 3622 1090 3677 pro
1104 3622 1138 3660 eo
1151 3611 1248 3662 tamen
1266 3606 1332 3678 quia
1352 3608 1470 3663 immitis
1489 3610 1579 3665 estad
1594 3626 1642 3665 oc-

103 3714 118 3752 ·.
134 3698 205 3752 Nam
221 3699 411 3770 quorumdam
425 3703 537 3754 mentes
552 3698 719 3770 pontificum
738 3698 777 3754 ita
827 3698 991 3770 uidendum,
1009 3701 1070 3770 jam
1084 3715 1101 3753 a
1114 3700 1172 3755 Deo
1190 3698 1336 3755 homicida
1355 3703 1479 3757 tenetur.
1498 3702 1571 3758 Vivit
1582 3703 1642 3773 ille,

103 3791 161 3846 otio
173 3808 191 3845 a
206 3792 333 3847 lectionis
349 3792 441 3863 gratia
456 3793 648 3862 secluduntur,
662 3792 777 3864 utquid
827 3797 855 3848 et
877 3793 930 3848 iste
948 3793 1009 3865 jam
1030 3793 1196 3849 interfector
1210 3810 1273 3849 esse
1287 3795 1474 3851 convincitur.
1489 3797 1561 3852 Cum
1574 3813 1643 3868 ergo

120 3885 255 3956 gregibus
277 3886 398 3940 subditis
412 3886 555 3953 exhibeat,
574 3904 632 3941 uon
650 3885 778 3942 iuveniat
827 3887 872 3942 his
896 3887 1046 3959 preceptis
1068 3887 1168 3942 beatus
1189 3889 1334 3960 apostolus
1359 3889 1460 3944 Paulus
1486 3906 1552 3945 cum
1573 3907 1643 3946 sana

103 3981 178 4034 utus.
189 3979 378 4034 Insistendum
388 3996 457 4051 ergo
465 3996 577 4051 semper
591 3980 645 4035 erit
658 3979 776 4051 majori·
827 3981 1029 4053 predicatione
1038 3982 1190 4038 concordet
1199 3982 1295 4037 dicens
1310 3999 1316 4037 :
1330 4005 1343 4033 ι(
1354 3985 1415 4038 Nou
1426 3983 1535 4040 occidat
1551 3985 1644 4040 solsu·

103 4088 157 4128 uos
170 4073 221 4127 sub
236 4073 385 4143 regiminis
399 4090 468 4128 cura
479 4076 597 4129 tuentur
608 4074 686 4129 fame
699 4073 777 4129 verbi
827 4074 1204 4147 periracundiamvestram,
1213 4080 1241 4130 et
1253 4076 1339 4132 nolite
1350 4078 1445 4133 locum
1456 4077 1643 4134 darediabolo

103 4182 123 4221 e
138 4182 196 4221 non
211 4167 316 4221 sinaut.
332 4168 411 4222 Sicut
425 4168 647 4240 metropolitanis
666 4167 695 4221 in
708 4184 776 4222 con·
830 4170 907 4240 (Epis.
922 4186 960 4238 vv,
976 4173 1011 4225 26
1025 4176 1050 4226 ct
1063 4173 1118 4239 Ἧι
1132 4189 1146 4222 a
1161 4170 1259 4226 relatae
1274 4175 1340 4226 sunt
1353 4171 1435 4226 nobis
1447 4173 1643 4244 quorumdam

107 4265 280 4331 caeterosque
292 4262 485 4317 ecclesiasticis
498 4262 645 4317 ordinibus
658 4261 776 4328 deditos,
828 4264 1009 4319 sacerdotum
1024 4279 1155 4335 personae
1171 4263 1201 4317 in
1218 4268 1330 4319 tautam
1347 4264 1544 4320 obstinationis
1559 4265 1643 4320 effera

103 4352 194 4408 itimis
208 4354 237 4409 in
250 4356 416 4410 commissos
437 4355 491 4410 sibi
514 4354 663 4427 religiosos
680 4370 712 4409 er
724 4371 777 4410 nu·
828 4355 922 4411 buisse
935 4355 1119 4426 discordiam,
1129 4362 1229 4412 utnon
1240 4359 1332 4412 solum
1347 4358 1408 4412 illos
1421 4358 1456 4412 ab
1472 4358 1513 4413 ira
1528 4375 1645 4414 occasus

103 4446 233 4502 itandum
247 4452 299 4515 est,
316 4449 438 4519 qualiter
452 4449 608 4504 nescientia
621 4448 721 4504 talium
735 4448 777 4503 di·
787 4466 818 4541 D
829 4449 893 4505 solis
906 4466 964 4504 non
978 4453 1102 4516 revocet,
1113 4450 1164 4505 sed
1177 4468 1230 4505 nec
1243 4468 1352 4506 annosa
1363 4452 1480 4523 quidem
1494 4453 1644 4508 transactio

103 4540 132 4605 ,is
153 4542 358 4598 eruditionibus
373 4543 525 4598 imbuatur.
550 4544 590 4598 lta
608 4543 778 4598 indesinenti
828 4549 990 4615 temporum
1014 4544 1049 4598 ad
1070 4543 1178 4599 bonum
1191 4545 1338 4600 charitatis
1353 4545 1480 4614 reclinet,
1495 4546 1600 4617 quippe
1614 4541 1645 4602 in

106 4634 153 4690 ine
165 4636 298 4706 praelatus
311 4636 431 4708 quisque
444 4637 569 4691 subditos
581 4638 780 4708 quarens,aut
829 4652 953 4709 quorum
967 4635 1098 4691 cordibus
1117 4637 1158 4692 sol
1174 4637 1292 4708 justitia
1314 4637 1440 4692 Christus
1455 4639 1597 4709 occubuit,
1614 4645 1647 4696 ut

103 4743 232 4784 neorum
242 4729 421 4785 laetabundus
435 4735 581 4800 agnoscat,
596 4735 646 4784 aut
661 4746 779 4785 nescen-
828 4730 975 4785 adtamen
989 4729 1134 4784 charitatis
1149 4729 1244 4785 redire
1257 4731 1302 4785 vix
1318 4731 1435 4802 possint.
1454 4733 1560 4788 llorum
1575 4751 1645 4806 ergo

103 4837 110 4875 ι
125 4823 291 4894 arrogantia
306 4822 438 4879 instruat.
454 4823 562 4878 Placuit
576 4838 644 4894 ergo
659 4823 693 4878 de
715 4823 778 4877 tali-
829 4830 858 4880 et
872 4823 1010 4879 similium
1025 4822 1248 4879 discordantium
1260 4824 1380 4879 fratrum
1394 4826 1551 4882 oblationes
1561 4829 1645 4899 juxta

103 4931 115 4970 ι
133 4915 264 4971 instituta
284 4917 410 4973 Toletani
431 4917 541 4972 concilii
555 4918 608 4970 hoc
622 4915 780 4988 specialiter
828 4918 939 4990 antiqui
953 4917 1069 4972 canorus
1079 4917 1276 4973 definitionem
1285 4919 1364 4974 nullo
1373 4920 1457 4976 modo
1468 4921 1645 4994 recipiendas

107 5011 143 5064 ut
158 5014 207 5064 aut
228 5012 330 5080 sponte
344 5015 459 5065 sumant
478 5009 668 5065 intentionem
681 5024 777 5064 neces·
830 5024 890 5062 csse
912 5006 1085 5074 censuimus,
1109 5006 1237 5078 personis
1259 5013 1355 5063 tamen
1375 5009 1598 5067 discordantium
1615 5012 1645 5067 id

103 5102 279 5172 umhceudi,
305 5109 355 5159 aut
376 5122 393 5159 a
417 5104 574 5175 majoribus
594 5103 628 5157 ad
651 5102 779 5158 lectionis
829 5100 942 5172 speciali
955 5100 1118 5157 definitione
1132 5102 1324 5173 precipimus,
1338 5106 1646 5176 utantequameosre·

110 5200 252 5268 cogantur
263 5197 355 5252 inviti.
829 5193 990 5251 conciliatio
1012 5212 1080 5250 vera
1102 5196 1240 5265 innectat,
1267 5197 1363 5252 nullus
1390 5214 1488 5254 eorum
1513 5199 1645 5254 accedere

104 5289 148 5345 his
156 5290 205 5361 qui
215 5295 315 5346 contra
323 5292 444 5363 apostoli
454 5292 652 5347 voluntatem«
661 5289 780 5345 circum·
829 5289 864 5344 ad
886 5289 973 5343 altare
992 5289 1108 5344 Domini
1127 5290 1231 5345 audeat
1243 5291 1286 5346 vel
1302 5292 1421 5364 gratiam
1437 5291 1646 5347 communionis

109 5384 189 5439 omni
208 5390 292 5439 vento
313 5386 450 5441 doctrinan
465 5387 543 5456 (Epis.
561 5402 598 5453 n,
615 5386 666 5455 ll),
681 5406 694 5433 ι)
719 5385 777 5455 pla·
830 5388 933 5439 sanctae
946 5383 1092 5455 percipiat,
1107 5384 1157 5439 sed
1171 5381 1315 5456 geminato
1330 5389 1460 5457 tompore
1484 5401 1536 5456 per
1554 5383 1645 5455 poeui-

119 5482 218 5534 sancto
240 5480 375 5546 concilio,
402 5484 432 5534 ut
455 5480 681 5550 metropolitanae
706 5477 779 5533 sedis
830 5476 950 5530 tentiam
967 5477 1205 5548 compensabunt,
1229 5495 1285 5550 quo
1307 5478 1454 5533 discordia
1476 5478 1645 5547 servierunt,

103 5575 136 5627 te
158 5573 256 5641 coacti,
279 5573 502 5644 uniuscnjusque
525 5573 679 5643 provinciae
706 5572 780 5626 cives
831 5570 913 5634 Quod
931 5570 956 5626 si
971 5588 1045 5626 unus
1068 5571 1124 5625 alio
1148 5577 1349 5627 contemnente
1365 5572 1400 5626 sd
1423 5570 1646 5628 satisfactionem

103 5681 145 5739 [ue
159 5666 346 5722 Ecclesiamm
358 5684 448 5721 unum
459 5667 649 5738 eumdemque
663 5666 691 5721 in
704 5665 779 5738 psal·
830 5664 975 5720 charitatis
983 5665 1150 5735 cucurrerit,
1160 5682 1192 5721 er
1203 5682 1237 5719 eo
1248 5671 1376 5736 tempore
1387 5668 1417 5719 ut
1428 5664 1561 5736 pacificus
1569 5666 1648 5723 intra

103 5765 182 5819 want
194 5761 314 5817 modum
332 5778 419 5833 quem
433 5761 463 5816 in
478 5760 696 5835 metropolitana
714 5759 780 5816 sede
830 5757 979 5816 ecclesium
1000 5760 1163 5835 reputetur,
1178 5776 1214 5816 ea
1236 5774 1295 5834 quo
1307 5757 1349 5815 ah
1368 5758 1567 5816 concorhava
1580 5759 1673 5815 testu-
