<?xml version="1.0" encoding="UTF-8"?>
<!DOCTYPE html PUBLIC "-//W3C//DTD XHTML 1.0 Transitional//EN"
    "http://www.w3.org/TR/xhtml1/DTD/xhtml1-transitional.dtd">
<html xmlns="http://www.w3.org/1999/xhtml" xml:lang="en" lang="en">
 <head>
  <title>
</title>
<meta http-equiv="Content-Type" content="text/html;charset=utf-8" />
  <meta name='ocr-system' content='tesseract 3.04.00' />
  <meta name='ocr-capabilities' content='ocr_page ocr_carea ocr_par ocr_line ocrx_word'/>
</head>
<body>
  <div class='ocr_page' id='page_1' title='image "./patrologiaecurs03unkngoog_0062.png"; bbox 0 0 3870 6150; ppageno 0'>
   <div class='ocr_carea' id='block_1_1' title="bbox 206 213 1885 276">
    <p class='ocr_par' dir='ltr' id='par_1_1' title="bbox 206 213 1885 276">
     <span class='ocr_line' id='line_1_1' title="bbox 206 213 1885 276; baseline -0.004 0"><span class='ocrx_word' id='word_1_1' title='bbox 206 222 239 276; x_wconf 77' lang='lat' dir='ltr'><strong>os</strong></span> <span class='ocrx_word' id='word_1_2' title='bbox 651 215 792 271; x_wconf 72' lang='lat' dir='ltr'><strong>APPEND.</strong></span> <span class='ocrx_word' id='word_1_3' title='bbox 812 216 856 270; x_wconf 84' lang='grc' dir='ltr'><strong>ΑΙ)</strong></span> <span class='ocrx_word' id='word_1_4' title='bbox 875 215 956 271; x_wconf 86' lang='lat' dir='ltr'><strong>SAEC.</strong></span> <span class='ocrx_word' id='word_1_5' title='bbox 977 213 1021 270; x_wconf 86' lang='lat' dir='ltr'><strong>lli.</strong></span> <span class='ocrx_word' id='word_1_6' title='bbox 1033 242 1067 255; x_wconf 90' lang='lat'><em>-</em></span> <span class='ocrx_word' id='word_1_7' title='bbox 1085 215 1209 272; x_wconf 82' lang='grc'>181110111</span> <span class='ocrx_word' id='word_1_8' title='bbox 1230 214 1441 272; x_wconf 75' lang='lat' dir='ltr'><strong>usumronls</strong></span> <span class='ocrx_word' id='word_1_9' title='bbox 1854 214 1885 269; x_wconf 82' lang='grc'><strong>18</strong></span> 
     </span>
    </p>
   </div>
   <div class='ocr_carea' id='block_1_2' title="bbox 169 320 1898 4492">
    <p class='ocr_par' dir='ltr' id='par_1_2' title="bbox 169 320 1898 4492">
     <span class='ocr_line' id='line_1_2' title="bbox 209 320 1886 411; baseline 0 -33"><span class='ocrx_word' id='word_1_10' title='bbox 209 349 223 379; x_wconf 77' lang='lat' dir='ltr'><strong>u</strong></span> <span class='ocrx_word' id='word_1_11' title='bbox 235 328 382 400; x_wconf 78' lang='lat' dir='ltr'>Ingressus</span> <span class='ocrx_word' id='word_1_12' title='bbox 407 323 576 396; x_wconf 75' lang='lat' dir='ltr'><strong>estquidam</strong></span> <span class='ocrx_word' id='word_1_13' title='bbox 598 322 742 396; x_wconf 85' lang='lat' dir='ltr'><strong>inquiunt)</strong></span> <span class='ocrx_word' id='word_1_14' title='bbox 760 328 792 380; x_wconf 93' lang='lat' dir='ltr'><strong>ut</strong></span> <span class='ocrx_word' id='word_1_15' title='bbox 812 323 932 393; x_wconf 81' lang='lat' dir='ltr'><strong>advena,</strong></span> <span class='ocrx_word' id='word_1_16' title='bbox 949 339 1021 378; x_wconf 92' lang='lat' dir='ltr'><strong>nun·</strong></span> <span class='ocrx_word' id='word_1_17' title='bbox 1031 320 1886 411; x_wconf 66' lang='lat' dir='ltr'><strong>Acameambulantes,nonsecundumcarn&#39;emmilitamus.</strong></span> 
     </span>
     <span class='ocr_line' id='line_1_3' title="bbox 206 415 1888 494; baseline -0.002 -18"><span class='ocrx_word' id='word_1_18' title='bbox 206 420 275 494; x_wconf 90' lang='lat' dir='ltr'><strong>quid</strong></span> <span class='ocrx_word' id='word_1_19' title='bbox 296 422 330 474; x_wconf 93' lang='lat' dir='ltr'><strong>ut</strong></span> <span class='ocrx_word' id='word_1_20' title='bbox 347 417 479 491; x_wconf 82' lang='lat' dir='ltr'><strong>judicas?</strong></span> <span class='ocrx_word' id='word_1_21' title='bbox 503 416 578 488; x_wconf 77' lang='lat' dir='ltr'><strong>(Cea.</strong></span> <span class='ocrx_word' id='word_1_22' title='bbox 597 418 733 490; x_wconf 62' lang='grc'>1111)»</span> <span class='ocrx_word' id='word_1_23' title='bbox 749 418 932 490; x_wconf 75' lang='lat' dir='ltr'><strong>Unaquaeque</strong></span> <span class='ocrx_word' id='word_1_24' title='bbox 951 434 1020 488; x_wconf 87' lang='lat' dir='ltr'><strong>pro·</strong></span> <span class='ocrx_word' id='word_1_25' title='bbox 1070 420 1156 473; x_wconf 77' lang='lat' dir='ltr'><strong>Arma</strong></span> <span class='ocrx_word' id='word_1_26' title='bbox 1171 417 1248 474; x_wconf 92' lang='lat' dir='ltr'><strong>enim</strong></span> <span class='ocrx_word' id='word_1_27' title='bbox 1263 417 1375 473; x_wconf 76' lang='lat' dir='ltr'><strong>militias</strong></span> <span class='ocrx_word' id='word_1_28' title='bbox 1388 415 1712 486; x_wconf 83' lang='lat' dir='ltr'><strong>nostrae,noncarnalia,</strong></span> <span class='ocrx_word' id='word_1_29' title='bbox 1724 415 1773 471; x_wconf 91' lang='lat' dir='ltr'><strong>sed</strong></span> <span class='ocrx_word' id='word_1_30' title='bbox 1785 417 1888 488; x_wconf 90' lang='lat' dir='ltr'><strong>poten-</strong></span> 
     </span>
     <span class='ocr_line' id='line_1_4' title="bbox 205 508 1888 583; baseline -0.001 -15"><span class='ocrx_word' id='word_1_31' title='bbox 205 512 296 568; x_wconf 87' lang='lat' dir='ltr'><strong>vincia</strong></span> <span class='ocrx_word' id='word_1_32' title='bbox 310 516 370 567; x_wconf 91' lang='lat' dir='ltr'><strong>tam</strong></span> <span class='ocrx_word' id='word_1_33' title='bbox 387 511 470 582; x_wconf 86' lang='lat' dir='ltr'><strong>juxta</strong></span> <span class='ocrx_word' id='word_1_34' title='bbox 490 509 692 566; x_wconf 90' lang='lat' dir='ltr'><strong>ecclesiasticas</strong></span> <span class='ocrx_word' id='word_1_35' title='bbox 712 527 801 583; x_wconf 86' lang='lat' dir='ltr'><strong>quam</strong></span> <span class='ocrx_word' id='word_1_36' title='bbox 820 510 905 583; x_wconf 81' lang='lat' dir='ltr'><strong>juxta</strong></span> <span class='ocrx_word' id='word_1_37' title='bbox 929 510 1021 566; x_wconf 88' lang='lat' dir='ltr'><strong>saeculi</strong></span> <span class='ocrx_word' id='word_1_38' title='bbox 1072 511 1112 567; x_wconf 90' lang='lat' dir='ltr'><strong>tia</strong></span> <span class='ocrx_word' id='word_1_39' title='bbox 1124 512 1180 568; x_wconf 92' lang='lat' dir='ltr'><strong>Deo</strong></span> <span class='ocrx_word' id='word_1_40' title='bbox 1195 513 1229 567; x_wconf 93' lang='lat' dir='ltr'><strong>ad</strong></span> <span class='ocrx_word' id='word_1_41' title='bbox 1244 510 1468 567; x_wconf 77' lang='lat' dir='ltr'>destructionem</span> <span class='ocrx_word' id='word_1_42' title='bbox 1487 509 1682 565; x_wconf 84' lang='lat' dir='ltr'><strong>munitionum</strong></span> <span class='ocrx_word' id='word_1_43' title='bbox 1702 508 1823 565; x_wconf 89' lang='lat' dir='ltr'><strong>consilia</strong></span> <span class='ocrx_word' id='word_1_44' title='bbox 1843 508 1888 566; x_wconf 75' lang='lat' dir='ltr'><strong>de</strong></span> 
     </span>
     <span class='ocr_line' id='line_1_5' title="bbox 206 602 1888 678; baseline -0.002 -18"><span class='ocrx_word' id='word_1_45' title='bbox 206 605 284 678; x_wconf 90' lang='lat' dir='ltr'><strong>leges</strong></span> <span class='ocrx_word' id='word_1_46' title='bbox 296 603 454 659; x_wconf 84' lang='lat' dir='ltr'><strong>suosdebet</strong></span> <span class='ocrx_word' id='word_1_47' title='bbox 462 603 556 675; x_wconf 87' lang='lat' dir='ltr'><strong>justos</strong></span> <span class='ocrx_word' id='word_1_48' title='bbox 566 603 893 677; x_wconf 84' lang='lat' dir='ltr'><strong>etnoniniquoshabere</strong></span> <span class='ocrx_word' id='word_1_49' title='bbox 900 603 1021 675; x_wconf 89' lang='lat' dir='ltr'><strong>judices,</strong></span> <span class='ocrx_word' id='word_1_50' title='bbox 1072 608 1213 661; x_wconf 78' lang='lat' dir='ltr'><strong>struentes</strong></span> <span class='ocrx_word' id='word_1_51' title='bbox 1226 609 1254 660; x_wconf 91' lang='lat' dir='ltr'><strong>et</strong></span> <span class='ocrx_word' id='word_1_52' title='bbox 1265 620 1382 660; x_wconf 91' lang='lat' dir='ltr'><strong>omnem</strong></span> <span class='ocrx_word' id='word_1_53' title='bbox 1395 603 1595 660; x_wconf 83' lang='lat' dir='ltr'><strong>exaltationem</strong></span> <span class='ocrx_word' id='word_1_54' title='bbox 1607 602 1789 659; x_wconf 83' lang='lat' dir='ltr'><strong>extollentem</strong></span> <span class='ocrx_word' id='word_1_55' title='bbox 1800 617 1830 658; x_wconf 88' lang='lat' dir='ltr'><strong>se</strong></span> <span class='ocrx_word' id='word_1_56' title='bbox 1844 602 1888 658; x_wconf 90' lang='lat' dir='ltr'><strong>ad·</strong></span> 
     </span>
     <span class='ocr_line' id='line_1_6' title="bbox 207 695 1888 770; baseline -0.002 -16"><span class='ocrx_word' id='word_1_57' title='bbox 207 702 235 754; x_wconf 90' lang='lat' dir='ltr'><strong>et</strong></span> <span class='ocrx_word' id='word_1_58' title='bbox 249 714 306 752; x_wconf 91' lang='lat' dir='ltr'><strong>non</strong></span> <span class='ocrx_word' id='word_1_59' title='bbox 321 699 463 766; x_wconf 83' lang='lat' dir='ltr'><strong>externos,</strong></span> <span class='ocrx_word' id='word_1_60' title='bbox 481 697 536 751; x_wconf 92' lang='lat' dir='ltr'><strong>nisi</strong></span> <span class='ocrx_word' id='word_1_61' title='bbox 550 697 710 770; x_wconf 79' lang='lat' dir='ltr'><strong>apostolicae</strong></span> <span class='ocrx_word' id='word_1_62' title='bbox 724 696 804 753; x_wconf 90' lang='lat' dir='ltr'><strong>Sedis</strong></span> <span class='ocrx_word' id='word_1_63' title='bbox 825 697 911 768; x_wconf 88' lang='lat' dir='ltr'><strong>hujus</strong></span> <span class='ocrx_word' id='word_1_64' title='bbox 928 696 1022 752; x_wconf 83' lang='lat' dir='ltr'><strong>decre</strong></span> <span class='ocrx_word' id='word_1_65' title='bbox 1072 714 1169 753; x_wconf 87' lang='lat' dir='ltr'><strong>versus</strong></span> <span class='ocrx_word' id='word_1_66' title='bbox 1187 696 1335 753; x_wconf 88' lang='lat' dir='ltr'><strong>scientiam</strong></span> <span class='ocrx_word' id='word_1_67' title='bbox 1348 697 1409 766; x_wconf 93' lang='lat' dir='ltr'><strong>Dei,</strong></span> <span class='ocrx_word' id='word_1_68' title='bbox 1426 701 1454 753; x_wconf 90' lang='lat' dir='ltr'><strong>et</strong></span> <span class='ocrx_word' id='word_1_69' title='bbox 1465 697 1495 751; x_wconf 93' lang='lat' dir='ltr'><strong>in</strong></span> <span class='ocrx_word' id='word_1_70' title='bbox 1512 696 1702 768; x_wconf 82' lang='lat' dir='ltr'><strong>captivitatem</strong></span> <span class='ocrx_word' id='word_1_71' title='bbox 1725 695 1888 768; x_wconf 79' lang='lat' dir='ltr'><strong>redigentes</strong></span> 
     </span>
     <span class='ocr_line' id='line_1_7' title="bbox 205 789 1886 863; baseline -0.001 -17"><span class='ocrx_word' id='word_1_72' title='bbox 205 789 279 846; x_wconf 83' lang='lat' dir='ltr'><strong>verit</strong></span> <span class='ocrx_word' id='word_1_73' title='bbox 290 790 452 861; x_wconf 89' lang='lat' dir='ltr'><strong>auctoritas,</strong></span> <span class='ocrx_word' id='word_1_74' title='bbox 464 795 605 862; x_wconf 86' lang='lat' dir='ltr'><strong>quatenus</strong></span> <span class='ocrx_word' id='word_1_75' title='bbox 615 791 779 863; x_wconf 87' lang='lat' dir='ltr'><strong>quicunque</strong></span> <span class='ocrx_word' id='word_1_76' title='bbox 792 805 906 845; x_wconf 88' lang='lat' dir='ltr'><strong>causam</strong></span> <span class='ocrx_word' id='word_1_77' title='bbox 915 789 1021 845; x_wconf 91' lang='lat' dir='ltr'><strong>habue·</strong></span> <span class='ocrx_word' id='word_1_78' title='bbox 1072 807 1188 847; x_wconf 91' lang='lat' dir='ltr'><strong>omnem</strong></span> <span class='ocrx_word' id='word_1_79' title='bbox 1201 790 1415 863; x_wconf 79' lang='lat' dir='ltr'><strong>cogitationem,</strong></span> <span class='ocrx_word' id='word_1_80' title='bbox 1429 790 1459 845; x_wconf 91' lang='lat' dir='ltr'><strong>in</strong></span> <span class='ocrx_word' id='word_1_81' title='bbox 1474 789 1641 862; x_wconf 84' lang='lat' dir='ltr'><strong>obsequium</strong></span> <span class='ocrx_word' id='word_1_82' title='bbox 1655 790 1768 847; x_wconf 90' lang='lat' dir='ltr'><strong>Christo</strong></span> <span class='ocrx_word' id='word_1_83' title='bbox 1783 789 1886 860; x_wconf 89' lang='lat' dir='ltr'><strong>perdu-</strong></span> 
     </span>
     <span class='ocr_line' id='line_1_8' title="bbox 205 882 1889 957; baseline -0.001 -19"><span class='ocrx_word' id='word_1_84' title='bbox 205 883 243 938; x_wconf 94' lang='lat' dir='ltr'><strong>rit</strong></span> <span class='ocrx_word' id='word_1_85' title='bbox 266 883 343 955; x_wconf 92' lang='lat' dir='ltr'><strong>apud</strong></span> <span class='ocrx_word' id='word_1_86' title='bbox 365 899 431 938; x_wconf 91' lang='lat' dir='ltr'><strong>snos</strong></span> <span class='ocrx_word' id='word_1_87' title='bbox 449 882 563 955; x_wconf 78' lang='lat' dir='ltr'><strong>J&#39;udices</strong></span> <span class='ocrx_word' id='word_1_88' title='bbox 581 883 735 956; x_wconf 89' lang='lat' dir='ltr'><strong>judicetur,</strong></span> <span class='ocrx_word' id='word_1_89' title='bbox 752 887 782 938; x_wconf 92' lang='grc'><strong>11</strong></span> <span class='ocrx_word' id='word_1_90' title='bbox 794 899 851 938; x_wconf 93' lang='lat' dir='ltr'><strong>non</strong></span> <span class='ocrx_word' id='word_1_91' title='bbox 862 882 899 937; x_wconf 91' lang='lat' dir='ltr'><strong>ad</strong></span> <span class='ocrx_word' id='word_1_92' title='bbox 913 882 1023 938; x_wconf 90' lang='lat' dir='ltr'><strong>alienos</strong></span> <span class='ocrx_word' id='word_1_93' title='bbox 1073 889 1168 940; x_wconf 88' lang='lat' dir='ltr'><strong>centes</strong></span> <span class='ocrx_word' id='word_1_94' title='bbox 1181 884 1219 957; x_wconf 89' lang='lat' dir='ltr'><strong>(ll</strong></span> <span class='ocrx_word' id='word_1_95' title='bbox 1230 885 1290 943; x_wconf 85' lang='lat' dir='ltr'><strong>Cor.</strong></span> <span class='ocrx_word' id='word_1_96' title='bbox 1304 899 1332 953; x_wconf 85' lang='lat' dir='ltr'><strong>x,</strong></span> <span class='ocrx_word' id='word_1_97' title='bbox 1349 883 1386 955; x_wconf 85' lang='grc'><strong>3).</strong></span> <span class='ocrx_word' id='word_1_98' title='bbox 1402 905 1416 932; x_wconf 89' lang='lat'>»</span> <span class='ocrx_word' id='word_1_99' title='bbox 1431 904 1444 932; x_wconf 77' lang='lat' dir='ltr'><strong>a</strong></span> <span class='ocrx_word' id='word_1_100' title='bbox 1459 883 1499 938; x_wconf 91' lang='lat' dir='ltr'><strong>De</strong></span> <span class='ocrx_word' id='word_1_101' title='bbox 1514 885 1626 951; x_wconf 83' lang='lat' dir='ltr'><strong>caetero,</strong></span> <span class='ocrx_word' id='word_1_102' title='bbox 1646 883 1759 951; x_wconf 84' lang='lat' dir='ltr'><strong>iratres,</strong></span> <span class='ocrx_word' id='word_1_103' title='bbox 1778 882 1889 937; x_wconf 82' lang='lat' dir='ltr'><strong>contor-</strong></span> 
     </span>
     <span class='ocr_line' id='line_1_9' title="bbox 206 974 1889 1049; baseline -0.001 -18"><span class='ocrx_word' id='word_1_104' title='bbox 206 993 290 1032; x_wconf 88' lang='lat' dir='ltr'><strong>causa</strong></span> <span class='ocrx_word' id='word_1_105' title='bbox 302 976 426 1048; x_wconf 85' lang='lat' dir='ltr'><strong>vagandi</strong></span> <span class='ocrx_word' id='word_1_106' title='bbox 438 976 601 1033; x_wconf 84' lang='lat' dir='ltr'><strong>stimulante</strong></span> <span class='ocrx_word' id='word_1_107' title='bbox 613 980 824 1049; x_wconf 89' lang='lat' dir='ltr'><strong>proptarsuam</strong></span> <span class='ocrx_word' id='word_1_108' title='bbox 837 975 1023 1048; x_wconf 87' lang='lat' dir='ltr'><strong>vitamdespi-</strong></span> <span class='ocrx_word' id='word_1_109' title='bbox 1072 977 1176 1033; x_wconf 88' lang='lat' dir='ltr'><strong>tamini</strong></span> <span class='ocrx_word' id='word_1_110' title='bbox 1195 977 1225 1032; x_wconf 93' lang='lat' dir='ltr'><strong>in</strong></span> <span class='ocrx_word' id='word_1_111' title='bbox 1244 977 1366 1032; x_wconf 92' lang='lat' dir='ltr'><strong>Domino</strong></span> <span class='ocrx_word' id='word_1_112' title='bbox 1387 976 1462 1032; x_wconf 91' lang='lat' dir='ltr'><strong>etin</strong></span> <span class='ocrx_word' id='word_1_113' title='bbox 1482 975 1611 1046; x_wconf 90' lang='lat' dir='ltr'><strong>potentia</strong></span> <span class='ocrx_word' id='word_1_114' title='bbox 1632 974 1808 1031; x_wconf 82' lang='lat' dir='ltr'><strong>fortitudinis</strong></span> <span class='ocrx_word' id='word_1_115' title='bbox 1830 975 1889 1046; x_wconf 85' lang='lat' dir='ltr'><strong>ejus</strong></span> 
     </span>
     <span class='ocr_line' id='line_1_10' title="bbox 206 1067 1889 1142; baseline -0.002 -16"><span class='ocrx_word' id='word_1_116' title='bbox 206 1070 283 1126; x_wconf 90' lang='lat' dir='ltr'><strong>ciens</strong></span> <span class='ocrx_word' id='word_1_117' title='bbox 304 1069 428 1141; x_wconf 88' lang='lat' dir='ltr'><strong>patriam</strong></span> <span class='ocrx_word' id='word_1_118' title='bbox 443 1072 578 1125; x_wconf 91' lang='lat' dir='ltr'><strong>transeat.</strong></span> <span class='ocrx_word' id='word_1_119' title='bbox 600 1069 656 1126; x_wconf 89' lang='lat' dir='ltr'><strong>Sed</strong></span> <span class='ocrx_word' id='word_1_120' title='bbox 671 1069 707 1124; x_wconf 91' lang='lat' dir='ltr'><strong>ad</strong></span> <span class='ocrx_word' id='word_1_121' title='bbox 721 1069 873 1125; x_wconf 87' lang='lat' dir='ltr'><strong>duodecim</strong></span> <span class='ocrx_word' id='word_1_122' title='bbox 894 1069 1023 1140; x_wconf 87' lang='lat' dir='ltr'><strong>ejusdem</strong></span> <span class='ocrx_word' id='word_1_123' title='bbox 1072 1072 1179 1142; x_wconf 83' lang='lat' dir='ltr'><strong>(pres.</strong></span> <span class='ocrx_word' id='word_1_124' title='bbox 1203 1087 1242 1139; x_wconf 82' lang='lat' dir='ltr'><strong>vr,</strong></span> <span class='ocrx_word' id='word_1_125' title='bbox 1267 1070 1321 1142; x_wconf 84' lang='grc'>10),</span> <span class='ocrx_word' id='word_1_126' title='bbox 1344 1089 1357 1121; x_wconf 79' lang='lat' dir='ltr'><strong>s</strong></span> <span class='ocrx_word' id='word_1_127' title='bbox 1382 1074 1412 1125; x_wconf 91' lang='lat' dir='ltr'><strong>ut</strong></span> <span class='ocrx_word' id='word_1_128' title='bbox 1432 1086 1488 1141; x_wconf 85' lang='lat' dir='ltr'><strong>pax</strong></span> <span class='ocrx_word' id='word_1_129' title='bbox 1508 1068 1586 1125; x_wconf 84' lang='lat' dir='ltr'><strong>vobis</strong></span> <span class='ocrx_word' id='word_1_130' title='bbox 1605 1069 1695 1124; x_wconf 90' lang='lat' dir='ltr'><strong>multa</strong></span> <span class='ocrx_word' id='word_1_131' title='bbox 1717 1073 1746 1124; x_wconf 92' lang='lat' dir='ltr'><strong>et</strong></span> <span class='ocrx_word' id='word_1_132' title='bbox 1764 1067 1889 1141; x_wconf 84' lang='lat' dir='ltr'><strong>gratiae</strong></span> 
     </span>
     <span class='ocr_line' id='line_1_11' title="bbox 205 1160 1889 1237; baseline -0.002 -19"><span class='ocrx_word' id='word_1_133' title='bbox 205 1162 360 1237; x_wconf 79' lang='lat' dir='ltr'><strong>provinciae</strong></span> <span class='ocrx_word' id='word_1_134' title='bbox 366 1163 487 1234; x_wconf 87' lang='lat' dir='ltr'><strong>jndices,</strong></span> <span class='ocrx_word' id='word_1_135' title='bbox 496 1163 533 1218; x_wconf 89' lang='lat' dir='ltr'><strong>ad</strong></span> <span class='ocrx_word' id='word_1_136' title='bbox 544 1162 813 1235; x_wconf 89' lang='lat' dir='ltr'><strong>quorumjndicium</strong></span> <span class='ocrx_word' id='word_1_137' title='bbox 822 1178 922 1218; x_wconf 91' lang='lat' dir='ltr'><strong>omues</strong></span> <span class='ocrx_word' id='word_1_138' title='bbox 930 1178 1023 1218; x_wconf 88' lang='lat' dir='ltr'><strong>causae</strong></span> <span class='ocrx_word' id='word_1_139' title='bbox 1073 1165 1132 1220; x_wconf 89' lang='lat' dir='ltr'><strong>Deo</strong></span> <span class='ocrx_word' id='word_1_140' title='bbox 1156 1167 1185 1218; x_wconf 92' lang='lat' dir='ltr'><strong>et</strong></span> <span class='ocrx_word' id='word_1_141' title='bbox 1205 1163 1324 1218; x_wconf 90' lang='lat' dir='ltr'><strong>Domino</strong></span> <span class='ocrx_word' id='word_1_142' title='bbox 1347 1165 1444 1217; x_wconf 92' lang='lat' dir='ltr'><strong>nostro</strong></span> <span class='ocrx_word' id='word_1_143' title='bbox 1466 1163 1532 1218; x_wconf 85' lang='lat' dir='ltr'><strong>lesu</strong></span> <span class='ocrx_word' id='word_1_144' title='bbox 1559 1161 1671 1219; x_wconf 87' lang='lat' dir='ltr'><strong>Christo</strong></span> <span class='ocrx_word' id='word_1_145' title='bbox 1699 1160 1889 1217; x_wconf 86' lang='lat' dir='ltr'><strong>ministretur.</strong></span> 
     </span>
     <span class='ocr_line' id='line_1_12' title="bbox 206 1253 1890 1329; baseline -0.001 -19"><span class='ocrx_word' id='word_1_146' title='bbox 206 1256 354 1311; x_wconf 87' lang='lat' dir='ltr'><strong>civitatum</strong></span> <span class='ocrx_word' id='word_1_147' title='bbox 364 1256 540 1325; x_wconf 88' lang='lat' dir='ltr'><strong>retemntur,</strong></span> <span class='ocrx_word' id='word_1_148' title='bbox 553 1255 698 1312; x_wconf 81' lang='lat' dir='ltr'><strong>deleratur</strong></span> <span class='ocrx_word' id='word_1_149' title='bbox 709 1255 869 1328; x_wconf 84' lang='lat' dir='ltr'><strong>negotium.</strong></span> <span class='ocrx_word' id='word_1_150' title='bbox 883 1255 912 1311; x_wconf 92' lang='lat' dir='ltr'><strong>Si</strong></span> <span class='ocrx_word' id='word_1_151' title='bbox 927 1259 1024 1311; x_wconf 85' lang='lat' dir='ltr'><strong>autem</strong></span> <span class='ocrx_word' id='word_1_152' title='bbox 1072 1256 1311 1329; x_wconf 73' lang='lat' dir='ltr'><strong>Amplectimuret</strong></span> <span class='ocrx_word' id='word_1_153' title='bbox 1319 1255 1484 1311; x_wconf 87' lang='lat' dir='ltr'><strong>osculamur</strong></span> <span class='ocrx_word' id='word_1_154' title='bbox 1491 1254 1553 1310; x_wconf 91' lang='lat' dir='ltr'><strong>acsi</strong></span> <span class='ocrx_word' id='word_1_155' title='bbox 1560 1261 1717 1328; x_wconf 78' lang='lat' dir='ltr'><strong>praesentes</strong></span> <span class='ocrx_word' id='word_1_156' title='bbox 1724 1253 1890 1310; x_wconf 87' lang='lat' dir='ltr'><strong>charitatem</strong></span> 
     </span>
     <span class='ocr_line' id='line_1_13' title="bbox 182 1337 1889 1421; baseline -0.001 -18"><span class='ocrx_word' id='word_1_157' title='bbox 182 1337 519 1405; x_wconf 74' lang='grc'>11111111111111111111</span> <span class='ocrx_word' id='word_1_158' title='bbox 545 1350 622 1421; x_wconf 89' lang='lat' dir='ltr'><strong>apud</strong></span> <span class='ocrx_word' id='word_1_159' title='bbox 646 1348 803 1420; x_wconf 90' lang='lat' dir='ltr'><strong>episcopos,</strong></span> <span class='ocrx_word' id='word_1_160' title='bbox 818 1347 1023 1405; x_wconf 82' lang='lat' dir='ltr'><strong>interveniente</strong></span> <span class='ocrx_word' id='word_1_161' title='bbox 1072 1356 1195 1407; x_wconf 81' lang='lat' dir='ltr'><strong>vestram</strong></span> <span class='ocrx_word' id='word_1_162' title='bbox 1219 1349 1250 1405; x_wconf 93' lang='lat' dir='ltr'><strong>in</strong></span> <span class='ocrx_word' id='word_1_163' title='bbox 1276 1348 1383 1405; x_wconf 83' lang='lat' dir='ltr'><strong>unitate</strong></span> <span class='ocrx_word' id='word_1_164' title='bbox 1412 1348 1537 1420; x_wconf 91' lang='lat' dir='ltr'><strong>spiritus,</strong></span> <span class='ocrx_word' id='word_1_165' title='bbox 1560 1347 1591 1402; x_wconf 92' lang='lat' dir='ltr'><strong>in</strong></span> <span class='ocrx_word' id='word_1_166' title='bbox 1614 1348 1727 1404; x_wconf 88' lang='lat' dir='ltr'><strong>vinculo</strong></span> <span class='ocrx_word' id='word_1_167' title='bbox 1752 1347 1841 1419; x_wconf 90' lang='lat' dir='ltr'><strong>pacis,</strong></span> <span class='ocrx_word' id='word_1_168' title='bbox 1863 1351 1889 1402; x_wconf 95' lang='grc'><strong>11</strong></span> 
     </span>
     <span class='ocr_line' id='line_1_14' title="bbox 205 1440 1891 1515; baseline -0.001 -17"><span class='ocrx_word' id='word_1_169' title='bbox 205 1442 340 1515; x_wconf 91' lang='lat' dir='ltr'><strong>primate,</strong></span> <span class='ocrx_word' id='word_1_170' title='bbox 351 1441 492 1515; x_wconf 86' lang='lat' dir='ltr'><strong>siquidem</strong></span> <span class='ocrx_word' id='word_1_171' title='bbox 504 1440 1025 1514; x_wconf 74' lang='grc' dir='ltr'>1111111111111111;11111ο11111</span> <span class='ocrx_word' id='word_1_172' title='bbox 1073 1443 1218 1500; x_wconf 89' lang='lat' dir='ltr'><strong>charitatis</strong></span> <span class='ocrx_word' id='word_1_173' title='bbox 1238 1442 1351 1500; x_wconf 86' lang='lat' dir='ltr'><strong>Christi.</strong></span> <span class='ocrx_word' id='word_1_174' title='bbox 1375 1463 1389 1491; x_wconf 90' lang='lat'>«</span> <span class='ocrx_word' id='word_1_175' title='bbox 1408 1443 1526 1512; x_wconf 85' lang='lat' dir='ltr'><strong>Propter</strong></span> <span class='ocrx_word' id='word_1_176' title='bbox 1547 1441 1635 1514; x_wconf 88' lang='lat' dir='ltr'><strong>quod,</strong></span> <span class='ocrx_word' id='word_1_177' title='bbox 1653 1440 1823 1509; x_wconf 77' lang='lat' dir='ltr'><strong>charissimi,</strong></span> <span class='ocrx_word' id='word_1_178' title='bbox 1845 1456 1891 1496; x_wconf 84' lang='lat' dir='ltr'><strong>ea·</strong></span> 
     </span>
     <span class='ocr_line' id='line_1_15' title="bbox 205 1532 1891 1608; baseline -0.001 -18"><span class='ocrx_word' id='word_1_179' title='bbox 205 1534 440 1607; x_wconf 89' lang='lat' dir='ltr'><strong>metropolitano;</strong></span> <span class='ocrx_word' id='word_1_180' title='bbox 452 1535 548 1590; x_wconf 83' lang='lat' dir='ltr'><strong>sivero</strong></span> <span class='ocrx_word' id='word_1_181' title='bbox 558 1534 646 1590; x_wconf 87' lang='lat' dir='ltr'><strong>inerit</strong></span> <span class='ocrx_word' id='word_1_182' title='bbox 655 1534 885 1606; x_wconf 84' lang='lat' dir='ltr'><strong>soeculare,apud</strong></span> <span class='ocrx_word' id='word_1_183' title='bbox 896 1534 1024 1606; x_wconf 86' lang='lat' dir='ltr'><strong>ejusdem</strong></span> <span class='ocrx_word' id='word_1_184' title='bbox 1074 1538 1242 1608; x_wconf 75' lang='lat' dir='ltr'><strong>spectantes,</strong></span> <span class='ocrx_word' id='word_1_185' title='bbox 1255 1535 1375 1606; x_wconf 79' lang='lat' dir='ltr'><strong>satagite</strong></span> <span class='ocrx_word' id='word_1_186' title='bbox 1389 1533 1569 1590; x_wconf 89' lang='lat' dir='ltr'><strong>immaculati</strong></span> <span class='ocrx_word' id='word_1_187' title='bbox 1581 1537 1611 1589; x_wconf 90' lang='lat' dir='ltr'><strong>et</strong></span> <span class='ocrx_word' id='word_1_188' title='bbox 1626 1533 1752 1588; x_wconf 88' lang='lat' dir='ltr'><strong>inviolati</strong></span> <span class='ocrx_word' id='word_1_189' title='bbox 1772 1532 1891 1589; x_wconf 86' lang='lat' dir='ltr'><strong>inveniri</strong></span> 
     </span>
     <span class='ocr_line' id='line_1_16' title="bbox 206 1625 1891 1701; baseline -0.002 -18"><span class='ocrx_word' id='word_1_190' title='bbox 206 1628 316 1684; x_wconf 92' lang='lat' dir='ltr'><strong>ordinis</strong></span> <span class='ocrx_word' id='word_1_191' title='bbox 328 1628 402 1683; x_wconf 90' lang='lat' dir='ltr'><strong>viros</strong></span> <span class='ocrx_word' id='word_1_192' title='bbox 413 1627 520 1698; x_wconf 88' lang='lat' dir='ltr'><strong>judicio</strong></span> <span class='ocrx_word' id='word_1_193' title='bbox 533 1633 594 1683; x_wconf 88' lang='lat' dir='ltr'><strong>tam</strong></span> <span class='ocrx_word' id='word_1_194' title='bbox 608 1628 817 1700; x_wconf 90' lang='lat' dir='ltr'><strong>episcoporum,</strong></span> <span class='ocrx_word' id='word_1_195' title='bbox 828 1643 894 1682; x_wconf 92' lang='lat' dir='ltr'><strong>cum</strong></span> <span class='ocrx_word' id='word_1_196' title='bbox 905 1627 1024 1699; x_wconf 86' lang='lat' dir='ltr'><strong>Aposto-</strong></span> <span class='ocrx_word' id='word_1_197' title='bbox 1073 1629 1104 1684; x_wconf 91' lang='lat' dir='ltr'><strong>in</strong></span> <span class='ocrx_word' id='word_1_198' title='bbox 1118 1644 1196 1701; x_wconf 91' lang='lat' dir='ltr'><strong>pace,</strong></span> <span class='ocrx_word' id='word_1_199' title='bbox 1214 1631 1243 1682; x_wconf 91' lang='lat' dir='ltr'><strong>et</strong></span> <span class='ocrx_word' id='word_1_200' title='bbox 1258 1626 1371 1683; x_wconf 89' lang='lat' dir='ltr'><strong>Domini</strong></span> <span class='ocrx_word' id='word_1_201' title='bbox 1394 1627 1483 1682; x_wconf 89' lang='lat' dir='ltr'><strong>nostri</strong></span> <span class='ocrx_word' id='word_1_202' title='bbox 1502 1625 1751 1699; x_wconf 75' lang='lat' dir='ltr'><strong>longanimitatem</strong></span> <span class='ocrx_word' id='word_1_203' title='bbox 1773 1627 1891 1682; x_wconf 89' lang='lat' dir='ltr'><strong>salutern</strong></span> 
     </span>
     <span class='ocr_line' id='line_1_17' title="bbox 204 1705 1892 1795; baseline -0.002 -19"><span class='ocrx_word' id='word_1_204' title='bbox 204 1721 250 1777; x_wconf 91' lang='lat' dir='ltr'><strong>lus</strong></span> <span class='ocrx_word' id='word_1_205' title='bbox 261 1721 438 1792; x_wconf 85' lang='lat' dir='ltr'><strong>privatorum</strong></span> <span class='ocrx_word' id='word_1_206' title='bbox 447 1720 673 1777; x_wconf 89' lang='lat' dir='ltr'><strong>Christianorum</strong></span> <span class='ocrx_word' id='word_1_207' title='bbox 683 1736 780 1776; x_wconf 87' lang='lat' dir='ltr'><strong>causas</strong></span> <span class='ocrx_word' id='word_1_208' title='bbox 791 1719 885 1792; x_wconf 90' lang='lat' dir='ltr'><strong>magis</strong></span> <span class='ocrx_word' id='word_1_209' title='bbox 895 1719 1024 1775; x_wconf 89' lang='lat' dir='ltr'><strong>Ecclesiis</strong></span> <span class='ocrx_word' id='word_1_210' title='bbox 1034 1705 1063 1778; x_wconf 89' lang='lat' dir='ltr'>B</span> <span class='ocrx_word' id='word_1_211' title='bbox 1075 1720 1264 1778; x_wconf 86' lang='lat' dir='ltr'><strong>arbitramini.</strong></span> <span class='ocrx_word' id='word_1_212' title='bbox 1278 1720 1357 1795; x_wconf 81' lang='lat' dir='ltr'><strong>Sicut</strong></span> <span class='ocrx_word' id='word_1_213' title='bbox 1375 1724 1404 1774; x_wconf 90' lang='lat' dir='ltr'><strong>et</strong></span> <span class='ocrx_word' id='word_1_214' title='bbox 1417 1720 1599 1775; x_wconf 90' lang='lat' dir='ltr'><strong>charissimus</strong></span> <span class='ocrx_word' id='word_1_215' title='bbox 1621 1725 1720 1775; x_wconf 89' lang='lat' dir='ltr'><strong>noster</strong></span> <span class='ocrx_word' id='word_1_216' title='bbox 1737 1719 1841 1774; x_wconf 87' lang='lat' dir='ltr'><strong>Paulus</strong></span> <span class='ocrx_word' id='word_1_217' title='bbox 1853 1734 1892 1774; x_wconf 83' lang='grc'><strong>11·</strong></span> 
     </span>
     <span class='ocr_line' id='line_1_18' title="bbox 206 1811 1893 1885; baseline -0.001 -16"><span class='ocrx_word' id='word_1_218' title='bbox 206 1813 324 1885; x_wconf 85' lang='lat' dir='ltr'><strong>deferri,</strong></span> <span class='ocrx_word' id='word_1_219' title='bbox 339 1817 368 1868; x_wconf 90' lang='grc'><strong>11</strong></span> <span class='ocrx_word' id='word_1_220' title='bbox 380 1813 487 1868; x_wconf 88' lang='lat' dir='ltr'><strong>ibidem</strong></span> <span class='ocrx_word' id='word_1_221' title='bbox 500 1813 670 1869; x_wconf 87' lang='lat' dir='ltr'><strong>sacerdotali</strong></span> <span class='ocrx_word' id='word_1_222' title='bbox 686 1813 794 1885; x_wconf 88' lang='lat' dir='ltr'><strong>judicio</strong></span> <span class='ocrx_word' id='word_1_223' title='bbox 812 1812 961 1868; x_wconf 87' lang='lat' dir='ltr'><strong>terminari</strong></span> <span class='ocrx_word' id='word_1_224' title='bbox 974 1829 1023 1869; x_wconf 83' lang='lat' dir='ltr'><strong>vo·</strong></span> <span class='ocrx_word' id='word_1_225' title='bbox 1075 1814 1200 1872; x_wconf 92' lang='lat' dir='ltr'><strong>cundum</strong></span> <span class='ocrx_word' id='word_1_226' title='bbox 1219 1813 1318 1868; x_wconf 91' lang='lat' dir='ltr'><strong>datam</strong></span> <span class='ocrx_word' id='word_1_227' title='bbox 1337 1812 1390 1868; x_wconf 93' lang='lat' dir='ltr'><strong>sibi</strong></span> <span class='ocrx_word' id='word_1_228' title='bbox 1413 1813 1584 1885; x_wconf 89' lang='lat' dir='ltr'><strong>sapientiam</strong></span> <span class='ocrx_word' id='word_1_229' title='bbox 1597 1812 1710 1884; x_wconf 89' lang='lat' dir='ltr'><strong>scripsit</strong></span> <span class='ocrx_word' id='word_1_230' title='bbox 1720 1811 1799 1868; x_wconf 86' lang='lat' dir='ltr'><strong>vobis</strong></span> <span class='ocrx_word' id='word_1_231' title='bbox 1821 1812 1893 1868; x_wconf 88' lang='grc'>11111</span> 
     </span>
     <span class='ocr_line' id='line_1_19' title="bbox 204 1904 1893 1978; baseline -0.002 -15"><span class='ocrx_word' id='word_1_232' title='bbox 204 1907 266 1963; x_wconf 88' lang='grc'>1111.</span> <span class='ocrx_word' id='word_1_233' title='bbox 284 1906 384 1962; x_wconf 89' lang='lat' dir='ltr'><strong>Omnis</strong></span> <span class='ocrx_word' id='word_1_234' title='bbox 405 1907 482 1963; x_wconf 91' lang='lat' dir='ltr'><strong>enim</strong></span> <span class='ocrx_word' id='word_1_235' title='bbox 510 1923 659 1978; x_wconf 89' lang='lat' dir='ltr'><strong>oppressus</strong></span> <span class='ocrx_word' id='word_1_236' title='bbox 682 1907 772 1963; x_wconf 89' lang='lat' dir='ltr'><strong>libere</strong></span> <span class='ocrx_word' id='word_1_237' title='bbox 794 1906 982 1974; x_wconf 83' lang='lat' dir='ltr'><strong>secerdotum,</strong></span> <span class='ocrx_word' id='word_1_238' title='bbox 1001 1906 1025 1961; x_wconf 90' lang='lat' dir='ltr'><strong>si</strong></span> <span class='ocrx_word' id='word_1_239' title='bbox 1074 1913 1103 1965; x_wconf 90' lang='lat' dir='ltr'><strong>et</strong></span> <span class='ocrx_word' id='word_1_240' title='bbox 1114 1908 1145 1963; x_wconf 93' lang='lat' dir='ltr'><strong>in</strong></span> <span class='ocrx_word' id='word_1_241' title='bbox 1160 1907 1292 1964; x_wconf 91' lang='lat' dir='ltr'><strong>omnibus</strong></span> <span class='ocrx_word' id='word_1_242' title='bbox 1303 1905 1430 1978; x_wconf 88' lang='lat' dir='ltr'><strong>epistolis</strong></span> <span class='ocrx_word' id='word_1_243' title='bbox 1443 1907 1566 1978; x_wconf 86' lang='lat' dir='ltr'><strong>loquens</strong></span> <span class='ocrx_word' id='word_1_244' title='bbox 1577 1906 1607 1960; x_wconf 89' lang='lat' dir='ltr'><strong>in</strong></span> <span class='ocrx_word' id='word_1_245' title='bbox 1620 1905 1660 1961; x_wconf 89' lang='lat' dir='ltr'><strong>eis</strong></span> <span class='ocrx_word' id='word_1_246' title='bbox 1673 1905 1709 1961; x_wconf 88' lang='lat' dir='ltr'><strong>de</strong></span> <span class='ocrx_word' id='word_1_247' title='bbox 1722 1905 1777 1973; x_wconf 90' lang='lat' dir='ltr'><strong>his,</strong></span> <span class='ocrx_word' id='word_1_248' title='bbox 1789 1904 1819 1960; x_wconf 93' lang='lat' dir='ltr'><strong>in</strong></span> <span class='ocrx_word' id='word_1_249' title='bbox 1834 1905 1893 1976; x_wconf 72' lang='lat' dir='ltr'><strong>qut</strong></span> 
     </span>
     <span class='ocr_line' id='line_1_20' title="bbox 205 1998 1893 2073; baseline -0.001 -19"><span class='ocrx_word' id='word_1_250' title='bbox 205 2000 334 2070; x_wconf 85' lang='lat' dir='ltr'><strong>voluerit,</strong></span> <span class='ocrx_word' id='word_1_251' title='bbox 351 1999 477 2072; x_wconf 89' lang='lat' dir='ltr'><strong>appellet</strong></span> <span class='ocrx_word' id='word_1_252' title='bbox 495 1999 639 2071; x_wconf 75' lang='lat' dir='ltr'><strong>Jndicium</strong></span> <span class='ocrx_word' id='word_1_253' title='bbox 660 2002 688 2055; x_wconf 91' lang='lat' dir='ltr'><strong>et</strong></span> <span class='ocrx_word' id='word_1_254' title='bbox 702 2016 719 2054; x_wconf 91' lang='lat' dir='ltr'><strong>a</strong></span> <span class='ocrx_word' id='word_1_255' title='bbox 733 2000 811 2055; x_wconf 92' lang='lat' dir='ltr'><strong>nullo</strong></span> <span class='ocrx_word' id='word_1_256' title='bbox 828 1999 1023 2071; x_wconf 90' lang='lat' dir='ltr'><strong>prohibeatur,</strong></span> <span class='ocrx_word' id='word_1_257' title='bbox 1073 2002 1127 2057; x_wconf 92' lang='lat' dir='ltr'><strong>bus</strong></span> <span class='ocrx_word' id='word_1_258' title='bbox 1142 2004 1208 2055; x_wconf 90' lang='lat' dir='ltr'><strong>sunt</strong></span> <span class='ocrx_word' id='word_1_259' title='bbox 1218 1999 1350 2073; x_wconf 76' lang='lat' dir='ltr'><strong>quaedam</strong></span> <span class='ocrx_word' id='word_1_260' title='bbox 1363 1998 1491 2054; x_wconf 83' lang='lat' dir='ltr'><strong>difficilia</strong></span> <span class='ocrx_word' id='word_1_261' title='bbox 1503 1998 1658 2069; x_wconf 85' lang='lat' dir='ltr'><strong>intellectu,</strong></span> <span class='ocrx_word' id='word_1_262' title='bbox 1673 2014 1738 2070; x_wconf 81' lang='lat' dir='ltr'><strong>quae</strong></span> <span class='ocrx_word' id='word_1_263' title='bbox 1748 1998 1893 2054; x_wconf 88' lang='lat' dir='ltr'><strong>indoctiet</strong></span> 
     </span>
     <span class='ocr_line' id='line_1_21' title="bbox 205 2090 1892 2166; baseline -0.002 -17"><span class='ocrx_word' id='word_1_264' title='bbox 205 2094 256 2149; x_wconf 90' lang='lat' dir='ltr'><strong>sed</strong></span> <span class='ocrx_word' id='word_1_265' title='bbox 270 2093 306 2149; x_wconf 91' lang='lat' dir='ltr'><strong>ab</strong></span> <span class='ocrx_word' id='word_1_266' title='bbox 321 2092 366 2149; x_wconf 93' lang='lat' dir='ltr'><strong>his</strong></span> <span class='ocrx_word' id='word_1_267' title='bbox 379 2093 513 2148; x_wconf 84' lang='lat' dir='ltr'><strong>fulciatur</strong></span> <span class='ocrx_word' id='word_1_268' title='bbox 527 2096 555 2148; x_wconf 91' lang='lat' dir='ltr'><strong>et</strong></span> <span class='ocrx_word' id='word_1_269' title='bbox 576 2093 723 2148; x_wconf 88' lang='lat' dir='ltr'><strong>liberetur.</strong></span> <span class='ocrx_word' id='word_1_270' title='bbox 738 2093 768 2149; x_wconf 87' lang='lat' dir='ltr'><strong>si</strong></span> <span class='ocrx_word' id='word_1_271' title='bbox 783 2097 879 2149; x_wconf 91' lang='lat' dir='ltr'><strong>autem</strong></span> <span class='ocrx_word' id='word_1_272' title='bbox 895 2093 1025 2148; x_wconf 84' lang='lat' dir='ltr'><strong>diftlciles</strong></span> <span class='ocrx_word' id='word_1_273' title='bbox 1074 2094 1219 2151; x_wconf 79' lang='lat' dir='ltr'><strong>instabiles</strong></span> <span class='ocrx_word' id='word_1_274' title='bbox 1234 2092 1395 2166; x_wconf 82' lang='lat' dir='ltr'><strong>depravant,</strong></span> <span class='ocrx_word' id='word_1_275' title='bbox 1410 2091 1482 2147; x_wconf 92' lang='lat' dir='ltr'><strong>sicut</strong></span> <span class='ocrx_word' id='word_1_276' title='bbox 1495 2096 1523 2148; x_wconf 91' lang='lat' dir='ltr'><strong>et</strong></span> <span class='ocrx_word' id='word_1_277' title='bbox 1542 2094 1660 2147; x_wconf 82' lang='lat' dir='ltr'><strong>caeteras</strong></span> <span class='ocrx_word' id='word_1_278' title='bbox 1678 2092 1845 2164; x_wconf 88' lang='lat' dir='ltr'><strong>scripturas,</strong></span> <span class='ocrx_word' id='word_1_279' title='bbox 1858 2090 1892 2146; x_wconf 91' lang='lat' dir='ltr'><strong>ad</strong></span> 
     </span>
     <span class='ocr_line' id='line_1_22' title="bbox 205 2185 1893 2258; baseline -0.001 -16"><span class='ocrx_word' id='word_1_280' title='bbox 205 2202 296 2242; x_wconf 88' lang='lat' dir='ltr'><strong>causae</strong></span> <span class='ocrx_word' id='word_1_281' title='bbox 311 2191 360 2241; x_wconf 89' lang='lat' dir='ltr'><strong>aut</strong></span> <span class='ocrx_word' id='word_1_282' title='bbox 374 2186 483 2258; x_wconf 88' lang='lat' dir='ltr'><strong>majora</strong></span> <span class='ocrx_word' id='word_1_283' title='bbox 500 2185 1024 2257; x_wconf 66' lang='grc'>11111111111111111,1111111111</span> <span class='ocrx_word' id='word_1_284' title='bbox 1075 2204 1157 2243; x_wconf 90' lang='lat' dir='ltr'><strong>suam</strong></span> <span class='ocrx_word' id='word_1_285' title='bbox 1175 2186 1378 2258; x_wconf 85' lang='lat' dir='ltr'><strong>perditionem.</strong></span> <span class='ocrx_word' id='word_1_286' title='bbox 1398 2186 1454 2240; x_wconf 88' lang='lat' dir='ltr'><strong>Vos</strong></span> <span class='ocrx_word' id='word_1_287' title='bbox 1477 2200 1557 2256; x_wconf 90' lang='lat' dir='ltr'><strong>ergo,</strong></span> <span class='ocrx_word' id='word_1_288' title='bbox 1582 2185 1694 2256; x_wconf 84' lang='lat' dir='ltr'><strong>imtres,</strong></span> <span class='ocrx_word' id='word_1_289' title='bbox 1710 2185 1893 2257; x_wconf 68' lang='lat' dir='ltr'><strong>prescientes</strong></span> 
     </span>
     <span class='ocr_line' id='line_1_23' title="bbox 205 2277 1894 2351; baseline -0.001 -17"><span class='ocrx_word' id='word_1_290' title='bbox 205 2277 491 2347; x_wconf 84' lang='grc'>11111111111111,</span> <span class='ocrx_word' id='word_1_291' title='bbox 507 2278 571 2333; x_wconf 87' lang='grc'>1111</span> <span class='ocrx_word' id='word_1_292' title='bbox 585 2277 641 2333; x_wconf 90' lang='lat' dir='ltr'><strong>illic</strong></span> <span class='ocrx_word' id='word_1_293' title='bbox 660 2278 743 2334; x_wconf 88' lang='lat' dir='ltr'><strong>tacite</strong></span> <span class='ocrx_word' id='word_1_294' title='bbox 763 2278 886 2334; x_wconf 91' lang='lat' dir='ltr'><strong>discerni</strong></span> <span class='ocrx_word' id='word_1_295' title='bbox 905 2295 963 2334; x_wconf 90' lang='lat' dir='ltr'><strong>nou</strong></span> <span class='ocrx_word' id='word_1_296' title='bbox 977 2295 1025 2350; x_wconf 79' lang='lat' dir='ltr'><strong>po</strong></span> <span class='ocrx_word' id='word_1_297' title='bbox 1074 2279 1213 2336; x_wconf 85' lang='lat' dir='ltr'><strong>custodite</strong></span> <span class='ocrx_word' id='word_1_298' title='bbox 1224 2295 1260 2336; x_wconf 89' lang='lat' dir='ltr'><strong>ne</strong></span> <span class='ocrx_word' id='word_1_299' title='bbox 1272 2279 1470 2351; x_wconf 91' lang='lat' dir='ltr'><strong>insipientium</strong></span> <span class='ocrx_word' id='word_1_300' title='bbox 1486 2295 1582 2335; x_wconf 90' lang='lat' dir='ltr'><strong>errore</strong></span> <span class='ocrx_word' id='word_1_301' title='bbox 1597 2277 1719 2334; x_wconf 91' lang='lat' dir='ltr'><strong>traducti</strong></span> <span class='ocrx_word' id='word_1_302' title='bbox 1734 2277 1894 2334; x_wconf 82' lang='lat' dir='ltr'><strong>excidatisa</strong></span> 
     </span>
     <span class='ocr_line' id='line_1_24' title="bbox 206 2370 1894 2444; baseline -0.001 -18"><span class='ocrx_word' id='word_1_303' title='bbox 206 2371 315 2426; x_wconf 84' lang='lat' dir='ltr'><strong>tuerint</strong></span> <span class='ocrx_word' id='word_1_304' title='bbox 329 2374 378 2426; x_wconf 90' lang='lat' dir='ltr'><strong>aut</strong></span> <span class='ocrx_word' id='word_1_305' title='bbox 392 2371 470 2443; x_wconf 86' lang='lat' dir='ltr'><strong>justa</strong></span> <span class='ocrx_word' id='word_1_306' title='bbox 490 2370 648 2441; x_wconf 86' lang='lat' dir='ltr'><strong>terminari,</strong></span> <span class='ocrx_word' id='word_1_307' title='bbox 663 2370 714 2426; x_wconf 90' lang='lat' dir='ltr'><strong>nbi</strong></span> <span class='ocrx_word' id='word_1_308' title='bbox 733 2371 822 2427; x_wconf 83' lang='lat' dir='ltr'><strong>fuerit</strong></span> <span class='ocrx_word' id='word_1_309' title='bbox 844 2387 1023 2427; x_wconf 89' lang='lat' dir='ltr'><strong>summorum</strong></span> <span class='ocrx_word' id='word_1_310' title='bbox 1074 2372 1190 2444; x_wconf 89' lang='lat' dir='ltr'><strong>propria</strong></span> <span class='ocrx_word' id='word_1_311' title='bbox 1212 2371 1358 2427; x_wconf 82' lang='lat' dir='ltr'><strong>firmitate.</strong></span> <span class='ocrx_word' id='word_1_312' title='bbox 1382 2371 1505 2427; x_wconf 83' lang='lat' dir='ltr'><strong>Crescite</strong></span> <span class='ocrx_word' id='word_1_313' title='bbox 1529 2387 1595 2427; x_wconf 79' lang='lat' dir='ltr'><strong>vero</strong></span> <span class='ocrx_word' id='word_1_314' title='bbox 1625 2370 1655 2426; x_wconf 94' lang='lat' dir='ltr'><strong>in</strong></span> <span class='ocrx_word' id='word_1_315' title='bbox 1680 2370 1775 2441; x_wconf 89' lang='lat' dir='ltr'><strong>gratia</strong></span> <span class='ocrx_word' id='word_1_316' title='bbox 1795 2374 1828 2426; x_wconf 89' lang='grc'><strong>11</strong></span> <span class='ocrx_word' id='word_1_317' title='bbox 1850 2386 1894 2426; x_wconf 94' lang='lat' dir='ltr'><strong>co-</strong></span> 
     </span>
     <span class='ocr_line' id='line_1_25' title="bbox 206 2463 1894 2538; baseline -0.002 -17"><span class='ocrx_word' id='word_1_318' title='bbox 206 2467 381 2538; x_wconf 89' lang='lat' dir='ltr'><strong>congregata</strong></span> <span class='ocrx_word' id='word_1_319' title='bbox 394 2464 591 2537; x_wconf 88' lang='lat' dir='ltr'><strong>congregatio,</strong></span> <span class='ocrx_word' id='word_1_320' title='bbox 601 2481 666 2536; x_wconf 75' lang='lat' dir='ltr'><strong>quae</strong></span> <span class='ocrx_word' id='word_1_321' title='bbox 676 2480 728 2536; x_wconf 91' lang='lat' dir='ltr'><strong>per</strong></span> <span class='ocrx_word' id='word_1_322' title='bbox 743 2465 871 2536; x_wconf 89' lang='lat' dir='ltr'><strong>singulos</strong></span> <span class='ocrx_word' id='word_1_323' title='bbox 884 2480 974 2520; x_wconf 92' lang='lat' dir='ltr'><strong>annos</strong></span> <span class='ocrx_word' id='word_1_324' title='bbox 982 2465 1025 2520; x_wconf 90' lang='lat' dir='ltr'><strong>bis</strong></span> <span class='ocrx_word' id='word_1_325' title='bbox 1074 2465 1202 2537; x_wconf 90' lang='lat' dir='ltr'><strong>gnitioue</strong></span> <span class='ocrx_word' id='word_1_326' title='bbox 1225 2464 1339 2521; x_wconf 89' lang='lat' dir='ltr'><strong>Domini</strong></span> <span class='ocrx_word' id='word_1_327' title='bbox 1360 2465 1450 2519; x_wconf 90' lang='lat' dir='ltr'><strong>nostri</strong></span> <span class='ocrx_word' id='word_1_328' title='bbox 1471 2466 1536 2521; x_wconf 85' lang='lat' dir='ltr'><strong>tesu</strong></span> <span class='ocrx_word' id='word_1_329' title='bbox 1563 2463 1667 2520; x_wconf 86' lang='lat' dir='ltr'><strong>Christi</strong></span> <span class='ocrx_word' id='word_1_330' title='bbox 1689 2466 1719 2519; x_wconf 91' lang='lat' dir='ltr'><strong>et</strong></span> <span class='ocrx_word' id='word_1_331' title='bbox 1740 2463 1894 2520; x_wconf 76' lang='lat' dir='ltr'><strong>salvatoris</strong></span> 
     </span>
     <span class='ocr_line' id='line_1_26' title="bbox 206 2557 1894 2630; baseline -0.001 -16"><span class='ocrx_word' id='word_1_332' title='bbox 206 2557 268 2614; x_wconf 87' lang='lat' dir='ltr'><strong>lteri</strong></span> <span class='ocrx_word' id='word_1_333' title='bbox 279 2559 352 2614; x_wconf 88' lang='lat' dir='ltr'><strong>solet</strong></span> <span class='ocrx_word' id='word_1_334' title='bbox 364 2560 393 2613; x_wconf 91' lang='lat' dir='ltr'><strong>et</strong></span> <span class='ocrx_word' id='word_1_335' title='bbox 407 2557 503 2628; x_wconf 91' lang='lat' dir='ltr'><strong>debet,</strong></span> <span class='ocrx_word' id='word_1_336' title='bbox 512 2558 589 2630; x_wconf 78' lang='lat' dir='ltr'><strong>J&#39;nste</strong></span> <span class='ocrx_word' id='word_1_337' title='bbox 607 2561 637 2614; x_wconf 90' lang='grc'><strong>11</strong></span> <span class='ocrx_word' id='word_1_338' title='bbox 656 2557 715 2614; x_wconf 92' lang='lat' dir='ltr'><strong>Deo</strong></span> <span class='ocrx_word' id='word_1_339' title='bbox 734 2558 836 2630; x_wconf 89' lang='lat' dir='ltr'><strong>placite</strong></span> <span class='ocrx_word' id='word_1_340' title='bbox 856 2574 953 2614; x_wconf 90' lang='lat' dir='ltr'><strong>coram</strong></span> <span class='ocrx_word' id='word_1_341' title='bbox 972 2575 1022 2630; x_wconf 90' lang='lat' dir='ltr'><strong>pa·</strong></span> <span class='ocrx_word' id='word_1_342' title='bbox 1074 2558 1112 2628; x_wconf 86' lang='grc' dir='ltr'><strong>(Π</strong></span> <span class='ocrx_word' id='word_1_343' title='bbox 1122 2560 1197 2614; x_wconf 88' lang='lat' dir='ltr'><strong>Petr.</strong></span> <span class='ocrx_word' id='word_1_344' title='bbox 1210 2574 1252 2628; x_wconf 83' lang='lat' dir='ltr'><strong>nr,</strong></span> <span class='ocrx_word' id='word_1_345' title='bbox 1268 2558 1434 2630; x_wconf 78' lang='grc'>11).»«1111</span> <span class='ocrx_word' id='word_1_346' title='bbox 1448 2562 1553 2626; x_wconf 88' lang='lat' dir='ltr'><strong>autem,</strong></span> <span class='ocrx_word' id='word_1_347' title='bbox 1567 2557 1736 2627; x_wconf 87' lang='lat' dir='ltr'><strong>charissimi,</strong></span> <span class='ocrx_word' id='word_1_348' title='bbox 1748 2570 1894 2613; x_wconf 88' lang='lat' dir='ltr'><strong>memores</strong></span> 
     </span>
     <span class='ocr_line' id='line_1_27' title="bbox 206 2649 1894 2723; baseline -0.001 -17"><span class='ocrx_word' id='word_1_349' title='bbox 206 2651 390 2707; x_wconf 89' lang='lat' dir='ltr'><strong>triarchaaut</strong></span> <span class='ocrx_word' id='word_1_350' title='bbox 404 2651 527 2723; x_wconf 90' lang='lat' dir='ltr'><strong>primate</strong></span> <span class='ocrx_word' id='word_1_351' title='bbox 542 2651 732 2707; x_wconf 89' lang='lat' dir='ltr'><strong>ecclesiastico</strong></span> <span class='ocrx_word' id='word_1_352' title='bbox 744 2654 773 2707; x_wconf 90' lang='lat' dir='ltr'><strong>et</strong></span> <span class='ocrx_word' id='word_1_353' title='bbox 787 2667 884 2706; x_wconf 92' lang='lat' dir='ltr'><strong>coram</strong></span> <span class='ocrx_word' id='word_1_354' title='bbox 903 2651 1023 2723; x_wconf 82' lang='lat' dir='ltr'><strong>pahicio</strong></span> <span class='ocrx_word' id='word_1_355' title='bbox 1074 2655 1163 2707; x_wconf 90' lang='lat' dir='ltr'><strong>estote</strong></span> <span class='ocrx_word' id='word_1_356' title='bbox 1179 2651 1344 2719; x_wconf 83' lang='lat' dir='ltr'><strong>verborum,</strong></span> <span class='ocrx_word' id='word_1_357' title='bbox 1360 2667 1424 2722; x_wconf 80' lang='lat' dir='ltr'><strong>qnae</strong></span> <span class='ocrx_word' id='word_1_358' title='bbox 1448 2649 1587 2722; x_wconf 78' lang='lat' dir='ltr'><strong>praedicta</strong></span> <span class='ocrx_word' id='word_1_359' title='bbox 1609 2654 1676 2705; x_wconf 90' lang='lat' dir='ltr'><strong>sunt</strong></span> <span class='ocrx_word' id='word_1_360' title='bbox 1697 2649 1732 2704; x_wconf 90' lang='lat' dir='ltr'><strong>ab</strong></span> <span class='ocrx_word' id='word_1_361' title='bbox 1757 2649 1894 2723; x_wconf 86' lang='lat' dir='ltr'><strong>apostolis</strong></span> 
     </span>
     <span class='ocr_line' id='line_1_28' title="bbox 185 2730 1896 2816; baseline -0.001 -17"><span class='ocrx_word' id='word_1_362' title='bbox 185 2730 333 2809; x_wconf 74' lang='lat' dir='ltr'><strong>lsaeculari</strong></span> <span class='ocrx_word' id='word_1_363' title='bbox 351 2743 515 2816; x_wconf 87' lang='lat' dir='ltr'><strong>judicentur</strong></span> <span class='ocrx_word' id='word_1_364' title='bbox 533 2744 651 2816; x_wconf 89' lang='lat' dir='ltr'><strong>negotia</strong></span> <span class='ocrx_word' id='word_1_365' title='bbox 673 2744 703 2799; x_wconf 94' lang='lat' dir='ltr'><strong>in</strong></span> <span class='ocrx_word' id='word_1_366' title='bbox 722 2759 888 2801; x_wconf 91' lang='lat' dir='ltr'><strong>commune.</strong></span> <span class='ocrx_word' id='word_1_367' title='bbox 904 2744 986 2809; x_wconf 88' lang='lat' dir='ltr'><strong>Quod</strong></span> <span class='ocrx_word' id='word_1_368' title='bbox 1001 2744 1025 2799; x_wconf 91' lang='lat' dir='ltr'><strong>si</strong></span> <span class='ocrx_word' id='word_1_369' title='bbox 1074 2745 1191 2801; x_wconf 86' lang='lat' dir='ltr'><strong>Domini</strong></span> <span class='ocrx_word' id='word_1_370' title='bbox 1207 2745 1296 2800; x_wconf 91' lang='lat' dir='ltr'><strong>nostri</strong></span> <span class='ocrx_word' id='word_1_371' title='bbox 1312 2747 1379 2801; x_wconf 85' lang='lat' dir='ltr'><strong>lesu</strong></span> <span class='ocrx_word' id='word_1_372' title='bbox 1392 2743 1506 2811; x_wconf 83' lang='lat' dir='ltr'><strong>Christi,</strong></span> <span class='ocrx_word' id='word_1_373' title='bbox 1521 2744 1571 2816; x_wconf 85' lang='lat' dir='ltr'><strong>qui</strong></span> <span class='ocrx_word' id='word_1_374' title='bbox 1585 2743 1715 2800; x_wconf 88' lang='lat' dir='ltr'><strong>dicebaut</strong></span> <span class='ocrx_word' id='word_1_375' title='bbox 1726 2741 1811 2799; x_wconf 84' lang='lat' dir='ltr'><strong>vobis</strong></span> <span class='ocrx_word' id='word_1_376' title='bbox 1826 2759 1896 2816; x_wconf 83' lang='lat' dir='ltr'><strong>quo</strong></span> 
     </span>
     <span class='ocr_line' id='line_1_29' title="bbox 169 2836 1896 2919; baseline 0.001 -27"><span class='ocrx_word' id='word_1_377' title='bbox 169 2912 172 2919; x_wconf 68' lang='lat'><strong>.</strong></span> <span class='ocrx_word' id='word_1_378' title='bbox 206 2836 381 2892; x_wconf 81' lang='lat' dir='ltr'><strong>difficiliores</strong></span> <span class='ocrx_word' id='word_1_379' title='bbox 390 2840 459 2892; x_wconf 78' lang='grc'>11111</span> <span class='ocrx_word' id='word_1_380' title='bbox 468 2836 576 2893; x_wconf 84' lang='lat' dir='ltr'><strong>fuerint</strong></span> <span class='ocrx_word' id='word_1_381' title='bbox 583 2837 755 2909; x_wconf 78' lang='lat' dir='ltr'><strong>quaestiones</strong></span> <span class='ocrx_word' id='word_1_382' title='bbox 766 2842 815 2893; x_wconf 88' lang='lat' dir='ltr'><strong>aut</strong></span> <span class='ocrx_word' id='word_1_383' title='bbox 822 2838 1024 2910; x_wconf 88' lang='lat' dir='ltr'><strong>episcoporum</strong></span> <span class='ocrx_word' id='word_1_384' title='bbox 1074 2838 1153 2894; x_wconf 90' lang='lat' dir='ltr'><strong>uiam</strong></span> <span class='ocrx_word' id='word_1_385' title='bbox 1169 2838 1199 2893; x_wconf 93' lang='lat' dir='ltr'><strong>in</strong></span> <span class='ocrx_word' id='word_1_386' title='bbox 1210 2837 1363 2894; x_wconf 87' lang='lat' dir='ltr'><strong>novissimo</strong></span> <span class='ocrx_word' id='word_1_387' title='bbox 1376 2840 1508 2911; x_wconf 88' lang='lat' dir='ltr'><strong>tempore</strong></span> <span class='ocrx_word' id='word_1_388' title='bbox 1520 2837 1635 2893; x_wconf 82' lang='lat' dir='ltr'><strong>venient</strong></span> <span class='ocrx_word' id='word_1_389' title='bbox 1647 2836 1778 2892; x_wconf 88' lang='lat' dir='ltr'><strong>illusores</strong></span> <span class='ocrx_word' id='word_1_390' title='bbox 1795 2852 1896 2893; x_wconf 88' lang='lat' dir='ltr'><strong>socun-</strong></span> 
     </span>
     <span class='ocr_line' id='line_1_30' title="bbox 187 2929 1896 3005; baseline -0.001 -20"><span class='ocrx_word' id='word_1_391' title='bbox 187 2931 249 3005; x_wconf 53' lang='lat' dir='ltr'><strong>,vel</strong></span> <span class='ocrx_word' id='word_1_392' title='bbox 264 2930 406 3002; x_wconf 88' lang='lat' dir='ltr'><strong>majorum</strong></span> <span class='ocrx_word' id='word_1_393' title='bbox 421 2929 530 3002; x_wconf 88' lang='lat' dir='ltr'><strong>judicia</strong></span> <span class='ocrx_word' id='word_1_394' title='bbox 542 2935 592 2985; x_wconf 91' lang='lat' dir='ltr'><strong>aut</strong></span> <span class='ocrx_word' id='word_1_395' title='bbox 606 2930 730 3003; x_wconf 88' lang='lat' dir='ltr'><strong>majores</strong></span> <span class='ocrx_word' id='word_1_396' title='bbox 744 2946 836 2986; x_wconf 76' lang='lat' dir='ltr'><strong>cauare</strong></span> <span class='ocrx_word' id='word_1_397' title='bbox 849 2931 968 3001; x_wconf 89' lang='lat' dir='ltr'><strong>luerint,</strong></span> <span class='ocrx_word' id='word_1_398' title='bbox 987 2931 1024 2986; x_wconf 90' lang='lat' dir='ltr'><strong>ad</strong></span> <span class='ocrx_word' id='word_1_399' title='bbox 1074 2931 1144 2988; x_wconf 90' lang='lat' dir='ltr'><strong>dum</strong></span> <span class='ocrx_word' id='word_1_400' title='bbox 1158 2931 1298 2989; x_wconf 91' lang='lat' dir='ltr'><strong>desideria</strong></span> <span class='ocrx_word' id='word_1_401' title='bbox 1309 2948 1361 2987; x_wconf 91' lang='lat' dir='ltr'><strong>sua</strong></span> <span class='ocrx_word' id='word_1_402' title='bbox 1376 2929 1557 2987; x_wconf 90' lang='lat' dir='ltr'><strong>ambulantes</strong></span> <span class='ocrx_word' id='word_1_403' title='bbox 1568 2930 1600 2985; x_wconf 94' lang='lat' dir='ltr'><strong>in</strong></span> <span class='ocrx_word' id='word_1_404' title='bbox 1614 2930 1772 3004; x_wconf 82' lang='lat' dir='ltr'><strong>impietate.</strong></span> <span class='ocrx_word' id='word_1_405' title='bbox 1782 2929 1820 2986; x_wconf 86' lang='lat' dir='ltr'><strong>Hi</strong></span> <span class='ocrx_word' id='word_1_406' title='bbox 1829 2930 1896 2986; x_wconf 90' lang='lat' dir='ltr'><strong>sunt</strong></span> 
     </span>
     <span class='ocr_line' id='line_1_31' title="bbox 207 3022 1896 3098; baseline -0.001 -18.022"><span class='ocrx_word' id='word_1_407' title='bbox 207 3023 313 3080; x_wconf 89' lang='lat' dir='ltr'><strong>Sedem</strong></span> <span class='ocrx_word' id='word_1_408' title='bbox 325 3023 551 3096; x_wconf 88' lang='lat' dir='ltr'><strong>apostolicam,si</strong></span> <span class='ocrx_word' id='word_1_409' title='bbox 561 3024 734 3096; x_wconf 90' lang='lat' dir='ltr'><strong>appellatum</strong></span> <span class='ocrx_word' id='word_1_410' title='bbox 744 3024 841 3094; x_wconf 89' lang='grc'>111111,</span> <span class='ocrx_word' id='word_1_411' title='bbox 853 3025 1023 3093; x_wconf 85' lang='lat' dir='ltr'><strong>reserantur,</strong></span> <span class='ocrx_word' id='word_1_412' title='bbox 1075 3024 1124 3098; x_wconf 89' lang='lat' dir='ltr'><strong>qni</strong></span> <span class='ocrx_word' id='word_1_413' title='bbox 1135 3029 1288 3098; x_wconf 89' lang='lat' dir='ltr'><strong>segregant</strong></span> <span class='ocrx_word' id='word_1_414' title='bbox 1295 3023 1470 3097; x_wconf 91' lang='lat' dir='ltr'><strong>semetipsos,</strong></span> <span class='ocrx_word' id='word_1_415' title='bbox 1481 3023 1630 3092; x_wconf 91' lang='lat' dir='ltr'><strong>animales,</strong></span> <span class='ocrx_word' id='word_1_416' title='bbox 1637 3022 1770 3096; x_wconf 90' lang='lat' dir='ltr'><strong>spiritum</strong></span> <span class='ocrx_word' id='word_1_417' title='bbox 1778 3039 1839 3079; x_wconf 89' lang='lat' dir='ltr'><strong>non</strong></span> <span class='ocrx_word' id='word_1_418' title='bbox 1847 3022 1896 3078; x_wconf 89' lang='lat' dir='ltr'><strong>ba·</strong></span> 
     </span>
     <span class='ocr_line' id='line_1_32' title="bbox 207 3068 1897 3190; baseline 0 -18"><span class='ocrx_word' id='word_1_419' title='bbox 207 3117 342 3190; x_wconf 90' lang='lat' dir='ltr'><strong>quoniam</strong></span> <span class='ocrx_word' id='word_1_420' title='bbox 354 3116 474 3189; x_wconf 90' lang='lat' dir='ltr'><strong>apostoli</strong></span> <span class='ocrx_word' id='word_1_421' title='bbox 487 3117 542 3172; x_wconf 93' lang='lat' dir='ltr'><strong>hoc</strong></span> <span class='ocrx_word' id='word_1_422' title='bbox 555 3117 852 3189; x_wconf 87' lang='lat' dir='ltr'><strong>statueruntjnssione</strong></span> <span class='ocrx_word' id='word_1_423' title='bbox 861 3117 1023 3186; x_wconf 89' lang='lat' dir='ltr'><strong>Salvatoris,</strong></span> <span class='ocrx_word' id='word_1_424' title='bbox 1034 3068 1062 3144; x_wconf 72' lang='lat' dir='ltr'>C</span> <span class='ocrx_word' id='word_1_425' title='bbox 1074 3118 1184 3189; x_wconf 90' lang='lat' dir='ltr'><strong>bantes,</strong></span> <span class='ocrx_word' id='word_1_426' title='bbox 1197 3134 1247 3173; x_wconf 89' lang='lat' dir='ltr'><strong>vos</strong></span> <span class='ocrx_word' id='word_1_427' title='bbox 1259 3122 1366 3187; x_wconf 90' lang='lat' dir='ltr'><strong>autem,</strong></span> <span class='ocrx_word' id='word_1_428' title='bbox 1378 3117 1548 3185; x_wconf 88' lang='lat' dir='ltr'><strong>charissimi,</strong></span> <span class='ocrx_word' id='word_1_429' title='bbox 1563 3115 1823 3190; x_wconf 79' lang='lat' dir='ltr'><strong>superaedificantes</strong></span> <span class='ocrx_word' id='word_1_430' title='bbox 1835 3132 1897 3173; x_wconf 83' lang='lat' dir='ltr'><strong>vos·</strong></span> 
     </span>
     <span class='ocr_line' id='line_1_33' title="bbox 194 3209 1896 3284; baseline 0.001 -19"><span class='ocrx_word' id='word_1_431' title='bbox 194 3215 237 3273; x_wconf 72' lang='lat' dir='ltr'><strong>‚ut</strong></span> <span class='ocrx_word' id='word_1_432' title='bbox 250 3210 376 3283; x_wconf 78' lang='lat' dir='ltr'><strong>majores</strong></span> <span class='ocrx_word' id='word_1_433' title='bbox 388 3213 416 3266; x_wconf 92' lang='grc'><strong>11</strong></span> <span class='ocrx_word' id='word_1_434' title='bbox 427 3209 556 3266; x_wconf 86' lang='lat' dir='ltr'><strong>difficiles</strong></span> <span class='ocrx_word' id='word_1_435' title='bbox 566 3211 739 3283; x_wconf 68' lang='lat' dir='ltr'><strong>questiones</strong></span> <span class='ocrx_word' id='word_1_436' title='bbox 752 3227 868 3283; x_wconf 89' lang='lat' dir='ltr'><strong>semper</strong></span> <span class='ocrx_word' id='word_1_437' title='bbox 876 3212 911 3267; x_wconf 89' lang='lat' dir='ltr'><strong>ad</strong></span> <span class='ocrx_word' id='word_1_438' title='bbox 922 3211 1024 3268; x_wconf 89' lang='lat' dir='ltr'><strong>Sedem</strong></span> <span class='ocrx_word' id='word_1_439' title='bbox 1075 3211 1212 3284; x_wconf 91' lang='lat' dir='ltr'><strong>metipsos</strong></span> <span class='ocrx_word' id='word_1_440' title='bbox 1224 3212 1413 3280; x_wconf 71' lang='lat' dir='ltr'><strong>{sanctissimae</strong></span> <span class='ocrx_word' id='word_1_441' title='bbox 1426 3213 1528 3267; x_wconf 79' lang='lat' dir='ltr'><strong>restra</strong></span> <span class='ocrx_word' id='word_1_442' title='bbox 1542 3210 1609 3267; x_wconf 82' lang='lat' dir='ltr'><strong>fidei</strong></span> <span class='ocrx_word' id='word_1_443' title='bbox 1628 3210 1657 3266; x_wconf 95' lang='lat' dir='ltr'><strong>in</strong></span> <span class='ocrx_word' id='word_1_444' title='bbox 1671 3209 1776 3282; x_wconf 88' lang='lat' dir='ltr'><strong>Spiritu</strong></span> <span class='ocrx_word' id='word_1_445' title='bbox 1796 3213 1896 3267; x_wconf 87' lang='lat' dir='ltr'><strong>sancto</strong></span> 
     </span>
     <span class='ocr_line' id='line_1_34' title="bbox 179 3303 1897 3379; baseline 0.001 -21"><span class='ocrx_word' id='word_1_446' title='bbox 179 3332 196 3379; x_wconf 61' lang='grc' dir='ltr'><strong>,ι</strong></span> <span class='ocrx_word' id='word_1_447' title='bbox 207 3304 376 3360; x_wconf 85' lang='lat' dir='ltr'><strong>deferantur</strong></span> <span class='ocrx_word' id='word_1_448' title='bbox 387 3303 583 3376; x_wconf 89' lang='lat' dir='ltr'><strong>apostolicam,</strong></span> <span class='ocrx_word' id='word_1_449' title='bbox 599 3319 686 3375; x_wconf 92' lang='lat' dir='ltr'><strong>super</strong></span> <span class='ocrx_word' id='word_1_450' title='bbox 706 3320 792 3375; x_wconf 88' lang='lat' dir='ltr'><strong>quam</strong></span> <span class='ocrx_word' id='word_1_451' title='bbox 813 3303 941 3361; x_wconf 91' lang='lat' dir='ltr'><strong>Christus</strong></span> <span class='ocrx_word' id='word_1_452' title='bbox 960 3304 1024 3360; x_wconf 93' lang='lat' dir='ltr'><strong>uni·</strong></span> <span class='ocrx_word' id='word_1_453' title='bbox 1075 3309 1200 3362; x_wconf 87' lang='lat' dir='ltr'><strong>orantes.</strong></span> <span class='ocrx_word' id='word_1_454' title='bbox 1217 3307 1295 3378; x_wconf 85' lang='lat' dir='ltr'><strong>Ipsos</strong></span> <span class='ocrx_word' id='word_1_455' title='bbox 1306 3323 1355 3360; x_wconf 81' lang='lat' dir='ltr'><strong>ros</strong></span> <span class='ocrx_word' id='word_1_456' title='bbox 1373 3306 1403 3361; x_wconf 92' lang='lat' dir='ltr'><strong>in</strong></span> <span class='ocrx_word' id='word_1_457' title='bbox 1422 3305 1573 3362; x_wconf 89' lang='lat' dir='ltr'><strong>dilectione</strong></span> <span class='ocrx_word' id='word_1_458' title='bbox 1585 3303 1697 3361; x_wconf 85' lang='lat' dir='ltr'><strong>Domini</strong></span> <span class='ocrx_word' id='word_1_459' title='bbox 1713 3309 1836 3373; x_wconf 80' lang='lat' dir='ltr'><strong>serrata,</strong></span> <span class='ocrx_word' id='word_1_460' title='bbox 1850 3320 1897 3360; x_wconf 85' lang='lat' dir='ltr'><strong>ax·</strong></span> 
     </span>
     <span class='ocr_line' id='line_1_35' title="bbox 178 3384 1897 3470; baseline -0.001 -16"><span class='ocrx_word' id='word_1_461' title='bbox 178 3384 188 3445; x_wconf 79' lang='grc'><strong>’1</strong></span> <span class='ocrx_word' id='word_1_462' title='bbox 206 3413 318 3454; x_wconf 86' lang='lat' dir='ltr'><strong>versam</strong></span> <span class='ocrx_word' id='word_1_463' title='bbox 334 3396 1026 3470; x_wconf 74' lang='grc'>11111111111111111111,(1111111111111111111</span> <span class='ocrx_word' id='word_1_464' title='bbox 1075 3400 1236 3470; x_wconf 86' lang='lat' dir='ltr'><strong>spectantes</strong></span> <span class='ocrx_word' id='word_1_465' title='bbox 1247 3398 1475 3455; x_wconf 86' lang='lat' dir='ltr'><strong>misericordiam</strong></span> <span class='ocrx_word' id='word_1_466' title='bbox 1488 3397 1601 3454; x_wconf 90' lang='lat' dir='ltr'><strong>Domini</strong></span> <span class='ocrx_word' id='word_1_467' title='bbox 1613 3397 1779 3454; x_wconf 83' lang='grc'>1111111111</span> <span class='ocrx_word' id='word_1_468' title='bbox 1790 3394 1897 3453; x_wconf 85' lang='lat' dir='ltr'><strong>Christi</strong></span> 
     </span>
     <span class='ocr_line' id='line_1_36' title="bbox 191 3484 1896 3565; baseline 0.001 -19"><span class='ocrx_word' id='word_1_469' title='bbox 191 3484 364 3565; x_wconf 68' lang='lat' dir='ltr'><strong>&gt;principem</strong></span> <span class='ocrx_word' id='word_1_470' title='bbox 387 3491 584 3564; x_wconf 88' lang='lat' dir='ltr'><strong>apostolorum</strong></span> <span class='ocrx_word' id='word_1_471' title='bbox 605 3492 744 3546; x_wconf 90' lang='lat' dir='ltr'><strong>Petrum:</strong></span> <span class='ocrx_word' id='word_1_472' title='bbox 766 3511 780 3540; x_wconf 79' lang='lat' dir='ltr'><strong>a</strong></span> <span class='ocrx_word' id='word_1_473' title='bbox 800 3491 841 3545; x_wconf 85' lang='lat' dir='ltr'><strong>Tu</strong></span> <span class='ocrx_word' id='word_1_474' title='bbox 860 3505 890 3545; x_wconf 89' lang='lat' dir='ltr'><strong>es</strong></span> <span class='ocrx_word' id='word_1_475' title='bbox 912 3490 1023 3563; x_wconf 76' lang='lat' dir='ltr'><strong>(inquitt</strong></span> <span class='ocrx_word' id='word_1_476' title='bbox 1075 3492 1105 3547; x_wconf 92' lang='lat' dir='ltr'><strong>in</strong></span> <span class='ocrx_word' id='word_1_477' title='bbox 1118 3491 1206 3548; x_wconf 79' lang='lat' dir='ltr'><strong>vitam</strong></span> <span class='ocrx_word' id='word_1_478' title='bbox 1219 3494 1368 3548; x_wconf 73' lang='lat' dir='ltr'><strong>eternam.</strong></span> <span class='ocrx_word' id='word_1_479' title='bbox 1382 3493 1415 3548; x_wconf 84' lang='lat' dir='ltr'><strong>Et</strong></span> <span class='ocrx_word' id='word_1_480' title='bbox 1428 3492 1480 3548; x_wconf 90' lang='lat' dir='ltr'><strong>hos</strong></span> <span class='ocrx_word' id='word_1_481' title='bbox 1490 3491 1606 3564; x_wconf 86' lang='lat' dir='ltr'><strong>quidem</strong></span> <span class='ocrx_word' id='word_1_482' title='bbox 1618 3489 1730 3564; x_wconf 90' lang='lat' dir='ltr'><strong>arguite</strong></span> <span class='ocrx_word' id='word_1_483' title='bbox 1740 3489 1896 3562; x_wconf 84' lang='lat' dir='ltr'><strong>judicatos,</strong></span> 
     </span>
     <span class='ocr_line' id='line_1_37' title="bbox 204 3577 1897 3658; baseline 0.001 -18"><span class='ocrx_word' id='word_1_484' title='bbox 204 3577 316 3656; x_wconf 81' lang='lat' dir='ltr'><strong>Petms,</strong></span> <span class='ocrx_word' id='word_1_485' title='bbox 332 3588 361 3640; x_wconf 92' lang='lat' dir='ltr'><strong>et</strong></span> <span class='ocrx_word' id='word_1_486' title='bbox 381 3600 467 3656; x_wconf 91' lang='lat' dir='ltr'><strong>snper</strong></span> <span class='ocrx_word' id='word_1_487' title='bbox 481 3584 556 3639; x_wconf 91' lang='lat' dir='ltr'><strong>hanc</strong></span> <span class='ocrx_word' id='word_1_488' title='bbox 576 3587 688 3656; x_wconf 90' lang='lat' dir='ltr'><strong>petram</strong></span> <span class='ocrx_word' id='word_1_489' title='bbox 709 3583 855 3639; x_wconf 86' lang='lat' dir='ltr'><strong>oeditlcabo</strong></span> <span class='ocrx_word' id='word_1_490' title='bbox 877 3583 1025 3640; x_wconf 90' lang='lat' dir='ltr'><strong>ecclesiam</strong></span> <span class='ocrx_word' id='word_1_491' title='bbox 1075 3584 1289 3658; x_wconf 82' lang='lat' dir='ltr'><strong>illos15vero</strong></span> <span class='ocrx_word' id='word_1_492' title='bbox 1304 3586 1409 3642; x_wconf 83' lang='lat' dir='ltr'><strong>salvate</strong></span> <span class='ocrx_word' id='word_1_493' title='bbox 1422 3586 1458 3641; x_wconf 91' lang='lat' dir='ltr'><strong>de</strong></span> <span class='ocrx_word' id='word_1_494' title='bbox 1472 3585 1540 3656; x_wconf 90' lang='lat' dir='ltr'><strong>igne</strong></span> <span class='ocrx_word' id='word_1_495' title='bbox 1554 3584 1709 3657; x_wconf 87' lang='lat' dir='ltr'><strong>rapientes,</strong></span> <span class='ocrx_word' id='word_1_496' title='bbox 1724 3583 1787 3640; x_wconf 89' lang='lat' dir='ltr'><strong>aliis</strong></span> <span class='ocrx_word' id='word_1_497' title='bbox 1798 3589 1897 3641; x_wconf 87' lang='lat' dir='ltr'><strong>autem</strong></span> 
     </span>
     <span class='ocr_line' id='line_1_38' title="bbox 206 3676 1898 3750; baseline -0.001 -16"><span class='ocrx_word' id='word_1_498' title='bbox 206 3693 303 3734; x_wconf 87' lang='lat' dir='ltr'><strong>meam</strong></span> <span class='ocrx_word' id='word_1_499' title='bbox 315 3678 422 3749; x_wconf 86' lang='grc'>(111111.</span> <span class='ocrx_word' id='word_1_500' title='bbox 436 3693 491 3746; x_wconf 82' lang='grc'>111,</span> <span class='ocrx_word' id='word_1_501' title='bbox 509 3677 563 3748; x_wconf 85' lang='grc'>18),</span> <span class='ocrx_word' id='word_1_502' title='bbox 573 3679 623 3732; x_wconf 85' lang='lat' dir='ltr'><strong>»et</strong></span> <span class='ocrx_word' id='word_1_503' title='bbox 635 3676 754 3749; x_wconf 88' lang='lat' dir='ltr'><strong>reliqua.</strong></span> <span class='ocrx_word' id='word_1_504' title='bbox 770 3676 813 3733; x_wconf 91' lang='lat' dir='ltr'><strong>Sit</strong></span> <span class='ocrx_word' id='word_1_505' title='bbox 822 3693 900 3749; x_wconf 91' lang='lat' dir='ltr'><strong>ergo,</strong></span> <span class='ocrx_word' id='word_1_506' title='bbox 912 3678 1024 3744; x_wconf 83' lang='lat' dir='ltr'><strong>tratres,</strong></span> <span class='ocrx_word' id='word_1_507' title='bbox 1076 3679 1251 3734; x_wconf 89' lang='lat' dir='ltr'><strong>miseremini</strong></span> <span class='ocrx_word' id='word_1_508' title='bbox 1261 3678 1415 3750; x_wconf 85' lang='lat' dir='ltr'><strong>intimare,</strong></span> <span class='ocrx_word' id='word_1_509' title='bbox 1424 3678 1552 3735; x_wconf 88' lang='lat' dir='ltr'><strong>odientes</strong></span> <span class='ocrx_word' id='word_1_510' title='bbox 1562 3693 1627 3733; x_wconf 89' lang='lat' dir='ltr'><strong>eam</strong></span> <span class='ocrx_word' id='word_1_511' title='bbox 1641 3693 1706 3750; x_wconf 78' lang='lat' dir='ltr'><strong>qua</strong></span> <span class='ocrx_word' id='word_1_512' title='bbox 1719 3676 1846 3733; x_wconf 86' lang='lat' dir='ltr'><strong>carnalis</strong></span> <span class='ocrx_word' id='word_1_513' title='bbox 1854 3680 1898 3733; x_wconf 87' lang='lat' dir='ltr'><strong>est</strong></span> 
     </span>
     <span class='ocr_line' id='line_1_39' title="bbox 206 3770 1898 3844; baseline -0.001 -17"><span class='ocrx_word' id='word_1_514' title='bbox 206 3771 366 3829; x_wconf 89' lang='lat' dir='ltr'><strong>constantia</strong></span> <span class='ocrx_word' id='word_1_515' title='bbox 380 3770 623 3827; x_wconf 88' lang='lat' dir='ltr'><strong>nostraadversns</strong></span> <span class='ocrx_word' id='word_1_516' title='bbox 643 3770 842 3826; x_wconf 86' lang='lat' dir='ltr'><strong>contentiones</strong></span> <span class='ocrx_word' id='word_1_517' title='bbox 862 3770 1025 3844; x_wconf 87' lang='lat' dir='ltr'><strong>eorumqui</strong></span> <span class='ocrx_word' id='word_1_518' title='bbox 1075 3773 1246 3828; x_wconf 84' lang='lat' dir='ltr'><strong>maculatam</strong></span> <span class='ocrx_word' id='word_1_519' title='bbox 1260 3771 1397 3828; x_wconf 87' lang='lat' dir='ltr'><strong>tunicam.</strong></span> <span class='ocrx_word' id='word_1_520' title='bbox 1411 3772 1442 3830; x_wconf 86' lang='lat' dir='ltr'><strong>Ei</strong></span> <span class='ocrx_word' id='word_1_521' title='bbox 1465 3774 1563 3827; x_wconf 90' lang='lat' dir='ltr'><strong>autern</strong></span> <span class='ocrx_word' id='word_1_522' title='bbox 1585 3770 1634 3844; x_wconf 83' lang='lat' dir='ltr'><strong>qui</strong></span> <span class='ocrx_word' id='word_1_523' title='bbox 1656 3775 1760 3843; x_wconf 85' lang='lat' dir='ltr'><strong>potens</strong></span> <span class='ocrx_word' id='word_1_524' title='bbox 1781 3775 1827 3828; x_wconf 88' lang='lat' dir='ltr'><strong>est</strong></span> <span class='ocrx_word' id='word_1_525' title='bbox 1844 3786 1898 3826; x_wconf 79' lang='lat' dir='ltr'><strong>sos</strong></span> 
     </span>
     <span class='ocr_line' id='line_1_40' title="bbox 206 3863 1896 3937; baseline -0.002 -16"><span class='ocrx_word' id='word_1_526' title='bbox 206 3865 324 3921; x_wconf 81' lang='lat' dir='ltr'><strong>adversa</strong></span> <span class='ocrx_word' id='word_1_527' title='bbox 338 3864 454 3937; x_wconf 88' lang='lat' dir='ltr'><strong>sapiunt</strong></span> <span class='ocrx_word' id='word_1_528' title='bbox 466 3868 495 3920; x_wconf 91' lang='lat' dir='ltr'><strong>et</strong></span> <span class='ocrx_word' id='word_1_529' title='bbox 506 3879 565 3918; x_wconf 93' lang='lat' dir='ltr'><strong>non</strong></span> <span class='ocrx_word' id='word_1_530' title='bbox 580 3879 644 3936; x_wconf 79' lang='lat' dir='ltr'><strong>quaa</strong></span> <span class='ocrx_word' id='word_1_531' title='bbox 658 3863 709 3920; x_wconf 90' lang='lat' dir='ltr'><strong>Dei</strong></span> <span class='ocrx_word' id='word_1_532' title='bbox 722 3868 789 3919; x_wconf 88' lang='lat' dir='ltr'><strong>sunt</strong></span> <span class='ocrx_word' id='word_1_533' title='bbox 803 3865 928 3935; x_wconf 90' lang='lat' dir='ltr'><strong>sapiunt,</strong></span> <span class='ocrx_word' id='word_1_534' title='bbox 935 3868 965 3919; x_wconf 94' lang='lat' dir='ltr'><strong>et</strong></span> <span class='ocrx_word' id='word_1_535' title='bbox 972 3864 1026 3919; x_wconf 88' lang='lat' dir='ltr'><strong>erit</strong></span> <span class='ocrx_word' id='word_1_536' title='bbox 1075 3880 1243 3920; x_wconf 84' lang='lat' dir='ltr'><strong>conservare</strong></span> <span class='ocrx_word' id='word_1_537' title='bbox 1257 3864 1318 3920; x_wconf 90' lang='lat' dir='ltr'><strong>sine</strong></span> <span class='ocrx_word' id='word_1_538' title='bbox 1330 3870 1456 3937; x_wconf 90' lang='lat' dir='ltr'><strong>peccato,</strong></span> <span class='ocrx_word' id='word_1_539' title='bbox 1471 3867 1500 3920; x_wconf 92' lang='lat' dir='ltr'><strong>et</strong></span> <span class='ocrx_word' id='word_1_540' title='bbox 1512 3863 1685 3920; x_wconf 86' lang='lat' dir='ltr'><strong>constituere</strong></span> <span class='ocrx_word' id='word_1_541' title='bbox 1695 3866 1762 3920; x_wconf 79' lang='lat' dir='ltr'><strong>ante</strong></span> <span class='ocrx_word' id='word_1_542' title='bbox 1773 3878 1896 3936; x_wconf 84' lang='lat' dir='ltr'><strong>conspe·</strong></span> 
     </span>
     <span class='ocr_line' id='line_1_41' title="bbox 206 3955 1898 4029; baseline -0.001 -17"><span class='ocrx_word' id='word_1_543' title='bbox 206 3958 307 4014; x_wconf 83' lang='lat' dir='ltr'><strong>tortior</strong></span> <span class='ocrx_word' id='word_1_544' title='bbox 320 3961 402 4029; x_wconf 90' lang='lat' dir='ltr'><strong>petra</strong></span> <span class='ocrx_word' id='word_1_545' title='bbox 420 3956 580 4013; x_wconf 89' lang='lat' dir='ltr'><strong>constantia</strong></span> <span class='ocrx_word' id='word_1_546' title='bbox 598 3958 704 4024; x_wconf 90' lang='lat' dir='ltr'><strong>nostra,</strong></span> <span class='ocrx_word' id='word_1_547' title='bbox 721 3956 793 4010; x_wconf 91' lang='lat' dir='ltr'><strong>sicut</strong></span> <span class='ocrx_word' id='word_1_548' title='bbox 814 3955 952 4027; x_wconf 91' lang='lat' dir='ltr'><strong>scriptum</strong></span> <span class='ocrx_word' id='word_1_549' title='bbox 973 3959 1024 4023; x_wconf 89' lang='lat' dir='ltr'><strong>est,</strong></span> <span class='ocrx_word' id='word_1_550' title='bbox 1075 3961 1154 4013; x_wconf 93' lang='lat' dir='ltr'><strong>ctum</strong></span> <span class='ocrx_word' id='word_1_551' title='bbox 1167 3957 1266 4027; x_wconf 73' lang='lat' dir='ltr'><strong>glorie</strong></span> <span class='ocrx_word' id='word_1_552' title='bbox 1281 3973 1340 4013; x_wconf 82' lang='lat' dir='ltr'><strong>suoe</strong></span> <span class='ocrx_word' id='word_1_553' title='bbox 1354 3957 1555 4014; x_wconf 89' lang='lat' dir='ltr'><strong>immaculatos</strong></span> <span class='ocrx_word' id='word_1_554' title='bbox 1575 3957 1606 4013; x_wconf 93' lang='lat' dir='ltr'><strong>in</strong></span> <span class='ocrx_word' id='word_1_555' title='bbox 1629 3955 1829 4026; x_wconf 86' lang='lat' dir='ltr'><strong>exsultatione,</strong></span> <span class='ocrx_word' id='word_1_556' title='bbox 1842 3956 1898 4013; x_wconf 88' lang='lat' dir='ltr'><strong>soti</strong></span> 
     </span>
     <span class='ocr_line' id='line_1_42' title="bbox 207 4047 1898 4124; baseline 0.001 -18"><span class='ocrx_word' id='word_1_557' title='bbox 207 4067 244 4106; x_wconf 92' lang='lat' dir='ltr'><strong>ne</strong></span> <span class='ocrx_word' id='word_1_558' title='bbox 257 4050 409 4107; x_wconf 90' lang='lat' dir='ltr'><strong>timueritis</strong></span> <span class='ocrx_word' id='word_1_559' title='bbox 422 4048 520 4117; x_wconf 89' lang='lat' dir='ltr'><strong>abeis,</strong></span> <span class='ocrx_word' id='word_1_560' title='bbox 531 4064 625 4119; x_wconf 85' lang='lat' dir='ltr'><strong>neque</strong></span> <span class='ocrx_word' id='word_1_561' title='bbox 638 4047 803 4102; x_wconf 88' lang='lat' dir='ltr'><strong>terreamini</strong></span> <span class='ocrx_word' id='word_1_562' title='bbox 817 4048 912 4103; x_wconf 88' lang='grc'>111111</span> <span class='ocrx_word' id='word_1_563' title='bbox 925 4064 1027 4104; x_wconf 86' lang='lat' dir='ltr'><strong>eorum</strong></span> <span class='ocrx_word' id='word_1_564' title='bbox 1075 4049 1132 4105; x_wconf 90' lang='lat' dir='ltr'><strong>Deo</strong></span> <span class='ocrx_word' id='word_1_565' title='bbox 1147 4049 1283 4106; x_wconf 79' lang='lat' dir='ltr'><strong>Salvatori</strong></span> <span class='ocrx_word' id='word_1_566' title='bbox 1296 4055 1393 4107; x_wconf 92' lang='lat' dir='ltr'><strong>nostro</strong></span> <span class='ocrx_word' id='word_1_567' title='bbox 1407 4053 1565 4124; x_wconf 82' lang='lat' dir='ltr'><strong>pertesum</strong></span> <span class='ocrx_word' id='word_1_568' title='bbox 1577 4050 1722 4110; x_wconf 84' lang='lat' dir='ltr'><strong>Christum</strong></span> <span class='ocrx_word' id='word_1_569' title='bbox 1739 4050 1898 4107; x_wconf 85' lang='lat' dir='ltr'><strong>Dominum</strong></span> 
     </span>
     <span class='ocr_line' id='line_1_43' title="bbox 208 4140 1897 4217; baseline 0.002 -21"><span class='ocrx_word' id='word_1_570' title='bbox 208 4142 257 4214; x_wconf 89' lang='lat' dir='ltr'><strong>qui</strong></span> <span class='ocrx_word' id='word_1_571' title='bbox 275 4157 378 4212; x_wconf 92' lang='lat' dir='ltr'><strong>corpus</strong></span> <span class='ocrx_word' id='word_1_572' title='bbox 401 4140 543 4207; x_wconf 90' lang='lat' dir='ltr'><strong>occidunt,</strong></span> <span class='ocrx_word' id='word_1_573' title='bbox 561 4140 688 4195; x_wconf 88' lang='lat' dir='ltr'><strong>animam</strong></span> <span class='ocrx_word' id='word_1_574' title='bbox 708 4143 804 4195; x_wconf 88' lang='lat' dir='ltr'><strong>autern</strong></span> <span class='ocrx_word' id='word_1_575' title='bbox 827 4155 886 4196; x_wconf 94' lang='lat' dir='ltr'><strong>non</strong></span> <span class='ocrx_word' id='word_1_576' title='bbox 907 4144 1027 4212; x_wconf 90' lang='lat' dir='ltr'><strong>possunt</strong></span> <span class='ocrx_word' id='word_1_577' title='bbox 1075 4147 1207 4199; x_wconf 90' lang='lat' dir='ltr'><strong>nostrum</strong></span> <span class='ocrx_word' id='word_1_578' title='bbox 1220 4143 1321 4215; x_wconf 89' lang='lat' dir='ltr'><strong>gloria,</strong></span> <span class='ocrx_word' id='word_1_579' title='bbox 1338 4144 1563 4216; x_wconf 87' lang='lat' dir='ltr'><strong>magnificentia,</strong></span> <span class='ocrx_word' id='word_1_580' title='bbox 1580 4147 1609 4200; x_wconf 93' lang='lat' dir='ltr'><strong>et</strong></span> <span class='ocrx_word' id='word_1_581' title='bbox 1621 4143 1786 4217; x_wconf 84' lang='lat' dir='ltr'><strong>imperium,</strong></span> <span class='ocrx_word' id='word_1_582' title='bbox 1800 4148 1830 4200; x_wconf 86' lang='lat' dir='ltr'><strong>at</strong></span> <span class='ocrx_word' id='word_1_583' title='bbox 1848 4159 1897 4216; x_wconf 94' lang='lat' dir='ltr'><strong>po·</strong></span> 
     </span>
     <span class='ocr_line' id='line_1_44' title="bbox 208 4232 1897 4310; baseline 0.002 -20"><span class='ocrx_word' id='word_1_584' title='bbox 208 4233 346 4290; x_wconf 89' lang='lat' dir='ltr'><strong>occidere.</strong></span> <span class='ocrx_word' id='word_1_585' title='bbox 363 4232 446 4298; x_wconf 84' lang='lat' dir='ltr'><strong>Quod</strong></span> <span class='ocrx_word' id='word_1_586' title='bbox 459 4236 556 4289; x_wconf 89' lang='lat' dir='ltr'><strong>autem</strong></span> <span class='ocrx_word' id='word_1_587' title='bbox 569 4233 600 4287; x_wconf 92' lang='lat' dir='ltr'><strong>in</strong></span> <span class='ocrx_word' id='word_1_588' title='bbox 613 4247 682 4289; x_wconf 90' lang='lat' dir='ltr'><strong>aure</strong></span> <span class='ocrx_word' id='word_1_589' title='bbox 703 4232 816 4302; x_wconf 90' lang='lat' dir='ltr'><strong>auditis,</strong></span> <span class='ocrx_word' id='word_1_590' title='bbox 832 4233 982 4305; x_wconf 80' lang='lat' dir='ltr'><strong>predicate</strong></span> <span class='ocrx_word' id='word_1_591' title='bbox 994 4234 1025 4290; x_wconf 91' lang='lat' dir='ltr'><strong>in</strong></span> <span class='ocrx_word' id='word_1_592' title='bbox 1074 4239 1238 4292; x_wconf 90' lang='lat' dir='ltr'><strong>testasante</strong></span> <span class='ocrx_word' id='word_1_593' title='bbox 1252 4238 1351 4294; x_wconf 88' lang='lat' dir='ltr'><strong>omnia</strong></span> <span class='ocrx_word' id='word_1_594' title='bbox 1360 4238 1474 4310; x_wconf 84' lang='grc'>1111111,</span> <span class='ocrx_word' id='word_1_595' title='bbox 1488 4253 1565 4295; x_wconf 87' lang='grc'>1111</span> <span class='ocrx_word' id='word_1_596' title='bbox 1578 4241 1607 4295; x_wconf 87' lang='grc'><strong>11</strong></span> <span class='ocrx_word' id='word_1_597' title='bbox 1620 4253 1672 4310; x_wconf 84' lang='lat' dir='ltr'><strong>per</strong></span> <span class='ocrx_word' id='word_1_598' title='bbox 1684 4236 1781 4295; x_wconf 87' lang='lat' dir='ltr'><strong>amula</strong></span> <span class='ocrx_word' id='word_1_599' title='bbox 1795 4236 1897 4293; x_wconf 74' lang='lat' dir='ltr'><strong>secula</strong></span> 
     </span>
     <span class='ocr_line' id='line_1_45' title="bbox 207 4324 1595 4404; baseline 0.004 -23"><span class='ocrx_word' id='word_1_600' title='bbox 207 4325 327 4395; x_wconf 89' lang='lat' dir='ltr'><strong>lumine,</strong></span> <span class='ocrx_word' id='word_1_601' title='bbox 337 4326 421 4383; x_wconf 91' lang='lat' dir='ltr'><strong>illum</strong></span> <span class='ocrx_word' id='word_1_602' title='bbox 429 4326 563 4382; x_wconf 89' lang='lat' dir='ltr'><strong>timentes</strong></span> <span class='ocrx_word' id='word_1_603' title='bbox 577 4325 626 4399; x_wconf 89' lang='lat' dir='ltr'><strong>qui</strong></span> <span class='ocrx_word' id='word_1_604' title='bbox 635 4324 866 4397; x_wconf 89' lang='lat' dir='ltr'><strong>potestanimam</strong></span> <span class='ocrx_word' id='word_1_605' title='bbox 879 4329 909 4382; x_wconf 89' lang='lat' dir='ltr'><strong>et</strong></span> <span class='ocrx_word' id='word_1_606' title='bbox 922 4343 1025 4400; x_wconf 88' lang='lat' dir='ltr'><strong>corpus</strong></span> <span class='ocrx_word' id='word_1_607' title='bbox 1075 4330 1255 4386; x_wconf 76' lang='lat' dir='ltr'><strong>soeculorum.</strong></span> <span class='ocrx_word' id='word_1_608' title='bbox 1270 4332 1459 4403; x_wconf 80' lang='grc'>1111111111.</span> <span class='ocrx_word' id='word_1_609' title='bbox 1474 4348 1494 4403; x_wconf 86' lang='grc' dir='ltr'><strong>ι,</strong></span> <span class='ocrx_word' id='word_1_610' title='bbox 1511 4332 1564 4404; x_wconf 85' lang='grc'>17).</span> <span class='ocrx_word' id='word_1_611' title='bbox 1581 4352 1595 4381; x_wconf 75' lang='lat' dir='ltr'><strong>s</strong></span> 
     </span>
     <span class='ocr_line' id='line_1_46' title="bbox 207 4418 1024 4492; baseline 0.001 -16"><span class='ocrx_word' id='word_1_612' title='bbox 207 4418 345 4490; x_wconf 89' lang='lat' dir='ltr'><strong>occidere,</strong></span> <span class='ocrx_word' id='word_1_613' title='bbox 359 4423 388 4478; x_wconf 92' lang='lat' dir='ltr'><strong>et</strong></span> <span class='ocrx_word' id='word_1_614' title='bbox 399 4419 516 4477; x_wconf 88' lang='lat' dir='ltr'><strong>mittere</strong></span> <span class='ocrx_word' id='word_1_615' title='bbox 529 4419 558 4476; x_wconf 94' lang='lat' dir='ltr'><strong>in</strong></span> <span class='ocrx_word' id='word_1_616' title='bbox 572 4419 745 4492; x_wconf 84' lang='lat' dir='ltr'><strong>gehennam.</strong></span> <span class='ocrx_word' id='word_1_617' title='bbox 762 4419 874 4478; x_wconf 85' lang='lat' dir='ltr'><strong>Fratres</strong></span> <span class='ocrx_word' id='word_1_618' title='bbox 885 4420 952 4492; x_wconf 92' lang='lat' dir='ltr'><strong>mei,</strong></span> <span class='ocrx_word' id='word_1_619' title='bbox 965 4441 980 4471; x_wconf 90' lang='lat'>«</span> <span class='ocrx_word' id='word_1_620' title='bbox 992 4421 1024 4476; x_wconf 89' lang='lat' dir='ltr'><strong>in</strong></span> 
     </span>
    </p>
   </div>
   <div class='ocr_carea' id='block_1_3' title="bbox 896 4593 1183 4611">
    <p class='ocr_par' dir='ltr' id='par_1_3' title="bbox 896 4593 1183 4611">
     <span class='ocr_line' id='line_1_47' title="bbox 896 4593 1183 4611; baseline 0.007 -3"><span class='ocrx_word' id='word_1_621' title='bbox 896 4593 1183 4611; x_wconf 51' lang='lat' dir='ltr'><strong>m</strong></span> 
     </span>
    </p>
   </div>
   <div class='ocr_carea' id='block_1_4' title="bbox 636 4757 1464 4838">
    <p class='ocr_par' dir='ltr' id='par_1_4' title="bbox 636 4757 1464 4838">
     <span class='ocr_line' id='line_1_48' title="bbox 636 4757 1464 4838; baseline -0.001 -3"><span class='ocrx_word' id='word_1_622' title='bbox 636 4757 751 4836; x_wconf 86' lang='lat' dir='ltr'><strong>ITEM</strong></span> <span class='ocrx_word' id='word_1_623' title='bbox 782 4758 1012 4838; x_wconf 84' lang='lat' dir='ltr'>EPISTOLA</span> <span class='ocrx_word' id='word_1_624' title='bbox 1037 4762 1279 4838; x_wconf 86' lang='lat' dir='ltr'><strong>ANACLETI</strong></span> <span class='ocrx_word' id='word_1_625' title='bbox 1311 4761 1464 4835; x_wconf 85' lang='lat' dir='ltr'><strong>PAPAE.</strong></span> 
     </span>
    </p>
   </div>
   <div class='ocr_carea' id='block_1_5' title="bbox 247 4906 1856 5097">
    <p class='ocr_par' dir='ltr' id='par_1_5' title="bbox 247 4906 1856 5097">
     <span class='ocr_line' id='line_1_49' title="bbox 247 4906 1856 5000; baseline -0.004 -20"><span class='ocrx_word' id='word_1_626' title='bbox 247 4910 295 4980; x_wconf 81' lang='lat' dir='ltr'><strong>Ite</strong></span> <span class='ocrx_word' id='word_1_627' title='bbox 312 4909 517 4978; x_wconf 80' lang='lat' dir='ltr'><strong>ordinatione</strong></span> <span class='ocrx_word' id='word_1_628' title='bbox 531 4911 848 4998; x_wconf 81' lang='lat' dir='ltr'><strong>archiepiscoporum</strong></span> <span class='ocrx_word' id='word_1_629' title='bbox 860 4924 892 4980; x_wconf 87' lang='lat' dir='ltr'><strong>et</strong></span> <span class='ocrx_word' id='word_1_630' title='bbox 904 4916 1106 4998; x_wconf 78' lang='lat' dir='ltr'><strong>reliquorum</strong></span> <span class='ocrx_word' id='word_1_631' title='bbox 1121 4917 1357 5000; x_wconf 83' lang='lat' dir='ltr'><strong>episcoporum,</strong></span> <span class='ocrx_word' id='word_1_632' title='bbox 1379 4921 1476 4996; x_wconf 82' lang='lat' dir='ltr'><strong>atque</strong></span> <span class='ocrx_word' id='word_1_633' title='bbox 1490 4909 1706 4976; x_wconf 81' lang='lat' dir='ltr'><strong>sacerdotum.</strong></span> <span class='ocrx_word' id='word_1_634' title='bbox 1721 4907 1771 4976; x_wconf 87' lang='lat' dir='ltr'><strong>De</strong></span> <span class='ocrx_word' id='word_1_635' title='bbox 1779 4906 1856 4989; x_wconf 74' lang='lat' dir='ltr'><strong>tide,</strong></span> 
     </span>
     <span class='ocr_line' id='line_1_50' title="bbox 889 5016 1216 5097; baseline -0.006 -19"><span class='ocrx_word' id='word_1_636' title='bbox 889 5016 1075 5097; x_wconf 74' lang='lat' dir='ltr'><strong>ceterisque</strong></span> <span class='ocrx_word' id='word_1_637' title='bbox 1096 5016 1216 5079; x_wconf 83' lang='lat' dir='ltr'><strong>causis.</strong></span> 
     </span>
    </p>
   </div>
   <div class='ocr_carea' id='block_1_6' title="bbox 206 5175 1902 5818">
    <p class='ocr_par' dir='ltr' id='par_1_6' title="bbox 207 5175 1899 5344">
     <span class='ocr_line' id='line_1_51' title="bbox 243 5175 1898 5268; baseline -0.003 -37"><span class='ocrx_word' id='word_1_638' title='bbox 243 5179 404 5234; x_wconf 77' lang='grc'>11111111</span> <span class='ocrx_word' id='word_1_639' title='bbox 429 5177 578 5251; x_wconf 90' lang='lat' dir='ltr'><strong>episcopus</strong></span> <span class='ocrx_word' id='word_1_640' title='bbox 600 5179 738 5238; x_wconf 80' lang='lat' dir='ltr'><strong>universis</strong></span> <span class='ocrx_word' id='word_1_641' title='bbox 751 5180 889 5253; x_wconf 86' lang='lat' dir='ltr'><strong>episcopis</strong></span> <span class='ocrx_word' id='word_1_642' title='bbox 904 5178 934 5236; x_wconf 93' lang='lat' dir='ltr'><strong>in</strong></span> <span class='ocrx_word' id='word_1_643' title='bbox 949 5180 1067 5268; x_wconf 78' lang='lat' dir='ltr'><strong>ltalial)</strong></span> <span class='ocrx_word' id='word_1_644' title='bbox 1077 5181 1188 5238; x_wconf 88' lang='lat' dir='ltr'><strong>honore</strong></span> <span class='ocrx_word' id='word_1_645' title='bbox 1202 5182 1232 5238; x_wconf 90' lang='lat' dir='ltr'><strong>et</strong></span> <span class='ocrx_word' id='word_1_646' title='bbox 1244 5177 1391 5236; x_wconf 75' lang='lat' dir='ltr'><strong>uncuute</strong></span> <span class='ocrx_word' id='word_1_647' title='bbox 1406 5177 1532 5234; x_wconf 88' lang='lat' dir='ltr'><strong>minores</strong></span> <span class='ocrx_word' id='word_1_648' title='bbox 1544 5191 1617 5245; x_wconf 90' lang='lat' dir='ltr'><strong>esse,</strong></span> <span class='ocrx_word' id='word_1_649' title='bbox 1630 5178 1659 5231; x_wconf 89' lang='lat' dir='ltr'><strong>et</strong></span> <span class='ocrx_word' id='word_1_650' title='bbox 1673 5175 1829 5246; x_wconf 86' lang='lat' dir='ltr'><strong>propterea</strong></span> <span class='ocrx_word' id='word_1_651' title='bbox 1838 5184 1898 5227; x_wconf 91' lang='lat' dir='ltr'><strong>om·</strong></span> 
     </span>
     <span class='ocr_line' id='line_1_52' title="bbox 207 5261 1899 5344; baseline -0.006 -14"><span class='ocrx_word' id='word_1_652' title='bbox 207 5270 376 5330; x_wconf 88' lang='lat' dir='ltr'><strong>constitutis.</strong></span> <span class='ocrx_word' id='word_1_653' title='bbox 1076 5275 1147 5331; x_wconf 91' lang='lat' dir='ltr'><strong>nino</strong></span> <span class='ocrx_word' id='word_1_654' title='bbox 1171 5272 1349 5342; x_wconf 79' lang='lat' dir='ltr'><strong>festinamus,</strong></span> <span class='ocrx_word' id='word_1_655' title='bbox 1370 5271 1459 5328; x_wconf 90' lang='lat' dir='ltr'><strong>atad</strong></span> <span class='ocrx_word' id='word_1_656' title='bbox 1482 5270 1603 5344; x_wconf 87' lang='lat' dir='ltr'><strong>gloriam</strong></span> <span class='ocrx_word' id='word_1_657' title='bbox 1625 5267 1687 5339; x_wconf 88' lang='lat' dir='ltr'><strong>ejus</strong></span> <span class='ocrx_word' id='word_1_658' title='bbox 1712 5261 1899 5322; x_wconf 81' lang='lat' dir='ltr'><strong>beatitudinis</strong></span> 
     </span>
    </p>

    <p class='ocr_par' dir='ltr' id='par_1_7' title="bbox 206 5353 1902 5818">
     <span class='ocr_line' id='line_1_53' title="bbox 241 5353 1899 5442; baseline -0.005 -20"><span class='ocrx_word' id='word_1_659' title='bbox 241 5365 381 5432; x_wconf 83' lang='lat' dir='ltr'><strong>Quoniam</strong></span> <span class='ocrx_word' id='word_1_660' title='bbox 409 5364 569 5437; x_wconf 79' lang='lat' dir='ltr'><strong>apostolicae</strong></span> <span class='ocrx_word' id='word_1_661' title='bbox 601 5364 666 5422; x_wconf 89' lang='lat' dir='ltr'><strong>Sedi</strong></span> <span class='ocrx_word' id='word_1_662' title='bbox 692 5365 816 5423; x_wconf 89' lang='lat' dir='ltr'><strong>debitam</strong></span> <span class='ocrx_word' id='word_1_663' title='bbox 837 5367 1027 5426; x_wconf 82' lang='lat' dir='ltr'><strong>reverentiam</strong></span> <span class='ocrx_word' id='word_1_664' title='bbox 1077 5367 1225 5442; x_wconf 83' lang='lat' dir='ltr'><strong>pervenire</strong></span> <span class='ocrx_word' id='word_1_665' title='bbox 1250 5367 1401 5440; x_wconf 88' lang='lat' dir='ltr'><strong>possimus.</strong></span> <span class='ocrx_word' id='word_1_666' title='bbox 1416 5365 1506 5439; x_wconf 90' lang='lat' dir='ltr'><strong>lgitur</strong></span> <span class='ocrx_word' id='word_1_667' title='bbox 1526 5359 1781 5420; x_wconf 85' lang='lat' dir='ltr'><strong>consultationibus</strong></span> <span class='ocrx_word' id='word_1_668' title='bbox 1798 5353 1899 5415; x_wconf 74' lang='lat' dir='ltr'><strong>vesnia</strong></span> 
     </span>
     <span class='ocr_line' id='line_1_54' title="bbox 206 5447 1899 5534; baseline -0.007 -17"><span class='ocrx_word' id='word_1_669' title='bbox 206 5477 274 5534; x_wconf 89' lang='lat' dir='ltr'><strong>erga</strong></span> <span class='ocrx_word' id='word_1_670' title='bbox 287 5476 333 5515; x_wconf 90' lang='lat' dir='ltr'><strong>me</strong></span> <span class='ocrx_word' id='word_1_671' title='bbox 347 5458 471 5514; x_wconf 90' lang='lat' dir='ltr'><strong>charitas</strong></span> <span class='ocrx_word' id='word_1_672' title='bbox 483 5463 578 5514; x_wconf 82' lang='lat' dir='ltr'><strong>restra</strong></span> <span class='ocrx_word' id='word_1_673' title='bbox 597 5458 752 5530; x_wconf 86' lang='lat' dir='ltr'><strong>distribuit,</strong></span> <span class='ocrx_word' id='word_1_674' title='bbox 770 5459 838 5533; x_wconf 86' lang='lat' dir='ltr'><strong>quta</strong></span> <span class='ocrx_word' id='word_1_675' title='bbox 857 5458 1025 5533; x_wconf 88' lang='lat' dir='ltr'><strong>plurimum,</strong></span> <span class='ocrx_word' id='word_1_676' title='bbox 1078 5459 1189 5534; x_wconf 89' lang='lat' dir='ltr'><strong>plenius</strong></span> <span class='ocrx_word' id='word_1_677' title='bbox 1202 5461 1442 5534; x_wconf 88' lang='lat' dir='ltr'><strong>respondissemus</strong></span> <span class='ocrx_word' id='word_1_678' title='bbox 1461 5454 1484 5514; x_wconf 89' lang='lat' dir='ltr'><strong>sl</strong></span> <span class='ocrx_word' id='word_1_679' title='bbox 1502 5457 1636 5525; x_wconf 88' lang='lat' dir='ltr'><strong>licuisset,</strong></span> <span class='ocrx_word' id='word_1_680' title='bbox 1653 5454 1703 5513; x_wconf 90' lang='lat' dir='ltr'><strong>sed</strong></span> <span class='ocrx_word' id='word_1_681' title='bbox 1720 5447 1899 5509; x_wconf 81' lang='lat' dir='ltr'><strong>infirmitatis</strong></span> 
     </span>
     <span class='ocr_line' id='line_1_55' title="bbox 207 5542 1899 5628; baseline -0.005 -19"><span class='ocrx_word' id='word_1_682' title='bbox 207 5552 364 5609; x_wconf 90' lang='lat' dir='ltr'><strong>charissimi</strong></span> <span class='ocrx_word' id='word_1_683' title='bbox 384 5551 446 5620; x_wconf 85' lang='lat' dir='ltr'><strong>tilii,</strong></span> <span class='ocrx_word' id='word_1_684' title='bbox 474 5549 644 5624; x_wconf 81' lang='lat' dir='ltr'><strong>praebuistis.</strong></span> <span class='ocrx_word' id='word_1_685' title='bbox 664 5552 735 5608; x_wconf 86' lang='lat' dir='ltr'><strong>Nam</strong></span> <span class='ocrx_word' id='word_1_686' title='bbox 753 5552 821 5609; x_wconf 90' lang='grc'>11111</span> <span class='ocrx_word' id='word_1_687' title='bbox 847 5555 976 5613; x_wconf 82' lang='lat' dir='ltr'><strong>Ecclesise</strong></span> <span class='ocrx_word' id='word_1_688' title='bbox 997 5555 1027 5611; x_wconf 94' lang='lat' dir='ltr'><strong>in</strong></span> <span class='ocrx_word' id='word_1_689' title='bbox 1077 5572 1108 5612; x_wconf 90' lang='grc'><strong>11</strong></span> <span class='ocrx_word' id='word_1_690' title='bbox 1123 5555 1300 5628; x_wconf 80' lang='lat' dir='ltr'><strong>reliquarum</strong></span> <span class='ocrx_word' id='word_1_691' title='bbox 1314 5553 1533 5628; x_wconf 86' lang='lat' dir='ltr'><strong>oppressionum</strong></span> <span class='ocrx_word' id='word_1_692' title='bbox 1546 5565 1633 5609; x_wconf 89' lang='lat' dir='ltr'><strong>onere</strong></span> <span class='ocrx_word' id='word_1_693' title='bbox 1647 5547 1747 5621; x_wconf 86' lang='lat' dir='ltr'><strong>pressi,</strong></span> <span class='ocrx_word' id='word_1_694' title='bbox 1761 5542 1899 5613; x_wconf 76' lang='lat' dir='ltr'><strong>breviter,</strong></span> 
     </span>
     <span class='ocr_line' id='line_1_56' title="bbox 207 5636 1901 5722; baseline -0.002 -22"><span class='ocrx_word' id='word_1_695' title='bbox 207 5662 263 5716; x_wconf 87' lang='lat' dir='ltr'><strong>qua</strong></span> <span class='ocrx_word' id='word_1_696' title='bbox 276 5651 390 5702; x_wconf 90' lang='lat' dir='ltr'><strong>sanctus</strong></span> <span class='ocrx_word' id='word_1_697' title='bbox 404 5644 548 5715; x_wconf 88' lang='lat' dir='ltr'><strong>apostolus</strong></span> <span class='ocrx_word' id='word_1_698' title='bbox 561 5643 687 5700; x_wconf 88' lang='lat' dir='ltr'><strong>residens</strong></span> <span class='ocrx_word' id='word_1_699' title='bbox 705 5645 801 5702; x_wconf 91' lang='lat' dir='ltr'><strong>docuit</strong></span> <span class='ocrx_word' id='word_1_700' title='bbox 813 5646 1026 5722; x_wconf 88' lang='lat' dir='ltr'><strong>quodammodo</strong></span> <span class='ocrx_word' id='word_1_701' title='bbox 1077 5652 1163 5721; x_wconf 89' lang='lat' dir='ltr'><strong>prout</strong></span> <span class='ocrx_word' id='word_1_702' title='bbox 1177 5648 1314 5706; x_wconf 82' lang='lat' dir='ltr'><strong>Dominus</strong></span> <span class='ocrx_word' id='word_1_703' title='bbox 1326 5646 1435 5716; x_wconf 88' lang='lat' dir='ltr'><strong>tribuit,</strong></span> <span class='ocrx_word' id='word_1_704' title='bbox 1453 5650 1482 5704; x_wconf 91' lang='lat' dir='ltr'><strong>et</strong></span> <span class='ocrx_word' id='word_1_705' title='bbox 1496 5649 1529 5704; x_wconf 91' lang='lat' dir='ltr'><strong>ut</strong></span> <span class='ocrx_word' id='word_1_706' title='bbox 1541 5658 1558 5702; x_wconf 86' lang='lat' dir='ltr'><strong>a</strong></span> <span class='ocrx_word' id='word_1_707' title='bbox 1570 5645 1655 5701; x_wconf 88' lang='lat' dir='ltr'><strong>beato</strong></span> <span class='ocrx_word' id='word_1_708' title='bbox 1667 5644 1750 5721; x_wconf 71' lang='lat' dir='ltr'><strong>Detro</strong></span> <span class='ocrx_word' id='word_1_709' title='bbox 1768 5636 1901 5712; x_wconf 75' lang='lat' dir='ltr'><strong>principe</strong></span> 
     </span>
     <span class='ocr_line' id='line_1_57' title="bbox 208 5723 1902 5818; baseline 0.003 -26"><span class='ocrx_word' id='word_1_710' title='bbox 208 5754 258 5792; x_wconf 87' lang='lat' dir='ltr'><strong>nos</strong></span> <span class='ocrx_word' id='word_1_711' title='bbox 281 5738 472 5807; x_wconf 89' lang='lat' dir='ltr'><strong>gubernacula</strong></span> <span class='ocrx_word' id='word_1_712' title='bbox 496 5723 656 5806; x_wconf 86' lang='lat' dir='ltr'><strong>teneamus,</strong></span> <span class='ocrx_word' id='word_1_713' title='bbox 671 5742 764 5795; x_wconf 77' lang='lat' dir='ltr'><strong>tanim</strong></span> <span class='ocrx_word' id='word_1_714' title='bbox 787 5743 956 5818; x_wconf 85' lang='lat' dir='ltr'><strong>proittemnr</strong></span> <span class='ocrx_word' id='word_1_715' title='bbox 974 5760 1027 5800; x_wconf 87' lang='lat' dir='ltr'><strong>nos</strong></span> <span class='ocrx_word' id='word_1_716' title='bbox 1077 5743 1271 5814; x_wconf 89' lang='lat' dir='ltr'><strong>apostolorum</strong></span> <span class='ocrx_word' id='word_1_717' title='bbox 1295 5758 1393 5799; x_wconf 89' lang='lat' dir='ltr'><strong>sumus</strong></span> <span class='ocrx_word' id='word_1_718' title='bbox 1414 5740 1553 5811; x_wconf 87' lang='lat' dir='ltr'><strong>instructi,</strong></span> <span class='ocrx_word' id='word_1_719' title='bbox 1575 5757 1592 5794; x_wconf 88' lang='grc'><strong>1</strong></span> <span class='ocrx_word' id='word_1_720' title='bbox 1616 5753 1673 5813; x_wconf 82' lang='lat' dir='ltr'><strong>quo</strong></span> <span class='ocrx_word' id='word_1_721' title='bbox 1697 5740 1726 5791; x_wconf 80' lang='lat' dir='ltr'><strong>et</strong></span> <span class='ocrx_word' id='word_1_722' title='bbox 1748 5731 1902 5806; x_wconf 62' lang='lat' dir='ltr'><strong>pwssbtw</strong></span> 
     </span>
    </p>
   </div>
   <div class='ocr_carea' id='block_1_7' title="bbox 0 0 1948 6148">
    <p class='ocr_par' dir='ltr' id='par_1_8' title="bbox 0 0 1948 6148">
     <span class='ocr_line' id='line_1_58' title="bbox 0 0 1948 6148; baseline 0 0"><span class='ocrx_word' id='word_1_723' title='bbox 0 0 1948 6148; x_wconf 95' lang='lat' dir='ltr'><strong> </strong></span> 
     </span>
    </p>
   </div>
  </div>
 </body>
</html>
