3870 6150
622 227 858 285 nccnnrltruu
877 228 1071 285 COLLECTlO.
1439 248 1448 258 ’
1551 243 1553 246 ’
1635 236 1686 294 594

103 344 127 387 te
138 329 366 402 increpationem
381 330 482 402 recipit
495 347 547 387 nec
562 333 692 389 salutem.
708 335 742 388 Et
756 334 820 390 ideo
832 347 862 421 Α
872 339 900 392 ct
913 353 947 391 ex
958 337 1011 392 hoc
1023 337 1216 394 ecclesiasticis
1234 339 1320 396 rebus
1338 343 1389 395 eut
1404 341 1568 412 neglectum
1582 342 1687 399 laboris
1739 322 1741 326 λ

103 422 207 479 taliter
220 439 305 496 mam
319 423 425 479 dictum
440 429 482 479 est
501 425 651 495 predictos
666 427 819 483 honorabi-
871 429 1012 499 exhibuit,
1021 432 1685 505 autminorationem,velperditioneminduxit,

103 514 190 572 bditos
204 516 317 571 licentia
331 519 472 587 perceptos
485 519 631 588 potestatis
644 518 744 588 elatus,
760 537 819 575 ma·
871 522 1011 595 quidquid
1031 523 1062 578 in
1081 524 1165 578 rebus
1184 526 1309 587 ecclesia
1322 526 1427 580 minuit
1442 527 1483 581 illi
1495 527 1635 597 restituat,
1653 545 1686 584 ex

103 606 193 664 tntum
212 609 366 664 crediderit
384 609 585 678 verberandos,
600 611 684 682 juxta
702 614 820 669 modum
870 616 951 687 cujus
964 615 1050 671 rebus
1058 620 1143 687 atque
1155 617 1299 688 suffragiis
1308 635 1373 674 suos
1380 620 1619 677 convictusfuerit
1628 638 1687 678 am·

103 717 160 758 um
177 718 263 772 quem
278 701 415 770 intulerit,
430 704 757 761 excommunicationem
771 723 819 778 pa·
871 708 976 780 pliasse
986 704 1199 774 labores.Quod
1207 708 1335 784 si146
1343 712 1511 784 aliquidpro
1518 713 1687 770 utilitatibus

103 798 119 849 t
132 794 225 851 exsilii
239 795 410 851 sententiam
422 796 582 852 sustinebit.
872 801 999 857 eeclesia
1013 805 1063 857 aut
1078 802 1244 857 substantie
1264 804 1408 874 expendit,
1424 809 1473 860 aut
1488 805 1629 877 dispendi,
1642 808 1687 863 vel

111 888 184 961 Oisia
197 904 257 943 non
275 888 395 956 expedit,
412 893 443 943 nt
464 889 570 944 donum
588 891 678 945 sancti
701 892 820 962 Spiritus
870 895 1037 967 perditionis
1051 895 1200 967 quippiam
1210 896 1285 964 tulit,
1295 897 1319 951 si
1332 896 1387 952 hoc
1397 899 1579 969 comprobari
1588 905 1687 972 potue·

103 979 135 1036 iis
154 985 347 1053 comparetur,
364 995 530 1053 quanquam
552 1000 587 1037 ex
611 984 664 1038 hoc
686 985 818 1056 antiquo·
869 988 917 1054 rit,
934 991 1025 1044 totum
1041 988 1111 1043 illia
1125 989 1209 1043 rebus
1227 989 1354 1044 ecclesia.
1374 991 1500 1060 ejusdem
1514 991 1685 1048 reformabi-

103 1090 230 1130 anonum
250 1074 406 1146 disciplinae
425 1079 562 1131 maneant
580 1076 706 1146 diversae,
723 1081 819 1133 tamen
870 1085 926 1149 tur,
943 1097 995 1152 pro
1013 1081 1093 1151 cujus
1115 1080 1285 1136 utilitatibus
1305 1081 1335 1137 id
1350 1083 1515 1153 expendisse
1536 1085 1684 1155 probatur.

103 1187 210 1228 neccsse
238 1176 280 1227 est
303 1177 334 1227 ut
356 1172 532 1244 frequentius
557 1174 726 1230 retundatur
743 1176 820 1246 quod
869 1173 976 1229 Gratias
998 1173 1093 1244 itaque
1117 1172 1311 1244 omnipotenti
1332 1175 1511 1246 peragimus,
1534 1179 1598 1248 post
1624 1177 1686 1232 hac
1763 1166 1765 1170 ’

103 1265 290 1321 itermissione
304 1265 498 1336 praesumitur,
515 1266 579 1322 ideo
597 1267 717 1323 novella
735 1268 820 1339 hujus
869 1266 906 1321 sit
928 1282 995 1337 pax,
1011 1267 1095 1336 salus,
1114 1269 1142 1320 et
1161 1266 1331 1322 diuturnitas
1352 1267 1492 1337 piissimo,
1514 1272 1543 1323 ct
1564 1271 1685 1346 amatori

103 1357 194 1415 dionis
230 1359 384 1415 formulam
417 1359 597 1416 instituentes
628 1360 818 1429 decernimus,
869 1359 973 1415 Christi
987 1358 1105 1414 domino
1117 1365 1214 1414 nostro
1224 1360 1382 1416 Wamhano
1397 1361 1469 1433 regi,
1483 1362 1564 1431 cujus
1574 1362 1686 1418 devotio

103 1466 169 1524 ique
206 1467 259 1523 pro
295 1452 468 1508 conferendo
508 1452 642 1524 cuiquam
682 1455 820 1510 sacerdoti
870 1469 922 1508 nos
936 1452 972 1507 ad
992 1451 1046 1508 hoe
1063 1452 1210 1508 decretum
1224 1453 1404 1509 salutiferum
1422 1455 1597 1523 convocarit,
1610 1455 1684 1513 divi·

103 1587 108 1612 ,
133 1549 183 1600 aut
206 1562 311 1599 munus
333 1546 524 1618 quodeunque
548 1550 598 1602 aut
620 1547 820 1617 promissiones
868 1545 1686 1619 nampostulantesclementiam,utgloriaChristiregnnm
1772 1616 1775 1624 Ι

103 1636 135 1695 ris
155 1641 310 1709 numquam
334 1639 481 1694 ordinetur
500 1640 648 1709 acceperit,
668 1641 712 1695 vel
733 1640 820 1695 etiam
870 1638 930 1708 ejus
945 1639 1110 1694 corroboret
1121 1654 1213 1709 usque
1224 1639 1261 1694 ud
1273 1639 1406 1695 ultimam
1416 1642 1603 1709 senectutem,
1614 1658 1686 1713 prae-
1774 1656 1787 1666 '⁷

103 1746 160 1786 ram
188 1731 335 1787 ordinatus
359 1732 446 1786 luerit
468 1732 499 1786 in
524 1713 618 1804 aliquo
641 1749 670 1786 se
692 1750 743 1803 pro
767 1708 858 1788 hocss
870 1735 962 1786 stante
975 1732 1046 1802 ipso,
1063 1732 1113 1804 qui
1126 1747 1192 1787 eum
1204 1733 1287 1787 Patre
1303 1737 1332 1786 et
1344 1733 1451 1803 Spiritu
1467 1737 1566 1789 sancto
1579 1735 1648 1791 vivit
1657 1742 1687 1791 et

103 1825 294 1896 resumpserit
313 1825 467 1894 munerari,
484 1824 540 1880 sive
559 1825 608 1896 qui
630 1825 748 1894 dederit,
762 1826 821 1880 sive
871 1825 1012 1896 gloriatur
1029 1825 1059 1880 in
1079 1825 1214 1880 Trinitate
1236 1827 1320 1893 Deus,
1336 1825 1366 1879 in
1386 1827 1488 1881 saecnla
1507 1827 1683 1884 saeculorum.

103 1915 124 1972 ri
145 1917 296 1989 acceperit,
314 1919 398 1988 juxta
416 1918 588 1972 sententiam
608 1917 822 1974 calcedonensis
871 1920 972 1972 Amen.
987 1917 1136 1988 Leodigius
1152 1918 1183 1972 in
1203 1917 1306 1973 Christi
1324 1918 1440 1974 nominc
1455 1919 1605 1991 episcopus
1617 1921 1684 1976 sub·

103 2008 129 2077 ii,
142 2009 250 2080 gradus
265 2010 308 2064 sui
320 2010 480 2081 periculum
492 2009 650 2079 sustinebit.
871 2009 1113 2081 scripsi.Julianus
1122 2010 1153 2065 in
1163 2010 1267 2066 Christi
1277 2011 1395 2065 nomine
1405 2011 1553 2083 episcopus
1563 2012 1683 2070 subscri·

103 2142 108 2156 .
121 2101 185 2157 Non
198 2101 281 2156 decet
291 2107 415 2157 rectores
423 2102 552 2157 ecclesia
565 2102 593 2156 in
608 2084 664 2156 suis
678 2105 820 2171 strenuos,
870 2102 923 2175 psi.
942 2103 1089 2158 Genitirus
1109 2104 1139 2157 in
1153 2103 1258 2159 Christi
1275 2104 1393 2160 nomine
1407 2105 1546 2160 ludensis
1559 2106 1684 2163 ecclesias

103 2193 287 2250 eclesiasticis
309 2196 393 2250 rebus
411 2212 471 2250 esse
496 2195 639 2250 remissos.
664 2196 735 2250 Nam
749 2213 820 2267 quo·
871 2195 1018 2266 episcopus
1037 2195 1198 2266 subscripsi.
1214 2196 1361 2250 Froaricus
1375 2197 1433 2252 [leo
1449 2197 1569 2268 jubente
1584 2200 1684 2254 Portu·
1699 2221 1703 2230 ·

103 2303 141 2342 un
155 2288 246 2342 fertur
260 2288 357 2358 opinio
374 2289 449 2359 quod
463 2288 579 2358 quidam
592 2286 769 2343 sacerdotum
782 2290 821 2343 la·
872 2287 996 2359 galensis
1010 2289 1295 2359 ecclcsiaeepiscopus
1308 2289 1370 2344 sub.
1387 2290 1453 2345 Beia
1468 2291 1498 2345 in
1511 2291 1616 2346 Christi
1632 2308 1683 2347 no·
1722 2276 1724 2283 ¹

121 2381 247 2436 ccclesia
270 2382 309 2435 sic.
328 2381 358 2434 in
380 2382 437 2436 suis
456 2381 600 2436 laboribus
620 2387 764 2452 quassent,
779 2381 820 2435 rei
870 2381 949 2436 mine
963 2381 1161 2436 Brittaniensis
1179 2381 1327 2452 episcopus
1342 2383 1466 2437 ecclesias
1480 2384 1546 2439 sub.
1562 2384 1685 2440 lsidorus

103 2488 129 2528 ce
141 2475 300 2544 protectum
315 2474 624 2543 augentes,l)ominicis
634 2490 700 2528 vero
710 2473 821 2546 dispen-
870 2472 1030 2528 Asturensis
1043 2474 1166 2529 ecclesiae
1179 2475 1328 2545 episcopus
1344 2475 1525 2531 subhlarius
1539 2477 1685 2533 Auresines

103 2566 267 2621 nutrientes.
280 2567 357 2621 Unde
371 2567 543 2638 quicumque
555 2567 608 2621 sub
620 2567 673 2621 hoc
688 2568 821 2637 neglectu
870 2566 996 2621 ecclesia
1005 2566 1154 2637 episcopus
1162 2566 1408 2638 subitectogerus
1417 2568 1550 2624 Lucensis
1558 2569 1684 2626 ecclesia

103 2658 177 2714 inas
186 2659 313 2714 laborare
326 2659 577 2730 distuleritplacito
585 2659 820 2730 specialidistrin-
870 2659 1018 2730 episcopus
1045 2658 1206 2730 subscripsi.
1229 2659 1398 2731 liidulphus,
1422 2661 1471 2732 qui
1498 2661 1685 2734 cognominor
1780 2708 1785 2715 .

103 2754 193 2821 sest,
217 2752 339 2823 qualiter
361 2747 387 2807 si'
411 2753 446 2807 de
472 2752 556 2807 rebus
584 2769 636 2824 seu
650 2752 821 2827 augmentis
870 2751 958 2821 Felix,
974 2751 1110 2806 Hiriensis
1123 2751 1249 2808 ecclesia
1261 2752 1411 2825 episcopus
1424 2754 1587 2826 subscripsi.

103 2847 132 2901 'rar
146 2846 187 2900 sic
204 2850 344 2918 quaestum
363 2844 508 2900 laboribus
526 2847 584 2899 suis
600 2845 713 2917 proprie
721 2845 818 2919 2arsxiit,
854 2827 857 2833 Α

533 2953 652 3024 Explicit
667 2952 819 3007 concilium
833 2953 1016 3008 braccarense
1030 2951 1156 3007 tertium.

356 3209 555 3274 lNClPlUNT
577 3207 772 3274 CAPITULA
793 3192 959 3274 CONClLll
982 3206 1196 3273 SPALENSIS
1218 3208 1342 3273 PRlllss.

103 3371 131 3424 le
143 3370 262 3426 concilio
275 3371 403 3443 Spalensi
417 3370 452 3427 ad
466 3371 616 3443 Pegasium
628 3371 795 3443 episcopum
807 3369 904 3424 missa.

103 3460 129 3512 le
141 3459 289 3530 mancipiis
304 3461 433 3515 Ecclesiae
448 3460 484 3515 ab
498 3460 630 3532 episcopo
644 3460 784 3531 proximis
797 3460 855 3514 suis
870 3458 987 3514 collatis.

103 3550 128 3602 te
140 3549 250 3603 clericis
264 3565 329 3604 cum
344 3550 448 3621 quibus
463 3549 599 3605 mulieres
614 3548 790 3603 cohabitant.

445 3715 588 3780 lNClPlT
610 3713 822 3780 CONClLlUM
835 3681 1046 3779 'SPALENSE
1068 3688 1248 3778 PRIMUM..

103 3859 162 3916 rino
182 3866 278 3917 sancto
300 3868 327 3918 et
342 3869 505 3919 reverenter
523 3881 539 3918 a
557 3862 638 3918 nobis
652 3860 820 3917 honorando
830 3869 858 3945 c
870 3875 926 3931 quo
941 3857 1027 3913 modo
1046 3858 1081 3912 ab
1097 3856 1214 3913 ecclesia
1224 3858 1378 3926 transtulit,
1392 3857 1505 3913 irritum
1519 3857 1680 3913 haberetur.

103 3953 173 4009 simo
193 3955 276 4010 tratri
295 3958 409 4011 Peoasro
425 3957 568 4027 episeopo,
585 3954 720 4021 Leander,
733 3956 818 4010 loan-
868 3954 903 4008 Et
921 3952 987 4007 ideo
1010 3951 1034 4006 si
1055 3966 1100 4007 res
1117 3940 1297 4022 praecessoris
1319 3951 1361 4005 tui
1385 3950 1534 4007 Gaudentii
1557 3950 1682 4022 episcopi
1724 3980 1732 3985 -

104 4048 216 4119 gapius,
230 4049 400 4119 Stephanus,
416 4050 542 4116 Basilius,
556 4050 679 4115 velatus,
691 4047 818 4116 Fintitio,
867 4044 986 4100 ecclesia
1007 4046 1101 4099 restra
1124 4059 1181 4098 non
1203 4043 1337 4115 possidet,
1353 4043 1435 4098 liberi
1449 4043 1499 4115 qui
1512 4043 1547 4098 ab
1565 4059 1600 4101 eo
1616 4043 1683 4098 lacti

103 4157 158 4210 rus,
175 4142 310 4213 episcopi,
322 4143 370 4213 qui
386 4143 415 4197 in
433 4160 490 4198 una
508 4143 577 4197 urbe
595 4141 721 4212 Spalensi
733 4141 817 4195 adsu-
868 4141 945 4207 sunt,
959 4153 1019 4193 non
1042 4141 1109 4191 sunt
1131 4136 1265 4217 legitime
1284 4137 1416 4193 absoluti.
1430 4140 1573 4194 Caeterum
1592 4136 1616 4191 si
1637 4151 1682 4192 res

103 4235 286 4291 sanctitatem
299 4242 377 4291 tuam
395 4237 540 4291 charitatis
556 4235 649 4291 studio
667 4234 819 4289 salutantes
868 4230 983 4286 ilhusin
994 4230 1254 4300 compensationem
1265 4230 1387 4286 ccclesia
1397 4234 1501 4308 vestras¹
1508 4229 1681 4299 deserviunt,

103 4342 163 4383 nur
181 4329 337 4384 Dominum
355 4330 403 4401 qui
422 4347 475 4385 nos
489 4330 524 4384 de
546 4330 635 4384 salute
650 4331 762 4394 mutua,
776 4327 819 4382 rel
869 4323 909 4379 illi
923 4339 1040 4396 prorsus
1056 4326 1193 4378 maneant
1205 4323 1300 4379 liberi.
1310 4325 1382 4379 Nam
1396 4328 1437 4392 (ut
1449 4324 1620 4396 pradictum
1631 4326 1682 4394 est)

103 4421 274 4476 elaetifieare
292 4423 426 4494 dignatur
440 4427 468 4477 te
481 4423 580 4477 latum
597 4421 687 4477 multo
701 4435 817 4477 conser-
869 4417 892 4470 ei
907 4416 1065 4492 praestitum¹
1085 4416 1120 4471 de
1138 4417 1223 4471 rebus
1238 4417 1296 4471 suis
1309 4434 1367 4472 non
1381 4418 1459 4487 lecit,
1473 4419 1528 4473 tale
1543 4418 1681 4473 damnum
1708 4416 1712 4421 '

111 4514 251 4582 tempore.
869 4510 968 4580 utique
976 4508 1051 4564 ferre
1060 4525 1119 4564 non
1129 4509 1238 4564 debuit.
1246 4510 1404 4581 Propterea
1415 4525 1483 4580 ergo
1496 4510 1531 4565 de
1543 4526 1602 4565 uno
1617 4525 1684 4565 con·
1729 4576 1734 4584 Ι
1757 4499 1758 4502 “

103 4645 106 4658 .
129 4604 150 4659 1.
172 4606 283 4659 lnterea
304 4604 521 4660 consedentibus
541 4603 624 4659 nobis
645 4605 675 4658 in
698 4601 820 4658 Ecclesia
869 4617 954 4658 sensu
971 4618 1071 4657 omnes
1093 4602 1297 4672 significamus,
1316 4603 1406 4674 magis
1424 4603 1579 4658 humanius
1596 4619 1683 4674 qnam
1761 4623 1766 4630 ·

103 4697 139 4752 rsi
151 4702 248 4752 sancta
263 4699 436 4753 Hierusalem
448 4698 533 4752 breve
551 4697 760 4769 mancipiorum
774 4712 818 4751 ec·
870 4695 994 4750 severius
1015 4694 1181 4766 cogitantes,
1196 4698 1228 4749 ut
1249 4695 1279 4749 hi
1301 4712 1373 4767 quos
1390 4700 1500 4751 constat
1515 4695 1564 4751 tali
1583 4696 1682 4752 condi·
1735 4757 1737 4762 ,

125 4805 189 4862 quae
214 4790 346 4846 liberasse
372 4792 447 4845 visus
474 4792 568 4845 fuerat
597 4790 727 4845 decessor
754 4793 820 4844 tuus
869 4789 947 4845 tione
971 4787 1057 4842 luisse
1074 4787 1207 4843 liberatos
1227 4788 1341 4860 injure
1360 4789 1488 4844 ecclesiae
1504 4793 1638 4845 maneant
1652 4794 1685 4844 ut

103 4884 337 4939 srecordationis
359 4884 534 4939 Gaudentius
555 4883 713 4955 episcopus,
735 4882 821 4937 vestri
870 4880 975 4950 idonei,
990 4884 1019 4935 et
1042 4879 1186 4952 peculium
1208 4897 1292 4936 suum
1315 4898 1374 4937 non
1395 4882 1458 4938 aliis
1480 4883 1619 4954 personis,
1633 4883 1687 4938 sed-

103 4966 214 5038 diaconi
228 4978 402 5047 obtulerunt,
417 4983 446 5032 et
463 4994 521 5032 non
536 4978 629 5031 solum
641 4992 704 5047 quac
716 4967 819 5031 liberass
870 4977 984 5029 tantum
1007 4973 1074 5028 lihis
1096 4973 1153 5027 suis
1173 4973 1383 5046 derelinquant,
1399 4976 1468 5048 ipsis
1489 4993 1604 5048 quoque
1618 4976 1683 5030 llliis

104 5058 215 5125 ¹ibidem
239 5071 401 5141 relegimus,
418 5071 467 5124 sed
490 5071 575 5124 etiam
598 5085 663 5140 quoe
684 5068 820 5140 proximis
870 5070 900 5122 et
913 5066 1065 5138 nepotibus
1079 5080 1144 5121 cum
1157 5069 1276 5138 peculiis
1292 5069 1420 5140 ipsorum
1436 5070 1517 5142 quasi
1529 5070 1637 5125 idoneis
1652 5069 1681 5123 in

103 5165 123 5218 lc
144 5164 258 5217 lamulis
272 5163 398 5219 ecclesiae
411 5164 566 5218 donaverat
582 5163 612 5216 in
626 5161 728 5218 eodem
741 5161 820 5216 brevi
866 5160 933 5231 jure
946 5158 1070 5216 ecclesiae
1085 5162 1321 5230 permanentibus
1340 5163 1371 5217 in
1388 5164 1606 5219 extraneameis
1624 5176 1682 5215 non
1776 5215 1779 5220 ,

103 5271 169 5311 mus
191 5259 337 5310 annotata.
354 5257 413 5320 Quo
433 5257 514 5311 dere
533 5271 675 5309 canonum
693 5231 952 5308 institutaDliccat
966 5248 1114 5324 personam
1134 5253 1281 5326 quidpiam
1304 5256 1513 5337 transmittere:
1523 5255 1551 5310 Si
1566 5252 1616 5325 qui
1631 5268 1682 5306 eo·
1720 5253 1724 5262 ’

103 5348 214 5416 inimus,
226 5349 320 5404 sitatis
331 5349 512 5417 libertanum
522 5347 674 5403 transactio
685 5346 822 5418 potuisset
871 5350 938 5402 rum'
964 5345 1026 5401 sine
1055 5346 1167 5401 haerede
1201 5346 1387 5419 decesserint,
1416 5346 1558 5419 peculium
1582 5359 1682 5401 eorum

103 5440 201 5498 abilis.
211 5443 410 5514 Comperimus
426 5446 520 5496 autem
535 5442 565 5496 in
578 5457 696 5510 canone,
712 5443 745 5494 ut
759 5440 820 5511 epi·
871 5442 977 5495 sancta
991 5438 1121 5510 proliciat
1135 5440 1269 5496 ecclesiae.

103 5537 172 5608 iqui
184 5551 231 5590 res
243 5537 382 5608 proprias,
401 5539 519 5606 excepto
533 5535 597 5590 liliis
617 5539 645 5590 et
659 5533 820 5605 nepotibus,
905 5533 937 5589 ll.
951 5532 991 5588 Ee
1012 5548 1080 5587 vero
1098 5533 1241 5606 mancipia
1262 5550 1327 5605 quae
1347 5516 1521 5588 memoratus
1534 5529 1683 5603 episcopus

114 5632 144 5684 ct
160 5645 216 5683 non
233 5629 356 5683 ecclesiae
379 5646 436 5683 suae
459 5627 610 5695 dimiserit,
627 5626 764 5702 quidquid
785 5619 830 5679 de
858 5625 907 5688 ,de
920 5626 985 5696 jure
1003 5625 1129 5680 ecclesiae
1150 5626 1272 5694 sublata,
1285 5625 1342 5679 suis
1361 5625 1498 5697 proximis
1518 5625 1646 5694 contulit,
1660 5625 1684 5681 si

103 5720 137 5779 ire
154 5708 248 5791 rebus,
263 5727 311 5777 aut
323 5721 452 5791 donarit,
469 5723 518 5776 aut
533 5720 668 5789 vendidit,
684 5723 734 5775 aut
748 5733 818 5792 quo-
870 5718 974 5776 similia
981 5717 1140 5793 deproprio
1151 5734 1202 5774 suo
1213 5717 1337 5775 ecclesiae
1347 5718 1403 5792 ipsi
1411 5734 1471 5774 non
1481 5719 1694 5792 compensarit,
