3870 6150
555 269 792 328 ommistione
810 270 1005 329 comneno.
1057 349 1060 353 Ι

206 471 495 566 INCIPIUNT
540 475 801 569 DECRETA
846 476 1132 571 BONIFAGII
1177 477 1360 569 PAPAE.

103 600 277 686 leprecmoric
300 603 338 685 od
361 606 516 689 Honorium·
531 606 701 676 Augustum,
723 611 755 662 ut
764 625 794 700 Α
805 608 965 692 constitutio
974 607 1090 692 Honoris·
1099 609 1271 678 imperatoris
1285 607 1322 660 cd
1333 608 1502 692 boniportum
1514 622 1619 690 popam

103 677 159 727 ster
178 688 196 728 o
215 688 341 744 pnacspe
355 679 485 743 putansa
505 691 535 730 eu
555 677 621 732 urbe
633 679 755 734 Romano
839 692 933 741 muso,
947 682 979 733 ut
993 691 1018 734 ss
1031 677 1118 733 denam
1129 678 1219 733 Roma
1231 678 1285 731 duo
1296 690 1414 747 episcope
1428 677 1549 732 ordsaots
1560 678 1618 742 ttae·

103 745 171 799 dum
185 759 326 814 uunquom
336 747 466 814 pontisas
479 748 631 804 ordinetur.
839 751 906 811 rint,
923 749 1001 804 ambo
1014 748 1048 803 de
1060 749 1170 804 deitate
1179 748 1329 818 pellantur.

103 844 250 898 bernaerus
260 841 411 914 episcopus
425 843 550 900 llouomo
560 846 695 916 Augusto.
706 846 754 901 Ec·
839 840 934 897 Victor
962 841 1099 898 lioromos
1124 840 1246 912 inclytus
1277 838 1477 910 triumphator,
1504 853 1619 910 semper

103 934 265 990 alternante
280 934 335 1005 (eui
347 936 421 992 Deus
432 941 530 993 noster
546 953 644 994 meum
660 954 752 995 sacer·
803 937 956 1007 Augustus,
966 938 1064 992 sancto
1074 950 1107 990 ae
1117 932 1273 990 venerabili
1288 933 1432 989 &risseio
1445 947 1528 1004 papa
1539 930 1618 988 urbis

103 1025 156 1084 >bis
181 1043 228 1084 res
252 1028 390 1085 humanas
412 1029 576 1102 regentibus
600 1031 753 1104 deputavit)
803 1029 912 1085 Roma.

103 1119 199 1193 mugit,
215 1138 253 1177 ne
266 1122 357 1177 causis
367 1122 428 1194 ejus
442 1123 573 1195 quamuis
586 1124 679 1180 adhue
694 1141 755 1182 eor
839 1121 951 1194 Scripta
962 1120 1148 1178 beatitudinis
1160 1124 1217 1177 tuae
1232 1118 1327 1176 debite
1341 1116 1508 1176 reverentiae
1520 1122 1617 1190 gratu·

103 1214 278 1273 immeditata
301 1214 430 1272 detinear
456 1221 575 1289 propter
600 1221 755 1276 conventus
803 1214 909 1272 latione
922 1213 1222 1289 suscepimus.0uibus
1232 1210 1389 1282 recensitis,
1400 1211 1511 1283 eginum
1525 1211 1617 1267 omni-

103 1307 235 1365 rdotibus
248 1308 385 1364 universis
399 1312 427 1365 et
445 1310 562 1379 clericis,
576 1315 605 1368 et
623 1311 756 1369 Christia·
804 1307 913 1381 potenti
936 1308 995 1364 Deo
1015 1307 1154 1364 maximas
1175 1304 1282 1379 gratias
1302 1304 1381 1378 quod
1401 1303 1619 1361 sanctimoniam

124 1401 389 1474 perturbationibus
407 1403 554 1475 agitantur
575 1405 652 1476 apud
672 1421 755 1462 aures
803 1406 884 1458 tuam
904 1405 968 1473 post
986 1401 1107 1473 longum
1127 1399 1342 1458 incommodum
1363 1402 1461 1470 optate
1480 1397 1620 1455 redditam

103 1493 173 1551 simi
199 1494 336 1567 principis
366 1495 465 1552 desim.
494 1496 644 1572 Siquidem
674 1514 755 1555 secus
805 1493 959 1551 didicimus
973 1495 1096 1551 sanitati.
1112 1495 1146 1551 Et
1159 1493 1222 1549 ideo
1237 1491 1440 1561 reverentibus,
1454 1491 1620 1548 venerabili·

103 1589 154 1644 rtet
169 1587 290 1656 eveniat,
306 1604 363 1645 non
377 1604 428 1645 vos
441 1589 471 1645 id
484 1590 577 1647 iacere
591 1591 642 1664 qui
654 1595 756 1648 cuncta
804 1588 858 1644 bus
870 1589 938 1644 ciris
951 1588 1090 1661 gaudium
1107 1591 1237 1644 nostrum
1256 1601 1405 1642 sacrorum
1422 1585 1534 1658 apicum
1550 1589 1621 1642 atte-

103 1681 230 1738 srationa
242 1681 422 1753 componitis,
436 1682 485 1738 sed
498 1700 552 1740 nos
563 1699 616 1756 per
627 1688 753 1742 nostram
803 1682 924 1738 statione
948 1681 1094 1755 signamus
1118 1697 1150 1737 sc
1173 1681 1308 1752 petimus,
1325 1682 1357 1734 ut
1372 1678 1546 1751 quotidianis
1558 1695 1619 1735 cra-

103 1773 217 1830 esidiam
233 1774 486 1848 videbimur,quod
499 1776 618 1834 civitatis
627 1778 755 1851 quietem
803 1774 927 1832 tionibus
945 1774 1121 1846 apostolatus
1140 1778 1206 1830 tuus
1228 1773 1352 1829 studium
1373 1788 1405 1827 ae
1422 1776 1519 1830 votum
1534 1788 1619 1829 suum

103 1883 224 1940 spacem
238 1871 401 1939 pervertere
411 1871 503 1925 valeat
515 1871 672 1929 admisisse.
681 1871 753 1929 Cum
803 1867 877 1925 eirca
897 1867 1018 1925 odotem
1037 1871 1123 1941 atque
1148 1867 1304 1940 imperium
1328 1868 1457 1922 nostrum
1483 1865 1619 1938 dignetur

103 1960 162 2016 anis
171 1961 256 2017 rebus
265 1960 1394 2077 divinacultorreligionis,ltominoBimpendere.illudentempietstisnostrsa
1405 1959 1618 2032 satisplacitum

103 2053 244 2123 resideas,
259 2061 356 2111 nostra
370 2055 453 2129 eulpa
468 2057 533 2127 erit,
547 2057 571 2112 si
585 2074 646 2114 non
659 2059 690 2116 id
702 2059 754 2117 sub
804 2071 864 2113 esse
876 2071 1026 2129 cognosce,
1036 2055 1112 2129 quod
1127 2054 1313 2111 sanctimonia
1320 2058 1369 2110 tua
1384 2054 1419 2111 de
1431 2053 1618 2112 Ecelasarium

103 2147 139 2203 :ia
151 2163 240 2220 quam
256 2152 365 2205 certum
379 2152 422 2205 est
431 2150 532 2207 divinis
544 2167 661 2224 semper
669 2153 755 2210 rebus
803 2154 852 2206 aot
869 2150 969 2222 populi
988 2149 1199 2222 perturbatione
1218 2148 1336 2204 sollicita
1353 2150 1405 2203 est.
1420 2148 1489 2212 Qua
1508 2163 1545 2204 ne
1563 2146 1617 2203 ali·

103 2240 223 2313 mptiore
237 2242 338 2298 favisse
356 2242 439 2298 firmo
461 2247 489 2299 et
509 2244 602 2301 stabili
620 2245 686 2316 jure
704 2262 752 2303 cu·
803 2259 860 2317 qua
871 2241 1547 2316 rationepossiteveniresatisclementiavestra
1556 2256 1618 2299 cm·

103 2334 178 2407 quod
195 2352 248 2407 per
262 2339 305 2392 tot
314 2353 456 2393 annorum
474 2337 579 2394 seriem
594 2341 623 2395 et
634 2339 687 2395 sub
697 2339 754 2396 illis
804 2336 876 2393 didit
888 2352 948 2394 esse
960 2335 1101 2409 provisus.
1116 2335 1245 2409 Denique
1257 2335 1428 2408 predicante
1443 2334 1619 2392 beatitudine

103 2426 219 2499 rcipibue
239 2429 372 2498 obtinuit,
386 2447 456 2503 quos
470 2431 550 2488 nulla
563 2435 668 2488 nostra
685 2432 752 2489 reli·
804 2432 853 2486 tua
871 2429 952 2486 idad
970 2434 1139 2487 cunctorum
1156 2429 1326 2486 elericorum
1341 2427 1474 2485 notitiam
1485 2429 1619 2485 volumus

103 2536 120 2576 a
138 2521 316 2591 constrinxit,
336 2527 368 2579 ut
384 2524 477 2580 fidens
499 2528 596 2581 utatur
616 2525 709 2595 licitis,
725 2531 755 2584 et
803 2522 1007 2596 pervenimus
1021 2523 1045 2579 si
1060 2522 1222 2596 quodforte
1237 2522 1443 2595 religionitua
1459 2522 1545 2594 (quod
1559 2537 1619 2579 non

114 2613 235 2686 imperio
248 2617 407 2673 clementia
418 2617 535 2674 mimme
546 2635 611 2691 quaa
622 2618 752 2676 suntilli·
803 2617 945 2690 optamus)
958 2617 1086 2673 humana
1098 2619 1174 2674 sorte
1188 2615 1350 2689 contigerit,
1366 2615 1456 2672 sciant
1467 2631 1569 2672 omnes
1582 2615 1618 2672 ab

103 2709 753 2781 entur.lpsaenimEeclesiadevotionemtuam
804 2710 1007 2767 ambitionibus
1024 2726 1085 2768 esse
1103 2709 1509 2781 cessandum,scsiduotorte
1520 2713 1620 2766 eontra

104 2801 176 2858 sima
193 2804 349 2875 imperator
370 2804 452 2862 ineo
474 2805 590 2878 quidem
608 2822 751 2877 sermone,
802 2803 843 2861 fas
851 2802 1618 2871 temeritatecertantiumfucrintordinsti,nullumex

103 2896 237 2951 enerabili
259 2897 384 2970 appellat
403 2898 517 2967 affectu,
536 2899 603 2972 quia
625 2899 753 2957 Christus
803 2897 844 2953 eis
857 2897 972 2970 penitus
992 2897 1121 2955 futurum
1141 2897 1328 2966 sacerdotem,
1343 2913 1374 2952 se
1387 2896 1466 2952 illum
1481 2896 1574 2953 sotum
1587 2897 1617 2952 in

103 2992 201 3058 noster,
217 2990 303 3046 vestri
319 2991 394 3047 fidus
413 2995 507 3048 rector
526 2994 556 3049 et
576 2992 754 3065 gubernator
804 2991 870 3047 sede
884 2991 1036 3064 apostolico
1047 3007 1278 3064 permansurum,
1290 3007 1377 3064 quem
1387 3007 1419 3047 ex
1432 2991 1618 3047 numerocte·

103 3082 429 3155 ramdesponsatamsibi
436 3086 604 3142 etintaetam
610 3087 753 3159 virginem
803 3084 928 3141 uicorum
939 3101 1013 3141 nora
1023 3083 1203 3141 ordinatione
1217 3084 1345 3141 diuinum
1356 3083 1497 3156 judicium
1510 3086 1539 3141 et
1552 3084 1617 3141 uni·

116 3190 181 3232 eam
201 3177 231 3231 in
252 3177 362 3250 aliquos
385 3179 532 3251 patiamini
554 3179 752 3237 insidiantium
802 3177 943 3235 versitatis
955 3194 1108 3236 consensus
1121 3178 1250 3251 elegerit.
1262 3177 1342 3235 Unde
1360 3177 1390 3233 id
1407 3177 1617 3236 observandum

103 3284 127 3324 m
141 3268 243 3325 tinctus
258 3270 340 3339 illidi,
351 3274 380 3328 et
389 3271 515 3344 quietem
528 3272 629 3330 faciem
639 3277 750 3346 tempe·
802 3276 853 3343 est,
866 3275 897 3327 ut
915 3288 1016 3329 omnes
1032 3271 1216 3344 tranquillam
1225 3278 1355 3329 mentem
1369 3276 1398 3328 et
1410 3272 1542 3344 pacificos
1555 3272 1617 3328 ani-

103 3361 151 3418 ita
163 3367 275 3419 tumore
286 3364 394 3421 turbari
409 3366 611 3438 gloriosissime
628 3372 656 3424 et
670 3370 749 3424 tran·
760 3371 789 3447 C
800 3382 864 3423 mos
878 3383 911 3422 ex
930 3365 1091 3422 serenitatis
1108 3367 1214 3422 nostra
1231 3365 1428 3423 admonitione
1445 3365 1615 3434 custodiant,

103 3483 105 3504 ι
123 3455 282 3528 imperator
298 3461 433 3531 Auguste.
450 3461 511 3532 lpsa
531 3476 600 3532 ergo
620 3477 684 3533 qua
699 3461 751 3517 uni
800 3476 854 3517 nac
874 3458 981 3532 aliquid
999 3458 1143 3516 seditiosis
1165 3457 1422 3530 conspirationibus
1441 3461 1551 3514 tentare
1570 3474 1617 3514 co·

103 3591 105 3599 ,
124 3553 166 3605 est
185 3555 278 3606 vestra
299 3556 396 3608 umen
419 3557 513 3609 mater
532 3554 656 3612 Ecclesia
677 3554 751 3612 hauc
800 3555 917 3624 nentur,
934 3568 1000 3609 cum
1017 3556 1128 3609 certum
1145 3551 1181 3608 eit
1197 3551 1268 3608 nulli
1283 3551 1408 3624 partium
1424 3567 1541 3608 suarum
1555 3554 1614 3609 stu·

103 3648 209 3700 estram
223 3644 367 3717 legatione
382 3663 468 3719 mam
482 3646 540 3703 suis
554 3648 751 3706 sacerdotibus
801 3647 848 3703 dia
859 3645 1019 3720 protutura.

103 3737 229 3808 sonalat,
245 3739 389 3811 praeterita
407 3741 617 3814 praesentiaque
633 3742 749 3815 rendit
800 3760 925 3832 specu
939 3760 1077 3829 marna
1088 3774 1171 3845 papa
1192 3759 1231 3814 aa
1249 3760 1384 3831 merops
1397 3758 1495 3815 orrea
1506 3759 1540 3816 a
1552 3763 1613 3817 rra·

103 3829 137 3903 itt
146 3831 275 3904 religiose
287 3832 493 3905 imperantibus
507 3834 595 3893 crevit
605 3852 686 3892 meus
701 3836 751 3908 qui
878 3833 953 3887 nimo
967 3833 1089 3902 episcopo
1101 3831 1215 3887 decusis
1229 3831 1387 3886 criminibus
1400 3834 1534 3886 mercato.

116 3926 160 3978 est
171 3925 302 3996 populus,
313 3930 372 3980 mm
383 3926 456 3982 tidus
466 3929 536 3998 Deo,
546 3945 632 4002 quam
641 3929 693 3985 tibi
700 3930 750 4003 qui
838 3928 1474 4001 Boauscrosepiseopus,Psmocm,llan1cro,
1490 3928 1612 3998 marso,

103 4017 240 4075 schristi.
256 4020 325 4077 Ecce
341 4019 420 4076 enim
436 4021 512 4077 inter
526 4021 589 4095 ipsa
602 4024 749 4096 mysteria,
800 4025 926 4092 flucano,
944 4022 1058 4091 Smaao,
1075 4023 1203 4092 mero,
1221 4023 1347 4092 tursarco,
1368 4021 1511 4091 Caesonio,
1531 4022 1615 4079 Leon·

103 4127 197 4167 ssuas
215 4129 285 4185 quas
299 4129 351 4185 pro
363 4113 453 4170 nostri
467 4115 602 4174 felicitate
615 4117 750 4189 dependit
799 4134 856 4189 rio,
884 4117 1081 4185 ecrsrrrruo,
1103 4117 1213 4184 tonsus,
1238 4116 1379 4185 berrano,
1403 4115 1520 4187 Mauo,
1542 4116 1616 4173 liru-

103 4206 143 4260 stre
164 4206 240 4277 apud
259 4222 346 4278 quem
367 4211 396 4262 et
416 4207 452 4264 de
470 4209 550 4280 cujus
567 4210 632 4266 sede
654 4211 750 4283 agitur
799 4227 883 4282 mero,
904 4213 934 4267 et
955 4210 1065 4266 ceteris
1090 4209 1227 4282 episcopis
1251 4211 1311 4282 per
1331 4209 1433 4266 Gallias
1455 4214 1484 4266 et
1506 4213 1613 4282 septem

103 4313 137 4366 o,
149 4298 274 4355 sollicitis
289 4317 342 4372 pro
357 4301 503 4374 religionis
512 4302 692 4360 observantia
704 4320 751 4361 vo·
799 4304 958 4378 provincias
972 4304 1143 4362 constitutis.

103 4393 139 4446 at.
154 4392 225 4448 Cum
243 4393 363 4450 sollicita
380 4395 519 4467 petitione
534 4395 669 4452 miscetur
683 4414 747 4454 ora·
832 4398 989 4454 valentina.
1002 4414 1056 4454 nos
1069 4397 1166 4454 cleriei
1177 4396 1297 4452 civitatis
1307 4396 1438 4453 adierunt
1449 4414 1613 4469 proponen-

103 4501 118 4540 n
133 4487 225 4541 varias
237 4503 282 4542 res
297 4489 385 4545 semel
398 4489 495 4544 evulsa
512 4490 653 4545 distrahat
667 4507 685 4546 a
700 4491 750 4547 Dei
798 4494 841 4547 tes
854 4508 908 4563 per
920 4491 1047 4548 libellum
1065 4490 1185 4546 crimina
1205 4507 1270 4563 qaae
1288 4490 1452 4560 Maximum,
1465 4493 1536 4546 teste
1553 4494 1615 4548 tota

103 4601 105 4623 ·
122 4579 265 4635 tentatore
280 4581 449 4638 sollicitante
465 4581 631 4652 discordias,
644 4586 749 4656 ageret
797 4583 955 4658 provincia,
970 4588 1101 4640 asserunt
1114 4583 1300 4639 commisisse.
1317 4583 1453 4654 Delegata
1470 4583 1553 4639 toties
1566 4600 1612 4640 eo·

103 4671 220 4745 imnceps
235 4673 482 4746 christianissime,
493 4677 546 4732 nisi
557 4677 635 4750 apud
647 4682 676 4734 te
688 4695 749 4734 soa·
799 4678 928 4752 gnitions
938 4675 1019 4734 iilum
1029 4676 1184 4733 constituta
1196 4691 1310 4749 semper
1324 4675 1612 4748 subterfugisssjudi·

111 4780 210 4821 secura
233 4784 386 4823 causarum
409 4774 437 4824 et
463 4769 493 4825 in
518 4742 850 4843 oppressionibusDcia,
859 4788 896 4830 ne
908 4770 1043 4828 confusus
1057 4769 1229 4826 conscientia
1240 4769 1397 4840 festinasse,
1406 4771 1438 4825 ut
1447 4769 1471 4825 si
1480 4772 1556 4827 esset
1566 4771 1611 4827 iu·

107 4858 137 4915 in
158 4859 360 4917 haereticorum
381 4863 604 4920 correctionibus
623 4865 679 4921 iide
698 4870 748 4923 tua
798 4883 905 4923 nocens
928 4864 1095 4922 examinatis
1126 4863 1260 4920 omnibus
1289 4868 1478 4936 purgaretur,
1504 4865 1614 4938 quoties

103 4968 117 5007 u
138 4953 246 5024 pariter
264 4970 330 5009 cum
350 4955 472 5029 imperio
493 4973 607 5029 semper
625 4957 747 5015 florente
797 4961 910 5017 decreta
930 4975 966 5015 ex
989 4963 1153 5016 nostrarum
1175 4973 1291 5031 quoque
1318 4957 1482 5014 chartarum
1506 4958 1612 5016 instru-

103 5045 157 5102 bet
179 5047 324 5119 retugium
350 5052 407 5104 tua
433 5050 661 5106 mansuetudinis
688 5051 747 5108 ani-
796 5054 890 5111 ctione
909 5052 1105 5125 cognorimus.
1120 5051 1175 5117 Qui
1197 5068 1213 5107 e
1235 5050 1520 5125 eontrarioprobarit
1533 5052 1568 5110 de
1583 5069 1612 5110 se

114 5155 173 5194 sum
193 5141 342 5212 religionis
354 5144 537 5199 veneratione
551 5145 745 5217 conjunctum,
795 5147 917 5219 illaque
927 5146 1082 5214 dictasunt,
1094 5160 1159 5216 quea
1168 5145 1203 5200 ad
1215 5160 1250 5200 ea
1260 5144 1432 5201 confutanda
1442 5162 1506 5201 cum
1521 5150 1613 5202 essem

103 5231 158 5304 nid
180 5232 246 5288 huic
265 5234 395 5306 proficiat
408 5252 459 5292 vos
472 5238 575 5309 agatis.
590 5238 747 5295 Conferatis
796 5240 958 5308 innumera,
971 5255 988 5295 a
1000 5237 1195 5295 decessoribus
1206 5238 1279 5294 meis
1293 5239 1473 5311 provincialis
1484 5239 1610 5295 estdele·

103 5328 367 5384 ·.consacerdotibus
376 5330 456 5400 meis,
466 5331 673 5402 probatissimis
680 5331 747 5388 viris
796 5340 863 5408 gata
880 5332 1017 5408 cognitio.
1036 5334 1198 5391 Conventus
1214 5332 1300 5389 etiam
1321 5332 1424 5388 dicitur
1444 5331 1570 5399 evitasse,
1584 5337 1612 5389 ct

103 5419 280 5477 bomnibus
302 5423 351 5495 qui
376 5424 530 5480 Ecclesiam
557 5425 667 5481 iaciunt
693 5425 748 5483 ista
797 5429 894 5485 adesse
908 5427 1027 5484 minime
1040 5426 1173 5484 voluisse.
1188 5427 1222 5483 Et
1242 5426 1336 5482 nullus
1356 5425 1467 5481 dubitat
1479 5424 1556 5496 quod
1573 5425 1613 5481 ita
1656 5428 1660 5438 “

103 5513 212 5584 atione,
232 5516 336 5587 quibus
355 5534 507 5590 precamur
525 5535 611 5574 sacrae
631 5535 746 5575 causam
792 5521 934 5593 judicium
961 5521 1099 5578 innocens
1120 5519 1301 5592 subterfugit,
1318 5517 1561 5590 quemadmodum
1580 5521 1612 5574 ut

103 5610 366 5680 rosaquentibusio
377 5612 449 5668 urbe
463 5616 563 5668 vestrae
579 5615 747 5669 mansuetu·
796 5615 958 5671 absolvatur
976 5614 1025 5689 qui
1044 5617 1087 5671 est
1104 5613 1240 5672 innocens
1262 5611 1372 5684 quant,
1390 5627 1441 5667 seu
1459 5614 1550 5668 astuta
1569 5629 1612 5668 ca·

103 5702 197 5756 animo
217 5720 274 5775 quo
289 5706 441 5774 postulatis
452 5723 469 5761 a
482 5705 579 5761 multis
595 5706 625 5762 in
643 5723 746 5780 perpe·
796 5705 902 5764 vitiatio
927 5725 1027 5765 eorum
1051 5707 1102 5781 qui
1122 5707 1242 5764 versutis
1255 5704 1400 5778 agendum
1417 5705 1535 5761 credunt
1550 5722 1610 5763 esse

103 5793 129 5849 ui
154 5796 319 5856 universalis
339 5799 470 5857 Ecclesia
492 5799 655 5862 consuletis.
679 5802 748 5865 Data
796 5801 1091 5877 consiliis,nunqoato
1098 5798 1633 5871 innocentsanomsnaccm'xamoa«

103 5903 156 5950 Μ·
796 5897 897 5964 tltstm
915 5898 1000 5967 ellim
1014 5897 1056 5960 do
1076 5895 1231 5971 omnibu,
1241 5891 1382 5972 edisses
1395 5906 1434 5954 aa
1445 5886 1666 5958 ΜΝ
