3870 6150
126 273 192 327 tots
738 274 973 331 utcutl‘atlt'll
992 272 1186 329 conlectio
1737 276 1803 330 tote

120 379 352 436 Alexandrinum
365 381 395 434 in
410 385 506 436 sancta
521 382 629 453 synodo
644 398 730 454 quam
745 384 894 455 sequimur
909 387 938 438 et
947 392 977 467 Α
987 381 1085 453 Neque
1098 382 1176 438 enim
1188 382 1402 440 difficultatibus
1416 389 1460 440 est
1471 384 1639 440 cedendum.
1653 384 1714 440 lton
1725 383 1812 439 enim·

121 473 325 544 amplectimur
336 473 562 530 chalcedonensi
578 474 756 546 damnatum,
767 493 832 550 qua
843 481 940 534 secuta
989 475 1129 548 fatigatur
1144 478 1251 548 asperis
1271 477 1351 546 fides,
1365 493 1419 533 nec
1440 477 1477 533 ad
1495 478 1630 534 coelorum
1645 477 1733 533 ardua
1752 493 1804 549 per

121 573 255 622 sanctum
265 567 418 622 concilium
428 567 574 623 Nicaenum
583 569 671 625 fldem
680 570 863 642 apostolicam
871 588 940 643 proe-
989 569 1114 642 proclive
1128 570 1319 642 contenditur,
1336 587 1390 627 nec
1402 571 1665 628 remunerationem
1677 571 1748 626 eitra
1761 571 1804 626 la-

121 661 237 717 dicavit.
252 662 433 717 notescamur
446 666 475 717 et
489 661 672 719 Timotheum
687 663 859 735 parricidam
875 665 939 720 llel·
989 663 1067 719 boris
1082 663 1248 719 exercitium
1263 665 1327 737 quis
1349 669 1486 722 meretur.
1509 666 1588 722 Unde
1608 681 1646 721 ne
1669 665 1805 721 facientes

121 757 220 811 lurum
244 761 448 827 cognomento,
469 756 641 828 discipulum
667 774 781 830 quoque
801 758 889 831 ipsius
911 763 941 815 et
989 757 1066 814 bona
1094 756 1269 828 deficiamus,
1297 759 1457 832 specialiter
1494 759 1692 830 admonemur,
1718 758 1805 814 etiam

122 865 276 922 sequacem
289 849 320 905 in
339 849 474 906 omnibus
497 852 612 907 Petrum
631 851 852 908 Alexandrinum
871 869 939 909 con·
989 853 1061 907 teste
1074 850 1223 908 Psalmista
1237 869 1243 907 :
1256 871 1271 903 a
1284 852 1363 908 Beati
1378 854 1427 926 qui
1440 853 1604 909 custodiunt
1615 836 1765 925 judicium,
1776 855 1806 906 et

122 945 304 999 damnamus.
320 944 413 998 Etiam
432 944 708 1001 anathematizamus
721 945 855 1002 Acacium
865 946 939 1003 Con·
989 945 1099 1001 faciunt
1108 945 1250 1017 justitiam
1265 946 1295 1001 in
1314 947 1536 1019 omnitempore
1552 947 1661 1018 (Psolm.
1676 963 1720 1016 cv,
1736 945 1773 1019 3),
1790 968 1804 996 u

122 1037 412 1109 stautinopolitanum
427 1039 576 1110 quondam
589 1039 763 1112 episcopum,
775 1041 811 1095 ab
824 1045 938 1113 aposto·
990 1039 1059 1111 quia
1076 1055 1133 1096 non
1148 1039 1263 1095 initium
1283 1040 1390 1096 laboris
1410 1041 1673 1097 remunerationem
1690 1039 1805 1114 proemii

122 1131 178 1186 lica
188 1131 256 1186 seda
266 1131 444 1199 damnatum,
452 1147 554 1187 eorum
562 1133 733 1205 complicem
743 1136 772 1190 et
779 1150 939 1207 sequacem,
990 1133 1137 1189 consuevit
1149 1134 1290 1202 invenire,
1302 1135 1352 1190 sed
1365 1134 1517 1192 terminus.
1527 1136 1602 1209 Ergo
1614 1135 1739 1190 studium
1752 1134 1806 1189 sol-

122 1226 167 1279 vel
183 1224 231 1296 qni
250 1225 280 1279 in
299 1240 400 1288 eorum
420 1226 625 1282 communione
644 1228 863 1299 permanserint.
887 1229 941 1294 Qui
990 1226 1147 1282 licitudinis
1161 1227 1308 1296 assumite,
1319 1227 1423 1300 quibus
1437 1228 1589 1285 estunain
1602 1228 1806 1284 communione

121 1318 251 1386 Aeacius,
265 1335 390 1390 quorum
410 1335 441 1374 sa
463 1320 658 1376 communioni
678 1320 794 1378 miscuit
812 1322 941 1394 ipsorum
991 1321 1108 1377 sociatas
1116 1321 1558 1395 etcredulitasquemadmodum
1570 1323 1605 1378 de
1614 1322 1724 1378 unitate
1733 1320 1807 1377 sedis

121 1412 246 1467 similem
259 1412 365 1468 habere
388 1414 494 1469 meruit
507 1413 537 1469 in
551 1414 734 1472 damnatione
757 1416 939 1473 sententiam.
989 1415 1163 1487 apostolica,
1177 1419 1207 1472 et
1218 1416 1541 1489 Constantinopolitanae
1557 1416 1688 1472 Ecclesia
1701 1414 1808 1488 pariter

121 1508 240 1563 Petrum
252 1505 441 1562 nihilominus
455 1507 663 1564 antiochenum
683 1509 857 1565 damnamus
874 1527 941 1567 cum
991 1509 1163 1564 exsultamus
1184 1509 1214 1564 in
1239 1510 1360 1565 Domino
1368 1527 1377 1580 ;
1392 1509 1430 1566 ita
1445 1510 1481 1564 de
1496 1509 1674 1582 reliquorum
1694 1524 1807 1582 quoque

122 1600 292 1673 sequacibus
306 1601 374 1667 suis,
391 1603 420 1656 et
436 1601 570 1656 omnibus
589 1603 798 1675 suprascriptis.
816 1603 941 1676 Suscipi-
991 1600 1223 1658 sicutaiiectione
1236 1603 1376 1658 admones
1391 1603 1615 1675 reintegratione
1629 1603 1769 1670 latemur,
1780 1606 1808 1658 et

123 1699 292 1750 musautem
303 1697 333 1748 et
345 1693 500 1766 probamus
514 1695 648 1768 epistolas
659 1696 735 1752 beati
744 1696 847 1753 Leonis
859 1714 942 1772 papas
991 1711 1125 1750 curemus
1138 1695 1265 1768 primum
1275 1699 1307 1751 ut
1316 1696 1404 1752 fldem
1416 1696 1668 1769 integritatemque
1678 1698 1807 1752 nostram

123 1789 271 1844 universas
285 1805 355 1860 quas
374 1788 409 1844 de
424 1788 568 1860 religione
583 1789 743 1846 Christiana
763 1792 940 1865 conscripsit,
951 1768 980 1842 Β
991 1788 1205 1845 immaematam
1219 1789 1254 1845 ab
1270 1790 1349 1845 omni
1366 1790 1538 1862 contagione
1558 1806 1717 1860 servemus;
1734 1789 1807 1845 nosti

123 1883 198 1938 sicut
207 1882 391 1954 praediximus
404 1888 556 1954 sequentes
567 1883 598 1938 in
613 1884 747 1940 omnibus
758 1887 942 1958 apostolicam
992 1882 1080 1953 enim,
1095 1883 1184 1938 frater
1197 1883 1373 1952 charissime,
1390 1900 1422 1939 ac
1435 1883 1619 1951 sanctissime,
1631 1883 1699 1955 quia
1712 1880 1806 1938 Eccle-

123 1977 234 2044 sedem,
246 1979 275 2031 et
284 1976 471 2048 predicantes
485 1977 584 2032 omnia
598 1978 660 2050 ejus
673 1979 835 2035 constituta.
847 1981 882 2035 Et
891 1996 944 2052 per
992 1976 1104 2032 siastica
1116 1980 1231 2033 servant
1246 1965 1359 2033 vincula
1370 1977 1550 2033 concordiam
1562 1994 1625 2049 quae
1635 1976 1733 2032 nosch
1745 1977 1806 2032 hae·

122 2071 223 2126 omnia
236 2086 319 2142 spero
330 2074 363 2125 ut
375 2069 406 2125 in
415 2086 472 2125 una
482 2071 684 2127 comunione
694 2073 841 2130 vobiscum
856 2090 943 2146 quam
992 2069 1145 2127 rel-icomm
1154 2076 1291 2128 tueantur
1300 2071 1420 2142 insidiis,
1430 2087 1481 2144 per
1490 2088 1554 2146 que
1564 2071 1652 2126 etiam
1660 2086 1807 2127 canonum

123 2165 206 2219 sedes
225 2164 382 2236 apostolica
402 2164 547 2235 praedicat,
564 2182 625 2220 esse
639 2183 763 2237 merear,
779 2168 809 2223 in
830 2185 886 2241 qua
900 2172 944 2225 est
992 2163 1153 2219 custoditur
1161 2164 1321 2237 integritas.
1332 2165 1416 2220 llisin
1426 2165 1527 2220 robore
1539 2181 1591 2220 sno
1602 2163 1809 2219 omnicireum·

122 2259 239 2330 integra
260 2262 287 2313 et
306 2273 374 2314 vera
394 2258 564 2314 Christiane
587 2260 745 2332 religionis,
767 2266 796 2317 et
818 2263 943 2335 perfecta
992 2257 1135 2330 spectione
1145 2259 1272 2327 servatis,
1284 2259 1411 2315 remedia
1420 2258 1602 2332 sperantibus
1612 2258 1806 2315 conferuntur.

124 2351 264 2416 soliditas,
287 2352 458 2424 promittens
486 2356 675 2425 sequestratos
700 2371 717 2410 a
739 2357 942 2414 communione
994 2351 1083 2408 llahet
1105 2352 1182 2407 enim
1208 2352 1460 2410 ecclesiasticarum
1486 2351 1557 2409 ordo
1581 2352 1756 2427 regularum,
1781 2355 1810 2407 et

123 2446 257 2501 Ecclesiae
278 2447 432 2514 catholicae,
452 2446 482 2503 id
501 2450 553 2515 est,
571 2464 629 2503 nou
651 2450 862 2506 consentientes
880 2450 942 2507 sedi
992 2447 1082 2518 ipsius
1094 2449 1317 2520 formajustitiac
1331 2452 1364 2503 ut
1376 2449 1521 2504 medicina
1536 2447 1713 2505 rationabilis
1724 2446 1807 2504 beni·

123 2540 295 2611 apostolicae,
307 2557 409 2596 eorum
423 2540 543 2596 nomina
554 2541 629 2597 inter
640 2558 717 2598 sacra
728 2559 787 2599 non
798 2545 943 2601 recitanda
992 2557 1067 2613 gnae,
1083 2546 1113 2621 et
1124 2541 1247 2598 fideliter
1260 2543 1438 2615 sperantibus
1449 2558 1509 2599 non
1523 2545 1655 2613 negetur,
1666 2557 1719 2598 nee
1728 2526 1807 2614 quis·

123 2649 187 2688 esse
200 2634 345 2706 mysteria.
362 2634 445 2699 Quod
459 2635 483 2690 si
497 2635 526 2690 iu
541 2634 641 2707 aliquo
654 2652 671 2690 a
683 2653 749 2693 mea
767 2637 942 2710 professione
992 2651 1080 2707 quam
1095 2636 1133 2692 ita
1148 2641 1190 2692 est
1202 2636 1237 2691 ab
1251 2635 1430 2693 humanitate
1443 2636 1592 2706 discretus,
1608 2652 1696 2709 quem
1715 2652 1774 2691 uon
1791 2651 1808 2690 a

125 2727 241 2783 deviare
269 2731 423 2796 tentavero,
446 2729 491 2783 his
511 2746 582 2801 quos
604 2728 747 2799 damnavi,
774 2732 941 2804 complicem
992 2730 1087 2801 rigore
1102 2728 1283 2785 discretionis
1296 2730 1416 2786 inclinet
1429 2734 1512 2786 cauta
1524 2729 1702 2802 simplicitas.
1714 2729 1767 2786 Sed
1778 2732 1809 2784 ut

124 2839 173 2876 me
182 2837 246 2877 mea
253 2823 393 2878 sententia
404 2840 464 2879 esse
475 2823 622 2895 profiteor.
635 2826 713 2881 llanc
726 2831 824 2885 autem
835 2828 942 2899 profes
992 2826 1075 2878 caute
1090 2824 1145 2879 hoc
1160 2827 1333 2896 ceterasque
1346 2823 1488 2896 querelas,
1503 2826 1553 2878 aut
1562 2840 1674 2881 errores
1688 2823 1809 2895 alicujus

124 2917 338 2972 sionemmeam
346 2933 400 2988 ego
408 2934 496 2973 manu
506 2934 570 2974 mea
580 2918 743 2991 subscripsi,
751 2921 942 2977 etilormisdoe
992 2932 1026 2972 eo
1050 2917 1143 2972 valeas
1166 2917 1311 2989 expedire,
1335 2917 1516 2973 dilectissime
1537 2917 1635 2984 frater,
1656 2933 1809 2990 personam

125 3013 225 3065 sancto
239 3026 273 3065 ae
286 3011 441 3067 venerabili
454 3027 534 3084 papae
550 3012 629 3067 urhis
641 3014 740 3068 llomae
755 3013 856 3070 direxi.
992 3027 1087 3067 meam
1099 3015 1128 3066 te
1141 3012 1171 3066 in
1181 3012 1236 3067 hoc
1253 3016 1366 3085 oportet
1378 3011 1509 3082 induere,
1519 3012 1658 3068 scientem
1671 3012 1701 3068 iu
1711 3011 1809 3083 hujus-

125 3130 163 3182 0,
187 3129 403 3184 reconciliatione
432 3131 558 3186 Romam,
584 3135 610 3186 e,
639 3132 981 3212 mmmmm
993 3105 1071 3160 modi
1092 3104 1194 3172 causis,
1209 3105 1282 3162 sieut
1300 3104 1470 3177 praedictum
1494 3109 1546 3175 est,
1563 3105 1632 3177 quid
1651 3104 1811 3160 cavendum

468 3202 601 3257 Ecclesia.
994 3197 1045 3266 sit;
1059 3198 1100 3253 ita
1114 3197 1210 3254 omnia
1225 3198 1450 3270 praevidendum,
1464 3202 1567 3254 utnon
1582 3197 1712 3270 ambigas
1722 3202 1751 3254 te
1766 3213 1811 3253 ra·

161 3292 349 3349 Dilectissimo
361 3293 445 3348 fratri
462 3296 611 3351 minoium
628 3297 782 3353 llonursoa.
993 3291 1102 3348 tionem
1117 3291 1337 3364 dispensationis
1352 3292 1438 3363 hujus
1459 3292 1517 3347 lleo
1538 3307 1598 3347 esse
1620 3291 1808 3360 reddendam,

162 3386 247 3442 Multo
257 3386 363 3458 gaudio
374 3403 437 3442 sum
450 3389 573 3461 repletus
584 3389 661 3461 quod
671 3390 746 3446 circa
756 3390 888 3447 Ecclesia,
897 3409 945 3464 pq.
993 3385 1033 3439 ita
1052 3388 1150 3440 tamen
1175 3389 1207 3440 ut
1231 3401 1278 3441 eos
1301 3385 1350 3457 qui
1374 3385 1453 3440 vobis
1474 3385 1581 3440 fuerint
1608 3384 1810 3440 communione

126 3497 202 3549 cem,
217 3484 246 3536 et
263 3480 434 3536 sanctissimi
451 3480 645 3555 imperatoris,
659 3486 690 3539 et
703 3483 862 3541 dilectionis
876 3488 943 3554 tuac,
994 3478 1101 3546 sociali,
1124 3478 1169 3534 tel
1195 3495 1247 3552 per
1270 3495 1319 3535 VOS
1340 3478 1400 3534 sedi
1426 3478 1588 3550 8P⁰⁸l⁰ll0ae
1613 3481 1703 3532 Veslffl
1726 3476 1810 3532 ¹¹⁰lll³

125 3575 824 3651 talestudiumlitterisindicasti,quodlegatorum
830 3595 944 3652 quoquo
993 3572 1099 3645 scripta
1110 3573 1265 3641 declarent,
1277 3571 1382 3645 quibus
1396 3571 1484 3627 etiam
1499 3575 1528 3626 et
1541 3571 1590 3643 qui
1605 3569 1810 3626 continentiam

125 3684 260 3724 meorum
276 3668 431 3725 assertione
443 3671 561 3741 cognovi
573 3670 769 3727 manifestum.
785 3671 943 3728 Hincenim
993 3666 1156 3722 libellorum
1173 3666 1338 3737 obtulerint,
1356 3665 1506 3721 inseratur·
1523 3664 1569 3721 Sic
1580 3665 1659 3720 cuim
1674 3667 1703 3719 el
1715 3663 1810 3721 Severi

124 3779 260 3834 supemae
288 3762 489 3819 misericordiae
519 3763 727 3821 documentum
761 3766 943 3838 perdocetur,
994 3761 1037 3815 vel
1050 3760 1167 3833 Sulpicii
1175 3760 1220 3815 vel
1230 3760 1410 3833 complicum,
1420 3763 1469 3814 aut
1481 3758 1619 3815 similium
1629 3757 1810 3814 absolvemus

125 3855 243 3929 qnando
256 3861 285 3912 et
297 3857 435 3913 mundani
452 3857 595 3930 principos
607 3875 707 3915 causas
720 3858 790 3915 fidei
809 3876 874 3915 cum
887 3859 945 3917 rei-
994 3870 1115 3911 errores.
1131 3855 1186 3911 Nec
1198 3869 1299 3910 eorum
1314 3854 1363 3926 qui
1379 3853 1475 3909 sanari
1489 3852 1643 3926 potuerint,
1659 3850 1810 3923 dispendia

125 3950 249 4022 puhlicae
276 3950 455 4008 ordinatione
481 3952 673 4025 conjungunt,
700 3958 729 4009 et
754 3951 945 4011 Ecclesiamm
995 3948 1148 4020 patiamur·
1170 3947 1252 4013 Quod
1275 3947 1342 4005 ideo
1353 3947 1433 4003 vohis
1453 3945 1613 4020 specilliler
1633 3944 1810 4001 credidimus

126 4043 264 4118 praesules
272 4046 350 4117 quod
363 4045 399 4100 ad
410 4045 655 4118 dispensationem
668 4047 712 4102 sui
722 4047 848 4119 pertinet
859 4048 945 4105 oflicii
995 4042 1202 4114 imponendum
1213 4042 1249 4097 ad
1261 4042 1438 4115 diligentiam
1447 4044 1570 4098 vestram
1582 4058 1599 4095 a
1611 4041 1708 4095 nostro
1722 4054 1811 4095 onere

126 4154 270 4194 memores
284 4143 490 4212 exsequuntur.
504 4140 617 4195 Talibus
629 4141 707 4196 enim
721 4141 872 4214 indigebat
883 4147 947 4215 post
995 4136 1206 4206 transformet,
1221 4135 1359 4208 quianon
1375 4151 1462 4208 parva
1471 4135 1535 4207 iam
1556 4134 1727 4190 documenln
1737 4132 1809 4189 resi·

126 4232 276 4288 discordiae
286 4233 425 4304 procellas
434 4233 536 4305 religio
546 4234 706 4291 Christiana
716 4235 875 4291 rectoribus
884 4237 944 4309 qui,
996 4233 1102 4285 slenles
1112 4228 1252 4285 haereticis
1264 4228 1436 4298 reddidistis,
1446 4244 1498 4284 nee
1508 4227 1591 4284 debet
1603 4228 1637 4283 dc
1647 4242 1682 4282 eo
1692 4225 1809 4298 ambigi,

126 4326 297 4398 compressis
319 4327 439 4399 provida
464 4326 675 4400 dispensatione
699 4328 873 4398 turbinibus,
896 4329 946 4385 din
995 4339 1084 4395 quem
1096 4322 1171 4378 benc
1183 4322 1337 4395 contigerit
1351 4322 1504 4394 explorari.
1520 4321 1613 4378 Simul
1625 4336 1738 4377 assume
1750 4335 1810 4375 me-

126 4419 342 4493 peregrinatam
350 4437 449 4492 pacem
458 4420 757 4493 depulsatempestate
768 4421 944 4491 reducerent,
996 4416 1090 4471 delam
1104 4416 1266 4485 medicinae,
1283 4416 1367 4471 simul
1381 4415 1529 4487 accingere
1542 4414 1711 4470 auctoritate
1724 4413 1809 4485 justi·
1844 4470 1847 4475 ,

128 4517 161 4568 ut
174 4513 201 4568 in
217 4513 313 4570 futura
332 4519 397 4586 post
411 4514 515 4569 saecula
534 4515 570 4570 ad
586 4514 726 4587 propositi
748 4515 791 4570 sui
814 4509 1051 4588 exemplanda·
1066 4510 1099 4564 El
1112 4509 1151 4563 ⁵1⁰
1163 4509 1239 4564 cirea
1253 4508 1398 4582 simplices
1412 4509 1590 4564 humanilale
1603 4507 1724 4577 mollire,
1740 4511 1771 4561 ul
1781 4505 1810 4560 iu

127 4607 290 4674 tendentes,
305 4606 359 4662 sibi
380 4608 416 4663 ad
435 4607 620 4663 scribendum
639 4608 836 4665 indubitanter
849 4615 943 4666 osten·
996 4601 1194 4658 haerelicorum
1217 4602 1386 4674 contagione
1407 4601 1605 4673 perdurantes,
1622 4605 1670 4654 aut
1691 4616 1737 4655 eos
1760 4598 1811 4671 qui

126 4701 241 4770 dereut,
250 4700 390 4773 quidquid
404 4701 460 4756 lleo
474 4701 609 4772 placitum
622 4702 741 4774 posteris
754 4719 806 4775 pro
815 4720 867 4759 sua
875 4703 944 4759 imi·
995 4696 1187 4752 innocentiam
1200 4695 1346 4762 simulant,
1359 4699 1387 4750 et
1400 4710 1465 4749 curn
1478 4694 1582 4750 nostris
1594 4693 1654 4748 sola
1666 4709 1733 4749 voce
1742 4709 1809 4748 con-

125 4794 235 4850 tatione
254 4794 398 4850 fecissent.
422 4794 630 4850 benedicamus
654 4795 819 4865 Dominum,
843 4797 946 4853 fratres
995 4789 1130 4856 tenlilffll,
1147 4788 1182 4844 ab
1202 4789 1247 4844 his
1259 4787 1364 4861 quibus
1376 4803 1427 4859 ΡΝ)
1441 4786 1569 4842 Εθθῑθὸἰῑθ
1588 4787 1811 4860 reilllcgralldsso
1887 4856 1896 4870 .

125 4887 297 4956 charissimi,
313 4889 366 4943 hoc
379 4888 477 4944 diebus
493 4889 596 4944 nostris
615 4889 701 4946 tuisse
722 4906 900 4960 concessum,
917 4896 946 4949 et
996 4883 1152 4939 consulitur
1176 4887 1204 4937 et
1231 4880 1404 4953 providetur,
1432 4881 1625 4937 excludantur.
1654 4882 1709 4936 Nec
1733 4880 1810 4935 enim

127 4981 195 5037 totis
211 4981 386 5050 orationum,
401 4987 428 5038 et
443 4998 577 5038 curarum
592 4982 699 5038 viribus
721 4984 897 5053 adnitamur,
912 4989 946 5041 ut
995 4974 1474 5049 expeditcircaeosecelesiasticam
1484 4980 1810 5047 temperarecensuram.

126 5091 193 5148 quae
211 5075 260 5131 nei
274 5091 360 5146 opere
373 5076 447 5132 bene
460 5079 552 5148 eoepta
567 5079 644 5145 sunt,
658 5077 882 5149 ipsoadjuvantc
894 5093 946 5150 per
995 5073 1056 5128 Non
1070 5071 1147 5127 enim
1168 5070 1323 5141 eruntjam
1337 5068 1536 5125 miserationes
1547 5069 1630 5125 bonae
1646 5085 1697 5141 pro
1711 5083 1811 5124 eorum

126 5169 226 5226 omnia
251 5170 463 5241 compleantur.
488 5171 667 5241 sperandum
688 5171 766 5227 enixu
789 5178 841 5240 est,
856 5174 887 5226 ut
908 5173 945 5228 ad
994 5165 1098 5239 quibus
1113 5163 1222 5219 consuli
1236 5166 1350 5235 oportet
1371 5164 1536 5219 necessitate
1555 5163 1672 5231 collatae,
1684 5165 1712 5216 et
1727 5160 1749 5215 si
1765 5161 1807 5215 iu-

125 5279 296 5334 compagem
311 5264 439 5335 corporis
453 5264 497 5319 sni
511 5264 620 5336 reliqua
633 5281 697 5338 quae
716 5263 810 5321 adhuc
829 5265 943 5335 desunt,
995 5260 1115 5315 discrete
1127 5257 1235 5313 tuerint
1254 5256 1337 5312 bonis
1352 5257 1492 5329 malisque
1507 5270 1682 5312 communes.
1698 5253 1732 5307 Et
1744 5252 1811 5324 quia

125 5357 267 5424 membra,
284 5355 428 5426 festinent,
444 5362 472 5413 et
487 5374 503 5412 a
517 5357 677 5430 potioribus
697 5358 811 5414 minora
823 5375 883 5415 non
899 5358 943 5414 di·
995 5351 1318 5424 hierosolymitanonrm
1340 5350 1498 5406 faciendam
1522 5346 1642 5403 credidit
1663 5345 1692 5400 in
1709 5344 1811 5399 litteris

125 5452 269 5521 screpant.
285 5450 327 5505 ud
342 5450 419 5522 quod
434 5467 480 5506 me
494 5467 559 5506 cum
585 5451 700 5507 dilectio
714 5457 764 5507 tua
777 5450 944 5508 Christiane
994 5453 1045 5503 tua
1058 5445 1172 5502 dilectio
1182 5444 1371 5513 mentionem,
1386 5456 1508 5515 quorum
1522 5438 1651 5495 etiamad
1666 5454 1718 5492 nos
1730 5454 1809 5510 quae-

123 5542 220 5599 studio
234 5543 383 5599 charitatis
395 5543 539 5615 hortatur,
552 5544 636 5601 dehet
648 5544 725 5616 quod
737 5544 838 5600 invitat
852 5544 943 5617 sequi,
994 5541 1061 5596 darn
1075 5538 1169 5595 delata
1181 5536 1321 5611 professio
1335 5538 1387 5603 est,
1399 5532 1594 5590 necessarium
1610 5530 1735 5586 diximus
1747 5547 1808 5587 res·

123 5639 154 5692 et
166 5637 243 5708 quod
259 5637 413 5693 amandum
429 5638 528 5694 suadet
549 5636 694 5709 amplecti.
715 5636 844 5693 Similem
865 5637 944 5692 enim
995 5633 1121 5706 pondere
1135 5648 1199 5706 qua
1215 5646 1342 5702 congrua
1356 5631 1432 5695 sunt,
1447 5626 1490 5681 his
1503 5625 1550 5718 qui
1573 5628 1739 5680 sanctorum
1754 5625 1809 5679 Pa·

120 5731 184 5800 jam
195 5730 264 5785 tldei
276 5746 374 5786 curam
390 5736 523 5803 gerentes
534 5746 587 5805 per
599 5730 762 5803 religiosam
777 5729 944 5803 patientiam
994 5731 1071 5783 trum
1084 5725 1238 5783 constituta
1248 5721 1421 5780 custodiunt.
1437 5719 1466 5775 Si
1480 5718 1528 5774 illa
1542 5717 1610 5773 fidei
1621 5716 1809 5774 fundamenta

123 5824 271 5896 paretiam
280 5825 431 5897 praemium
444 5825 555 5882 deboni
566 5823 661 5897 operis
671 5840 820 5896 speramus
829 5823 939 5881 affectui.
994 5824 1174 5888 venerantur,
1185 5818 1220 5873 ab
1233 5817 1401 5888 hisquoque
1411 5814 1458 5888 qui
1472 5829 1525 5890 per
1538 5829 1586 5870 eos
1595 5811 1700 5885 Spiritu
1711 5817 1808 5871 sancto
1910 5871 1914 5879 Χ
