3870 6150
135 258 201 313 ¹077
750 260 986 318 uucaauatlusl
1005 259 1197 316 collacare.
1744 261 1811 314 lota

169 368 210 422 lV.
227 368 266 422 lle
285 368 393 424 fabrica
410 387 477 425 vero
491 371 643 442 quuslibet
659 369 796 441 eeclesiae,
809 370 834 425 si
853 368 948 425 dimta
957 370 1093 453 Atyram
1113 369 1186 425 sieut
1205 384 1351 441 speramus
1369 373 1467 425 saneto
1489 385 1540 424 nos
1562 368 1675 425 atiaettri
1699 371 1747 424 tuo
1765 368 1810 423 di·

130 460 227 528 luerit,
243 462 438 532 instauranda,
452 466 481 520 et
499 465 523 519 si
543 466 573 521 in
593 482 626 521 eo
646 466 707 521 loeo
727 463 947 521 consecrationis
996 461 1255 536 rexissereliquias,
1263 468 1470 535 praesumentes
1479 463 1564 520 tidem
1573 466 1698 519 vestram
1707 477 1809 520 eorum

131 555 298 612 solemnitas
321 556 424 614 debeat
443 559 548 614 iterari.
572 560 603 614 ln
627 576 684 631 qno
705 558 864 615 sanctuaria
886 574 946 614 non
996 556 1131 628 deinceps
1146 556 1259 629 plenius
1273 575 1333 613 essa
1352 556 1672 629 meritisadJurandam.

130 650 492 723 fuerint,nihiljudicamus
502 652 625 720 allicere,
634 654 684 710 sed
693 669 816 726 peream
826 652 948 708 minime
1033 651 1076 705 Vl.
1090 650 1119 707 Si
1133 651 1198 723 quis
1207 652 1355 724 episcopus
1375 656 1425 708 aut
1440 651 1673 724 presbyterjuxta
1686 667 1811 724 praecep

131 759 207 816 aqua
215 743 368 801 benedicta
375 746 509 818 jactetur,
523 749 592 819 quia
601 747 846 804 consecrationem
856 747 947 818 cujus-
997 750 1058 799 tum
1076 745 1190 801 Domini
1209 761 1266 800 non
1283 745 1470 816 baptizaverit
1486 745 1517 800 in
1535 745 1654 801 nomine
1669 746 1811 813 Patris,et

130 837 202 893 libet
214 839 340 894 eeclesiae
357 841 387 895 in
402 857 460 913 qua
474 841 596 913 Spiritus
614 842 702 898 sancti
721 857 769 896 ara
784 857 843 896 non
861 841 946 913 poni·
997 838 1069 906 Filii,
1091 843 1120 894 et
1133 838 1253 911 Spiritus
1274 840 1373 907 sancti,
1387 839 1437 895 sed
1456 840 1486 895 in
1502 855 1563 896 una
1583 855 1706 912 persona
1717 839 1810 894 Trini-

130 936 188 1000 tur,
203 933 397 990 celebritatem
415 938 527 992 tantum
545 937 650 992 scimus
663 953 724 993 esse
743 936 904 1004 missarum,
919 939 948 992 et
998 933 1074 1002 tatis,
1090 937 1141 989 aut
1152 933 1270 1001 duabus,
1280 936 1330 988 aut
1337 933 1368 987 in
1375 933 1466 989 tribus
1475 933 1610 1006 patribus,
1621 933 1811 989 autintribus

131 1024 195 1082 ideo
207 1028 230 1082 si
245 1044 302 1100 qua
314 1033 478 1086 sanctorum
492 1031 607 1087 basilica
620 1030 844 1087 alundamentis
858 1030 947 1086 etiam
997 1026 1072 1094 liliis,
1094 1032 1143 1083 aut
1165 1027 1254 1083 tribus
1276 1027 1435 1099 paracletis,
1449 1027 1615 1099 projiciatur
1631 1027 1667 1083 de
1689 1027 1811 1084 Ecclesia

131 1120 216 1176 luerit
234 1122 379 1193 innovata,
396 1124 457 1179 sine
476 1125 570 1197 aliqua
590 1125 765 1182 dubitatione
779 1141 845 1181 cum
863 1125 894 1180 in
914 1140 948 1180 ea
997 1119 1054 1176 Dei.

130 1214 281 1270 missamm
295 1216 381 1272 fucrit
398 1218 537 1274 celebrata
551 1219 727 1290 solemnitas,
740 1219 827 1276 totius
842 1218 945 1274 saneti·
1032 1215 1088 1269 Vll.
1105 1214 1178 1269 Nulli
1197 1215 1239 1270 vel
1252 1216 1379 1271 tenuiter
1398 1215 1543 1282 sentienti,
1563 1216 1606 1270 vel
1627 1213 1750 1286 pleniter
1763 1229 1811 1269 sa-

129 1308 224 1365 ficatio
239 1312 461 1368 consecrationis
471 1312 568 1387 268
582 1314 757 1387 implebitur.
770 1313 874 1370 sivero
884 1329 947 1369 san·
996 1307 1088 1380 pleuti
1108 1308 1228 1364 dubium
1247 1314 1300 1378 est,
1314 1309 1393 1382 quod
1413 1309 1535 1365 Ecclesia
1557 1310 1682 1365 Romana
1704 1307 1810 1364 lunda·

129 1403 241 1459 ctuaria
255 1420 320 1476 qun
333 1405 457 1462 babebat
466 1408 561 1463 ablata
574 1412 651 1478 sunt,
666 1424 764 1463 nrrsus
779 1423 880 1463 earum
895 1407 947 1464 de·
997 1406 1126 1458 mentum
1147 1406 1177 1458 el
1195 1403 1289 1459 forma
1312 1404 1348 1457 Sil
1369 1403 1569 1470 Ecclesissrffln,
1595 1421 1612 1457 ἃ
1631 1419 1688 1475 (11¹⁸
1712 1418 1812 1458 omnes

128 1497 273 1568 positione
282 1504 310 1555 et
321 1499 473 1556 missarum
486 1501 666 1558 solemnitate
680 1502 869 1558 reverentiam
883 1518 948 1558 san·
996 1497 1128 1553 eeclesias
1147 1496 1321 1569 principium
1334 1496 1488 1570 sumpsisse
1500 1513 1586 1553 nemo
1600 1500 1677 1553 recte
1694 1497 1811 1554 creden·

129 1591 308 1649 atifieationis
324 1593 453 1666 accipiet.
997 1590 1069 1646 tium
1082 1590 1198 1663 ignorat
1212 1608 1218 1646 :
1234 1590 1370 1663 quoniam
1388 1591 1454 1647 licet
1467 1591 1596 1648 omnium
1614 1591 1811 1665 apostolorum

232 1691 268 1743 lle
281 1690 390 1745 Pascha
401 1691 568 1746 solemnitate
580 1696 605 1746 et
615 1706 725 1762 precam
740 1692 842 1747 maine.
997 1700 1048 1756 par
1064 1688 1140 1741 esset
1151 1685 1261 1753 electio,
1274 1685 1357 1741 beato
1370 1688 1466 1741 tamen
1481 1687 1564 1741 Petro
1578 1701 1744 1741 eoncessum
1757 1690 1810 1757 est,

165 1782 197 1835 V.
210 1782 318 1837 Pascha
336 1798 401 1838 vero
416 1783 545 1839 futurum
566 1801 630 1851 nos,
653 1785 676 1840 si
698 1786 771 1842 lleus
785 1786 908 1841 voluerit
919 1752 1029 1839 rrssut
1049 1779 1159 1835 ceteris
1175 1779 1384 1851 praemineret,
1403 1779 1480 1835 unde
1501 1782 1529 1834 et
1552 1779 1661 1851 Cephas
1681 1783 1810 1851 vocatur,

131 1875 325 1930 Kalendarum
342 1877 477 1933 llaiarum
492 1878 538 1934 die
558 1879 755 1935 celebraturos
766 1895 827 1935 esse
839 1894 946 1950 cogno·
997 1873 1063 1945 qltia
1077 1876 1164 1946 caput
1184 1877 1227 1928 est
1249 1876 1278 1928 ct
1296 1874 1407 1944 primus
1419 1873 1548 1929 omnium
1562 1873 1762 1945 apostolorum.
1778 1875 1813 1930 Et

129 1969 206 2024 scite.
225 1969 363 2025 Ordinem
376 1986 490 2043 quoque
503 1988 621 2043 precum
634 1972 664 2027 in
674 1973 838 2028 celebritate
850 1972 948 2028 missa-
998 1967 1073 2038 quod
1087 1968 1117 2022 iu
1131 1968 1222 2039 eapite
1236 1968 1389 2038 praecessit,
1406 1967 1436 2022 in
1449 1967 1588 2022 membris
1602 1967 1683 2041 sequi
1696 1983 1810 2023 neeesse

130 2080 193 2117 rum
215 2064 293 2118 nullo
317 2080 369 2120 nos
382 2067 523 2137 tempore,
539 2066 619 2122 nulla
632 2066 785 2123 testivitate
804 2066 947 2140 significa-
997 2063 1049 2117 est.
1070 2061 1261 2127 Quamobrem
1276 2064 1373 2117 sancta
1387 2063 1517 2118 nomana
1537 2061 1658 2118 Ecclesia
1671 2061 1733 2134 eius
1746 2077 1809 2118 me·

128 2174 194 2211 mus
221 2158 325 2213 trahere
352 2158 485 2230 divisum,
508 2160 557 2215 sed
581 2176 695 2233 semper
721 2161 820 2218 eodem
847 2165 947 2218 tenore
997 2155 1052 2211 rito
1065 2155 1178 2211 bomini
1191 2171 1257 2211 voce
1271 2159 1444 2223 consecrata,
1460 2158 1489 2211 et
1510 2161 1673 2212 anctorum
1694 2157 1811 2212 Petrum

129 2251 224 2306 oblata
265 2253 322 2308 Deo
356 2269 477 2308 munera
511 2271 689 2311 consecrare,
727 2255 843 2321 Quoties
881 2271 947 2311 vero
996 2250 1163 2306 alletoriiale
1176 2250 1317 2318 roborata,
1327 2250 1568 2322 primatumtenei
1580 2250 1711 2307 omnium
1721 2251 1812 2307 Eccle-

129 2345 279 2416 pascbalis,
303 2351 353 2401 aut
376 2348 547 2402 ascensionis
568 2348 679 2404 Domini
701 2349 744 2404 vel
760 2350 945 2420 pentecostes,
996 2343 1160 2414 siarum,ad
1174 2360 1261 2416 quam
1279 2350 1339 2400 tam
1352 2361 1467 2400 summa
1482 2345 1683 2418 episcopomm
1695 2346 1816 2418 negotia·

129 2444 160 2494 et
173 2439 342 2512 Epiphaniae
354 2446 573 2513 sanctorumque
589 2443 637 2498 Dei
652 2443 737 2499 tuerit
746 2443 858 2514 agenda
871 2443 948 2499 lesti-
997 2441 1025 2493 et
1036 2436 1144 2509 judicia
1156 2440 1241 2510 atque
1255 2438 1389 2511 querela,
1406 2454 1494 2510 quam
1507 2441 1537 2494 ct
1547 2438 1670 2511 majores
1684 2439 1813 2495 ccclesia·

128 2532 211 2600 vitas,
235 2533 347 2606 singula
368 2535 494 2606 capitula
517 2536 618 2592 diebus
642 2540 707 2608 apta
733 2537 945 2609 subjungimus,
997 2548 1061 2586 rum
1081 2531 1262 2604 quaestiones,
1279 2533 1359 2604 quusi
1378 2533 1413 2589 ad
1427 2536 1513 2605 caput
1532 2549 1647 2606 semper
1663 2533 1812 2590 referenda

128 2627 234 2698 quibus
266 2629 570 2685 commemorationem
609 2633 713 2686 saneta
748 2631 944 2703 solemnitatis,
996 2629 1073 2681 sunt.
1098 2627 1167 2682 Nam
1188 2631 1217 2682 et
1238 2625 1288 2699 qui
1312 2643 1343 2681 se
1368 2626 1421 2683 scit
1440 2627 1501 2683 aliis
1525 2643 1586 2683 esse
1614 2627 1810 2701 prepositum,

128 2724 294 2778 aratrorum
314 2721 462 2790 faciamus,
481 2739 604 2795 quorum
619 2724 744 2780 natalitia
757 2725 944 2795 celebramus,
997 2735 1054 2775 uun
1081 2720 1200 2776 moleste
1228 2720 1304 2776 ierat
1330 2721 1454 2794 aliquem
1480 2737 1540 2777 esse
1563 2721 1618 2777 sibi
1647 2722 1810 2794 praelatum.

127 2820 232 2870 catera
254 2832 321 2872 vero
345 2817 444 2873 ordine
466 2820 603 2874 consueto
629 2819 839 2892 persequimur.
870 2820 945 2885 Qua·
997 2816 1059 2886 Ipsa
1080 2829 1203 2886 namque
1223 2815 1345 2870 Ecclesia
1363 2831 1428 2888 quae
1451 2814 1544 2887 primu
1568 2820 1610 2873 est
1630 2815 1669 2871 ita
1694 2815 1813 2888 reliquis

127 2915 245 2981 propter
258 2916 286 2966 et
299 2910 386 2982 ipsius
401 2912 545 2968 canonicae
562 2912 653 2985 precis
668 2915 779 2969 textum
793 2913 948 2970 direximus
996 2908 1120 2965 ccelesiis
1137 2908 1211 2964 vices
1227 2925 1291 2964 suas
1310 2909 1430 2966 credidit
1446 2909 1621 2981 largiendas,
1636 2915 1666 2966 ut
1685 2909 1715 2965 in
1730 2913 1827 2989 parte,

127 3002 226 3059 subter
244 3003 397 3075 adiectum,
417 3021 503 3077 quem
522 3007 580 3062 Deo
600 3006 724 3079 propitio
740 3025 772 3062 ex
794 3008 948 3079 apostolica
997 3003 1054 3059 siut
1062 3007 1168 3060 vocatae
1178 3003 1385 3073 sollicitudinis,
1395 3004 1679 3077 noninplenitudine
1692 3008 1814 3078 potesta-

127 3097 281 3154 traditione
295 3099 487 3170 suscepimus;
511 3104 539 3156 et
551 3105 584 3155 nt
595 3100 718 3156 charitas
730 3104 779 3157 tua
794 3105 983 3198 cognoseatC
997 3098 1042 3167 tis,
1059 3098 1134 3154 unde
1148 3099 1278 3154 omnium
1292 3097 1499 3171 appellantium
1510 3098 1696 3171 apostolicam
1716 3101 1812 3157 sedem
1889 3132 1892 3136 ·

127 3192 231 3263 quibus
256 3191 323 3248 locis
348 3193 444 3265 aliqua
467 3193 665 3250 festivitatibus
693 3199 760 3267 apta
783 3199 944 3265 connectas,
995 3191 1194 3264 episcoporum
1204 3191 1313 3264 judicia
1326 3197 1354 3248 et
1367 3195 1533 3247 cunctarum
1542 3192 1813 3267 majorumncgotia

126 3285 267 3356 paschalis
286 3286 342 3341 diei
364 3303 464 3359 preces
485 3288 570 3344 simul
592 3287 758 3358 adjecimus.
787 3289 834 3344 llis
857 3289 948 3361 igitur
996 3301 1147 3341 causarum
1169 3286 1262 3342 eidem
1284 3289 1390 3342 saneta
1405 3285 1464 3341 sedi
1483 3291 1623 3342 reservata
1637 3302 1697 3343 essa
1710 3287 1811 3359 liquet,

128 3380 314 3437 fraternitatis
335 3385 392 3436 tuse
415 3380 593 3453 inquisitioni
615 3383 769 3455 responsis,
793 3383 946 3440 bominum
996 3379 1155 3451 pracsertim
1179 3396 1246 3436 cum
1270 3380 1300 3434 in
1323 3380 1367 3436 his
1388 3379 1522 3436 omnibus
1548 3380 1610 3452 eJ'us
1637 3396 1752 3452 semper
1777 3381 1813 3437 sit

128 3477 258 3529 nostrum
273 3478 413 3547 quantum
430 3491 754 3547 possumusexoramus,
770 3477 947 3533 utomnibus
996 3474 1216 3546 exspectandum
1240 3475 1400 3529 consultum
1426 3491 1433 3529 :
1459 3474 1540 3546 cujus
1565 3474 1673 3530 tramiti
1698 3473 1721 3529 si
1747 3475 1812 3547 quia

127 3567 274 3622 catholicae
290 3567 437 3639 religionis
459 3568 589 3626 Ecclesiis
612 3569 687 3626 circa
709 3571 856 3627 universos
877 3587 947 3642 quos
996 3568 1108 3625 obviare
1129 3568 1288 3637 tentaverit,
1310 3568 1489 3624 sacerdotum
1510 3585 1611 3625 causas
1629 3585 1659 3625 sa
1678 3585 1736 3625 non
1748 3569 1811 3625 sine

127 3660 227 3715 fideles
249 3661 303 3716 sibi
322 3661 420 3729 eflicit,
437 3663 536 3733 gratia
558 3680 617 3719 suae
631 3663 706 3719 dona
726 3664 905 3737 multiplicet,
918 3670 949 3721 et
996 3662 1113 3718 honoris
1134 3662 1177 3717 sui
1199 3661 1326 3735 periculo
1339 3663 1415 3735 apud
1429 3662 1560 3721 eamdem
1572 3666 1698 3720 sanctam
1712 3665 1810 3721 sedem

128 3754 164 3808 ab
180 3754 313 3810 omnibus
328 3754 439 3810 insidiis
451 3755 607 3827 spiritualis
619 3757 707 3813 hostis
722 3762 808 3830 atque
823 3757 947 3814 camelis
995 3757 1106 3812 noverit
1123 3755 1313 3813 redditurum.
1329 3757 1400 3813 Data
1412 3757 1532 3815 Kalend.
1546 3758 1647 3828 Martii,
1663 3759 1810 3815 Wisiliauo

127 3851 244 3902 cunctos
262 3849 382 3920 populos
401 3866 467 3905 suos
489 3850 620 3922 redigere
636 3851 771 3923 dignetur
790 3851 945 3908 immunes.
996 3854 1024 3908 et
1037 3852 1165 3908 iohanne
1180 3852 1215 3906 lll
1228 3850 1400 3909 consulibus.

128 3941 313 4012 Significatrrr
328 3943 414 3998 etiam
434 3943 582 3999 beatorum
598 3945 793 4016 apostolorum
806 3947 852 4002 vel
869 3962 943 4001 mar·

412 4347 702 4443 lNClPlUNT
753 4350 1016 4445 DECRETA
1069 4355 1294 4451 PELAGll
1346 4356 1529 4450 PAPAE.

840 4554 1098 4569 ῃ

266 4685 386 4754 Epistola
401 4685 505 4753 Pelopia?
512 4701 594 4755 popa
607 4687 644 4741 oct
661 4689 801 4756 vigiliam.
952 4697 1103 4778 Dsccreta
1117 4695 1167 4751 Dei
1190 4699 1219 4750 et
1239 4696 1402 4769 intelligere
1423 4698 1560 4769 mysteria
1581 4699 1691 4754 valeant
1703 4699 1809 4769 divina,

158 4779 293 4832 Petamus
308 4777 458 4849 opiscopus
471 4779 578 4835 Vincam
588 4780 758 4854 coepiscopo
771 4785 904 4841 salutem.
993 4793 1021 4845 et
1033 4789 1196 4846 mundanda
1210 4794 1278 4846 sunt
1291 4791 1369 4863 prius
1390 4791 1478 4847 corda
1490 4808 1590 4848 eorum
1605 4809 1657 4865 per
1669 4794 1809 4866 poeniten·

157 4870 270 4927 Gaudeo
282 4871 348 4925 fidei
361 4871 513 4928 devotione
525 4877 581 4929 tucn
601 4875 679 4945 quod
691 4876 860 4948 religiosum
880 4882 940 4935 stu·
992 4882 1059 4937 tiam
1079 4888 1111 4938 ut
1135 4884 1295 4956 intelligere
1317 4885 1510 4956 postmodum,
1538 4891 1566 4942 et
1589 4903 1691 4959 capere
1712 4889 1809 4944 lumen

122 4964 203 5018 ‹lirrm
224 4968 253 5018 ct
270 4964 396 5020 divinum
419 4966 546 5022 ollrcium
570 4966 722 5039 dignanter
739 4971 892 5041 impendis,
915 4978 943 5029 et
992 4976 1120 5032 veritatis
1141 4979 1258 5050 possint.
1281 4978 1390 5044 Quibus
1412 4983 1509 5036 tamen
1522 4981 1557 5037 ad
1573 4999 1672 5037 eorum
1687 4999 1719 5037 ac
1734 4983 1810 5038 mul-

123 5058 249 5112 maxime
270 5058 348 5130 quod
368 5058 435 5113 fidei
458 5060 589 5117 inimicos
611 5063 756 5118 aemularis
781 5066 942 5136 apostolica.
993 5077 1088 5126 torum
1111 5072 1350 5129 illuminationem
1371 5075 1543 5146 corrigendo
1561 5076 1660 5132 talium
1683 5092 1810 5131 errorem

121 5151 196 5206 sedis
207 5168 338 5223 quarens
350 5155 490 5225 exempla.
506 5154 594 5211 Didiei
608 5171 676 5212 sane
690 5160 748 5212 tam
759 5174 810 5229 per
822 5159 942 5216 latorem
993 5166 1148 5236 apostolica
1161 5168 1329 5223 auctoritate
1343 5169 1575 5240 respondendum
1597 5174 1640 5224 est
1656 5169 1696 5224 ita
1710 5187 1717 5223 :
1732 5169 1808 5234 Quo-

121 5251 238 5301 tuarum
253 5262 340 5318 quam
352 5252 381 5302 et
395 5263 447 5318 per
467 5248 577 5303 litteras
590 5254 652 5305 tuas
665 5251 741 5322 quod
755 5252 812 5307 sint
826 5253 942 5325 quidam
994 5258 1079 5315 modo
1100 5277 1150 5316 ros
1171 5263 1283 5317 Patrem
1305 5265 1334 5318 et
1356 5262 1457 5319 Filium
1483 5280 1572 5318 unum
1599 5261 1726 5334 proliteri
1750 5280 1809 5319 non

121 5356 213 5411 penes
232 5356 283 5395 vos
306 5341 356 5413 qui
380 5340 507 5397 diceutes
532 5342 688 5411 garriunt:
711 5345 837 5409 Qualiter
859 5348 944 5404 Pater
994 5353 1102 5409 vultis?
1129 5356 1181 5412 Eos
1202 5355 1290 5411 etiam
1311 5374 1364 5413 nos
1389 5374 1478 5413 unum
1501 5362 1530 5412 et
1551 5372 1649 5411 rerum
1678 5357 1766 5412 Deum
1793 5374 1809 5411 a

122 5439 152 5487 et
162 5433 248 5489 Filius
260 5451 335 5489 unus
350 5437 518 5506 potestesse
533 5438 614 5503 Deus,
631 5454 696 5492 eum
709 5444 813 5509 praeter
827 5438 943 5496 Patrem
994 5448 1141 5520 prophetis
1162 5454 1191 5505 et
1212 5451 1346 5522 apostolis
1370 5451 1546 5507 ostendimus
1570 5448 1769 5521 predicatum,
1792 5468 1810 5507 a

119 5527 267 5582 aliusnon
283 5528 320 5583 sit
334 5529 418 5596 Dens,
439 5529 486 5601 qui
503 5528 614 5585 dicatur
627 5530 773 5601 ingenitus
793 5536 879 5604 atque
897 5535 941 5589 in·
993 5540 1096 5613 quibus
1112 5542 1200 5597 etiam
1220 5543 1359 5616 Spiritum
1375 5543 1515 5599 eredimus
1529 5546 1658 5598 sanctum
1673 5559 1732 5599 non
1748 5561 1809 5600 esse

121 5624 258 5682 visibilis?
272 5626 305 5681 lli
316 5644 383 5682 sanc
397 5627 420 5682 si
433 5627 537 5683 scireut
551 5629 660 5683 donum
672 5629 732 5697 Dei,
747 5633 775 5685 ct
784 5647 859 5687 verre
873 5632 943 5688 fidei
994 5635 1157 5704 discretum,
1169 5637 1240 5693 lsaia
1256 5638 1396 5710 propheta
1412 5636 1523 5692 dicente
1535 5654 1542 5692 :
1556 5658 1569 5687 κ
1582 5639 1641 5710 Ego
1651 5654 1714 5693 sum
1724 5640 1809 5707 lleus,

120 5720 234 5790 reptiles
248 5720 453 5792 intelligerent,
464 5738 646 5794 nequaquam
656 5723 724 5778 talia
738 5725 941 5795 mussitarent3
993 5733 1022 5784 et
1043 5746 1101 5785 non
1121 5736 1165 5786 cst
1178 5731 1250 5787 alius
1268 5733 1372 5802 prater
1392 5746 1450 5786 me.
1474 5731 1509 5786 Et
1532 5746 1584 5803 per
1608 5732 1809 5805 memetipsum

120 5812 172 5866 scd
193 5814 337 5886 quianon
357 5815 494 5871 habentes
516 5816 624 5871 munda
644 5817 731 5872 corda
755 5834 820 5890 qna
842 5819 941 5876 videre
988 5822 1064 5894 jaro,
1087 5823 1155 5898 quia
1181 5822 1266 5879 exivit
1293 5839 1326 5881 ex
1352 5839 1401 5880 ore
1426 5840 1492 5880 meo
1517 5824 1631 5897 veritas,
1661 5831 1690 5882 et
1716 5843 1810 5884 sermo
