3870 6150
141 256 193 309 28⁸!
586 246 728 304 arpano.
749 247 793 304 ΑΙ)
812 247 892 304 SAEC.
913 247 957 302 IX.
974 276 1009 288 -
1029 246 1151 304 tsluoltt
1171 242 1384 303 usucamms
1775 247 1824 302 288

175 365 218 415 5'5.
239 360 299 413 Non
314 358 417 413 debere
433 355 566 413 clericum
578 358 622 410 vol
640 356 743 411 laicum
763 356 955 412 Christianum
966 336 1010 440 A·
1043 358 1086 410 58.
1105 356 1169 410 Non
1197 357 1309 425 oportet
1336 353 1366 408 in
1396 350 1529 409 domibus
1553 352 1589 408 ab
1616 352 1758 425 episcopis
1784 354 1825 408 vel

141 469 176 508 er
189 451 323 523 symbolis
335 449 462 506 convivia
475 450 626 505 celebrare.
1006 448 1179 520 presbyteris
1193 447 1368 503 oblationem
1378 446 1450 503 iteri.

176 547 220 598 56.
241 545 301 597 Non
315 546 427 614 oportet
447 543 624 615 presbyteros
636 546 702 598 ante
717 543 879 614 ingressum
896 541 955 613 epi·
1043 545 1087 597 39.
1108 543 1170 596 Non
1192 541 1277 597 licere
1299 541 1422 611 psalmos
1442 540 1477 595 ab
1498 539 1593 596 idiotis
1612 538 1825 611 compositosin

141 636 218 708 scopi
233 635 355 708 ingredi,
369 642 419 691 aut
432 635 529 691 sedere
543 636 573 691 in
587 636 787 692 tribunalibus.
1007 635 1122 690 ecclesia
1143 634 1207 703 dici,
1221 651 1273 690 nec
1291 635 1379 690 libros
1397 634 1448 706 qui
1466 651 1524 689 nou
1544 638 1612 690 sunt
1633 632 1765 690 canonici
1785 634 1824 688 le·

178 732 221 783 57.
240 729 301 783 u'on
323 729 426 785 debere
449 729 478 784 in
491 729 558 784 vicis
577 736 606 784 et
623 729 696 784 riuis
715 730 863 800 episcopos
881 727 957 783 ordi-
1009 743 1086 800 gere.

140 837 219 888 nare,
234 837 327 893 neque
339 822 520 894 presbyteros
533 822 596 878 siue
612 826 757 895 prrecepto
776 823 822 878 vel
841 820 958 876 consilio

142 914 267 987 episcopi
279 914 387 986 aliquid
402 932 499 988 agere.

560 1118 735 1192 INCIPIT
775 1117 1038 1191 CONCILIUM
1077 1115 1406 1189 LAUDICENUM.

178 1284 278 1343 Sancta
303 1288 515 1361 synodusque
534 1288 611 1361 apud
631 1289 806 1346 laodicaeam
826 1289 959 1361 Phrygias
1043 1289 1089 1344 XI.
1105 1289 1158 1344 Eos
1171 1287 1220 1360 qui
1237 1288 1273 1343 ad
1288 1287 1444 1344 Ecclesiam
1465 1285 1611 1358 pertinent
1627 1283 1825 1340 indifferenter

142 1381 275 1453 pacativae
288 1382 419 1437 convenit
431 1398 465 1438 ex
481 1382 599 1439 diversis
613 1382 765 1454 provinciis
777 1383 859 1449 Asia,
876 1399 960 1454 regu·
1008 1380 1082 1436 filios
1096 1381 1226 1453 proprios
1242 1381 1442 1437 haeretIcorum
1454 1379 1561 1452 nuptiis
1581 1377 1703 1434 minime
1719 1377 1824 1433 sociare

142 1474 182 1528 las
197 1474 329 1544 exposuit
349 1475 559 1546 ecclesiasticas,
574 1476 645 1531 sicut
658 1475 734 1531 inira
755 1475 892 1547 scripturn
907 1479 957 1530 est.
1010 1475 1123 1530 debere.

177 1568 444 1641 Car.l.Dceoquod
453 1568 959 1641 oportet,secundumecclesiasticum
1044 1569 1098 1622 Xll.
1113 1567 1282 1639 Episcopum
1296 1584 1354 1622 non
1368 1572 1481 1639 oportet
1499 1569 1601 1639 praeter
1609 1564 1753 1637 judicium
1766 1580 1824 1619 me·

143 1677 285 1716 canonem
300 1663 408 1733 eosqui
424 1662 512 1717 libere
528 1669 557 1718 et
567 1662 695 1734 legitime
710 1662 839 1719 secundis
854 1662 960 1732 nuptiis
1009 1661 1248 1732 tropolitanorum
1258 1661 1685 1732 etfinitimorumepiscoporum
1695 1657 1825 1713 constitui

139 1754 233 1824 juncti
242 1760 379 1819 sunt‚nec
388 1756 530 1810 occultam
540 1755 756 1829 permistionem
767 1756 873 1828 operati
882 1759 957 1824 sunt,
969 1743 998 1814 B
1009 1755 1043 1808 ad
1059 1753 1187 1809 Ecclesiae
1200 1754 1400 1826 principatum,
1414 1771 1466 1810 nec
1486 1755 1629 1824 eligantur
1642 1751 1698 1808 nisi
1714 1752 1744 1807 hi
1757 1768 1825 1824 quos

141 1862 232 1918 pauco
244 1852 373 1919 tempore
393 1852 525 1919 exempto
537 1865 639 1906 vacare
650 1849 824 1905 orationibus
845 1854 873 1904 et
888 1849 959 1919 jeju·
1009 1849 1100 1902 multo
1115 1852 1181 1902 ante
1200 1853 1266 1903 nota
1284 1848 1494 1920 probabilisque
1508 1849 1568 1904 vita
1586 1845 1780 1902 commendat.
1794 1845 1826 1900 Et

141 1940 206 2008 niis,
220 1947 248 1997 et
261 1940 539 1998 secundumveniam
554 1943 633 1999 reddi
649 1943 690 1997 eis
710 1942 958 1998 communionem.
1009 1940 1195 1996 nihilominus
1209 1940 1274 2020 siin
1288 1957 1420 1996 sermone
1435 1941 1501 1996 fidei
1522 1944 1642 1996 circata
1660 1938 1824 2011 operatione

178 2034 319 2106 ll.Hisqui
328 2034 505 2091 diversorum
513 2040 694 2108 peccatorum
706 2036 960 2108 lapsusincurrunt
1009 2051 1060 2106 per
1075 2051 1154 2090 suem
1168 2034 1412 2090 conversationem
1426 2036 1533 2091 suerint
1545 2033 1663 2106 probati.

143 2134 172 2186 et
184 2131 321 2201 oratione,
335 2132 510 2188 confessione
523 2150 555 2188 ac
564 2133 731 2206 paenitentia
742 2135 885 2189 malorum
896 2149 959 2188 suo·
1044 2129 1110 2185 lllll.
1122 2129 1161 2184 De
1174 2145 1207 2185 eo
1219 2128 1296 2202 quod
1307 2145 1364 2184 non
1375 2129 1411 2183 sit
1417 2129 1531 2201 populis
1542 2127 1762 2184 concedendum
1773 2127 1824 2184 ele-

141 2240 207 2279 rum
231 2225 386 2295 perfectam
411 2226 653 2281 conversationem
676 2226 885 2296 demonstrant,
908 2243 958 2297 pro
1009 2220 1131 2277 ctionem
1143 2222 1235 2278 iecere
1250 2239 1349 2278 eorum
1364 2223 1412 2295 qui
1425 2222 1524 2277 altaris
1534 2221 1695 2278 ministerio
1705 2227 1824 2294 suntap

142 2316 276 2387 qualitate
296 2319 412 2388 peccati,
425 2318 599 2389 poenitentiae
617 2324 730 2392 tempus
745 2319 959 2387 attribuendum
1008 2315 1146 2390 plicandi.

110 2444 113 2448 -
142 2414 185 2464 est
206 2413 323 2481 propter
343 2411 570 2468 misericordiam
594 2416 623 2467 et
642 2411 802 2467 bonitatem
825 2412 885 2466 Dei.
904 2411 958 2476 Qui
1044 2410 1110 2464 lllV.
1127 2409 1243 2465 sanctes
1255 2410 1413 2466 oblationes
1427 2410 1464 2466 ad
1479 2411 1568 2466 vicem
1583 2409 1765 2482 eulogiarum
1776 2425 1823 2481 per

142 2518 211 2574 ergo
222 2502 388 2574 hujusmodi
398 2507 466 2561 sunt
476 2504 663 2564 revocandiet
672 2506 709 2561 ad
722 2506 959 2561 communionem
1008 2501 1188 2558 testivitatem
1206 2504 1366 2560 Paschalem
1384 2505 1420 2559 ad
1437 2504 1507 2559 alias
1519 2504 1668 2576 parochias
1683 2503 1760 2559 mitti
1772 2503 1822 2559 mi-

141 2598 208 2650 sunt
222 2596 394 2669 applicandi.
1008 2594 1087 2650 nime
1101 2600 1223 2667 oportet.

176 2691 288 2745 lllllon
300 2696 414 2763 oportet
423 2693 600 2766 neophytum
609 2692 772 2766 promoveri
781 2693 817 2748 ad
828 2692 957 2749 ordinem
1043 2689 1095 2744 XV.
1112 2690 1173 2744 Non
1188 2673 1271 2744 licere
1285 2694 1391 2763 praeter
1402 2690 1553 2747 canonicos
1567 2691 1694 2764 psalmos
1707 2690 1764 2747 nisi
1778 2688 1824 2762 qui

141 2782 361 2839 sacerdotalem.
574 2789 577 2801 '
1008 2781 1178 2853 regulariter
1201 2789 1330 2840 cantores
1358 2784 1493 2851 existunt,
1516 2785 1565 2856 qui
1588 2801 1653 2857 qua
1685 2785 1822 2855 pulpitum

177 2876 221 2930 lV.
234 2877 296 2931 Non
310 2877 396 2933 licere
408 2894 509 2935 manus
528 2880 711 2951 impositione
725 2896 810 2952 super
823 2879 957 2936 ordinan-
1008 2875 1166 2931 ascenduut
1181 2882 1209 2931 et
1230 2877 1265 2931 de
1283 2877 1378 2932 codice
1400 2877 1502 2949 legunt
1514 2877 1612 2948 alium,
1626 2877 1786 2949 quemlibet
1797 2875 1823 2930 in

142 2964 193 3022 dos
205 2969 392 3040 presentibus
407 2973 616 3029 catechumenis
634 2973 707 3030 fieri.
1008 2968 1125 3023 ecclesi&
1144 2970 1272 3040 psallere·

177 3061 208 3115 V.
227 3062 288 3118 Non
315 3062 400 3120 licere
422 3065 553 3121 fenerare
575 3067 714 3122 ministris
735 3066 842 3134 altaris,
862 3067 907 3122 vel
928 3065 956 3122 in
968 3106 996 3180 C
1044 3062 1107 3116 XVI·
1121 3061 1248 3118 &abbatis
1267 3061 1419 3135 Evangelia
1434 3081 1499 3120 cum
1521 3064 1583 3119 aliis
1608 3064 1763 3137 scripturis
1785 3064 1823 3120 le·

141 3155 307 3210 sacerdotali
329 3157 429 3213 ordine
451 3159 619 3228 constitutis,
634 3161 677 3215 vel
692 3176 789 3215 usuras
804 3161 847 3216 vel
868 3160 956 3231 lucra,
1009 3155 1102 3226 genda
1114 3170 1173 3211 esse
1187 3173 1346 3212 censemus.

141 3264 206 3319 quae
219 3249 352 3322 sexcupla
370 3250 513 3320 dicuntur,
530 3253 671 3325 accipere.
1043 3249 1120 3304 xvir.
1135 3252 1165 3303 ln
1179 3249 1408 3320 processionibus
1417 3267 1477 3307 non
1492 3253 1674 3322 connectere,
1686 3251 1716 3307 id
1731 3255 1784 3319 est,
1793 3267 1824 3306 ex

176 3342 219 3397 vt.
234 3341 295 3397 Non
309 3344 528 3400 concedendum
540 3345 678 3402 haereticis
688 3346 849 3418 ingressum
858 3347 959 3403 domus
1008 3340 1125 3397 diversis
1140 3343 1266 3398 versibus
1279 3349 1307 3399 et
1319 3344 1447 3400 sensibus
1460 3345 1525 3400 libri
1537 3345 1567 3400 in
1577 3361 1670 3400 unum
1683 3345 1824 3401 canticum

140 3433 190 3490 liei
202 3435 232 3491 in
245 3436 346 3493 hoeresi
358 3439 604 3509 permanentibus.
1007 3435 1126 3490 minime
1136 3436 1322 3508 conjungere.
1335 3437 1393 3493 Sed
1404 3438 1583 3510 sIngulorum
1591 3439 1773 3510 psalmorum
1784 3454 1826 3493 or

177 3527 230 3583 Vll.
245 3529 416 3585 Novatianos
428 3532 473 3586 rel
489 3533 576 3588 etiam
592 3533 872 3603 Quartodecimanos,
888 3550 958 3606 quos
1007 3528 1169 3584 dinabiliter
1181 3530 1285 3585 debere
1299 3530 1361 3586 fieri
1374 3531 1538 3589 lectionem.

139 3621 229 3678 Graeci
252 3623 573 3682 'thesserescedecatires
598 3629 753 3698 appellant,
779 3628 808 3683 id
835 3631 887 3696 est,
909 3628 958 3700 qui
1044 3620 1108 3696 68
1120 3624 1210 3679 xvlu.
1224 3624 1265 3678 lle
1275 3641 1308 3679 eo
1319 3624 1398 3696 quod
1410 3642 1526 3697 semper
1534 3625 1757 3697 supplicationes
1765 3641 1826 3681 ora·

139 3715 352 3787 quartadecima
361 3717 430 3774 luna
442 3718 528 3791 primi
541 3720 649 3775 mensis
661 3736 727 3776 curn
739 3720 843 3776 Judaeis
853 3722 958 3777 Pascha
1007 3717 1128 3785 tionum,
1144 3722 1172 3773 et
1191 3717 1227 3772 ad
1247 3717 1351 3773 horam
1371 3734 1477 3774 nonam
1492 3724 1521 3774 et
1536 3735 1699 3791 vesperam,
1715 3723 1826 3792 oportet

140 3808 292 3877 celebrant,
309 3810 402 3867 sedet
418 3812 637 3869 catechumenos
658 3829 759 3870 eorum
781 3815 879 3870 fideles
899 3830 958 3871 non
1008 3810 1154 3866 celebrari.

139 3901 235 3973 recipi,
250 3902 416 3976 priusquam
431 3905 625 3962 condemnent
644 3923 760 3962 omnem
780 3906 913 3962 haeresim
927 3907 958 3962 in
1042 3904 1106 3958 lllll.
1121 3902 1264 3966 Quoniam
1278 3905 1549 3962 catechumenorum
1565 3906 1727 3963 orationem
1748 3922 1827 3982 sepa·

139 4011 195 4067 qua
207 3997 418 4069 detinebantur,
429 3998 591 4069 plenissime
607 4002 704 4055 autem
728 4004 794 4054 ante
815 3999 914 4055 omnia
930 4003 959 4055 ct
1007 3995 1090 4051 ratim
1104 3999 1132 4050 et
1146 3995 1226 4068 prius
1248 3999 1393 4068 prostratis
1410 4000 1451 4055 eis
1466 4000 1631 4073 episcopum
1655 4004 1772 4073 oportet
1784 4017 1827 4057 ce-

139 4103 217 4144 nunc
234 4086 283 4161 qui
304 4089 381 4161 apud
394 4106 443 4145 eos
463 4090 560 4146 fideles
572 4091 707 4147 dicuntur
719 4090 879 4163 symbolum
891 4091 958 4148 iidei
1007 4088 1128 4144 lebrare.
1143 4087 1252 4152 Quibus
1267 4093 1387 4162 egressis
1400 4096 1483 4148 orent
1497 4093 1585 4150 etiam
1605 4094 1636 4149 hi
1650 4096 1700 4166 qui
1720 4095 1750 4149 in
1764 4110 1825 4168 poe·

140 4175 305 4251 doceantur,
319 4184 404 4253 atque
415 4182 455 4238 ita
468 4189 567 4239 unctos
586 4183 671 4239 etiam
689 4189 785 4239 sancto
803 4184 957 4242 chrismate
1008 4183 1129 4238 nitentia
1142 4189 1208 4238 sunt
1229 4185 1386 4242 constituti.
1402 4188 1436 4242 st
1455 4190 1521 4259 post
1539 4203 1642 4243 manus
1666 4187 1827 4260 impositio·

139 4273 235 4330 divino
249 4279 429 4329 sacramento
444 4274 654 4332 communicare
664 4277 805 4334 convenit.
1005 4293 1083 4345 nem,
1095 4277 1141 4333 his
1154 4293 1268 4350 qnoque
1292 4279 1519 4350 abscedentibus,
1534 4285 1602 4337 tunc
1620 4281 1721 4338 fideles
1743 4298 1825 4338 oram

176 4367 243 4424 Vlll.
260 4368 314 4423 Eos
327 4367 376 4439 qui
388 4371 595 4425 convertuntur
608 4369 643 4426 ab
657 4370 760 4426 heresi
775 4387 839 4443 quoe
854 4371 958 4428 dicitur
1006 4370 1159 4427 debebunt.
1172 4372 1299 4435 Quorum
1312 4375 1368 4428 tres
1378 4373 1520 4430 orationes
1533 4374 1615 4443 fiunt,
1626 4390 1683 4430 una
1695 4375 1825 4448 quidem,

140 4461 410 4535 Cataprhrygarum,
423 4461 473 4536 qui
492 4478 521 4518 ae
543 4461 573 4518 in
592 4463 667 4520 clero
681 4464 849 4521 constitutos
863 4463 1035 4550 existi-Did
1048 4470 1091 4519 est
1106 4465 1207 4536 prima,
1220 4482 1272 4537 per
1284 4466 1437 4535 silentium,
1454 4468 1580 4524 secunda
1592 4485 1661 4526 sero
1681 4473 1711 4526 et
1730 4472 1825 4540 tertia

140 4560 229 4626 ment,
241 4556 371 4630 quamvis
380 4556 479 4630 magni
492 4556 794 4630 dicanturhujusmodi
804 4562 959 4617 cumomni
1009 4574 1060 4631 per
1071 4558 1145 4612 vocis
1158 4559 1430 4630 pronuntiationem,
1444 4566 1474 4618 et
1484 4566 1552 4618 tunc
1567 4563 1683 4621 demum
1696 4566 1825 4622 osculum

140 4649 289 4722 diligentia
298 4649 465 4706 catechizari
476 4653 589 4723 oportet
596 4657 625 4706 et
633 4651 817 4724 baptizariab
827 4654 958 4712 licclesiae
1008 4650 1084 4722 pacis
1098 4651 1166 4707 dare
1181 4652 1295 4708 debere.
1310 4655 1345 4710 Et
1365 4659 1462 4726 postea
1481 4672 1568 4728 quam
1593 4658 1752 4730 presbyteri
1769 4659 1827 4732 epi·

140 4742 284 4799 catholicae
298 4744 438 4817 episcopis
451 4744 673 4817 etpresbyteris.
1008 4760 1093 4817 scopo
1117 4761 1215 4817 pacem
1235 4746 1373 4814 dederint,
1396 4753 1463 4804 tunc
1486 4751 1571 4806 etiam
1595 4751 1681 4809 laicos
1704 4752 1773 4810 dare
1798 4755 1826 4807 et

176 4834 218 4894 tx.
231 4835 291 4892 Non
304 4836 519 4894 concedendurn
529 4838 558 4893 in
571 4839 743 4910 coemeteria,
752 4840 796 4896 vel
808 4856 872 4913 quae
884 4857 958 4897 mar-
1008 4843 1076 4894 tunc
1090 4837 1195 4894 oblatio
1215 4839 1362 4908 offeratur,
1379 4842 1445 4896 solis
1464 4849 1561 4899 autern
1573 4845 1712 4901 ministris
1731 4846 1827 4903 altaris

139 4930 214 5004 tyria
243 4931 442 4989 hereticorum
469 4931 612 5003 dicuntur,
639 4933 794 4990 catholicos
822 4935 959 4992 orationis
1008 4932 1091 4988 liceat
1101 4933 1215 5005 ingredi
1229 4934 1264 4988 ad
1276 4935 1364 4989 altare
1375 4941 1403 4990 et
1413 4935 1518 4992 ibidem
1532 4939 1754 4998 communicare.

141 5024 235 5098 gratie
246 5029 276 5080 et
287 5024 420 5097 petendae
436 5025 588 5082 curationis
601 5026 720 5082 intrare.
739 5026 794 5082 Sed
810 5032 838 5082 et
855 5028 956 5099 quiie·
1043 5026 1093 5080 llll.
1128 5026 1268 5091 Quoniam
1301 5044 1358 5083 non
1390 5036 1501 5101 oportet
1538 5032 1691 5088 diaconum
1726 5035 1826 5091 sedere

140 5121 218 5187 mut,
238 5118 262 5174 si
282 5123 350 5175 sunt
371 5118 480 5187 fideles,
502 5118 785 5176 incommunicabiles
809 5120 898 5175 iactos
920 5113 960 5175 ad
1008 5125 1076 5174 ante
1089 5121 1356 5194 presbyterumsed
1369 5140 1402 5178 ex
1411 5123 1538 5195 jussione
1549 5126 1824 5199 presbyterisedcat,

140 5208 336 5286 paenitentiam
351 5228 439 5285 usque
453 5213 488 5270 ad
500 5213 618 5285 aliquod
629 5216 743 5285 tempus
756 5213 858 5285 redigi,
870 5214 959 5286 poeni·
1008 5212 1137 5270 similiter
1148 5219 1244 5269 autem
1257 5213 1462 5272 honorificetur
1474 5224 1502 5274 et
1515 5219 1676 5276 diaconusa
1688 5221 1825 5279 ministris

139 5309 233 5364 tentes
260 5308 357 5364 autem
385 5322 434 5362 eos
462 5309 491 5362 et
518 5322 626 5361 errasse
661 5306 829 5362 confitentes
854 5306 957 5378 suscipi
1008 5305 1191 5362 interioribus
1208 5308 1379 5365 etomnibus
1394 5311 1512 5368 clericis.

141 5405 263 5473 oportet.
1043 5402 1108 5458 lllll.
1135 5401 1278 5466 Quoniam
1306 5419 1366 5460 non
1392 5409 1506 5477 oportet
1529 5407 1718 5466 subdiaconos
1735 5411 1824 5467 licen·

175 5494 205 5549 x.
216 5493 417 5566 llulieresquae
427 5493 503 5565 apud
513 5491 626 5549 Grecos
633 5488 807 5564 presbyterae
816 5492 959 5567 appellan-
1008 5493 1077 5550 tiam
1099 5495 1204 5552 habere
1222 5496 1253 5552 in
1268 5498 1461 5569 secretarium,
1481 5500 1539 5557 sire
1561 5503 1720 5560 sacrarium
1741 5503 1825 5578 (quod

140 5590 197 5654 tur,
211 5587 288 5657 apud
305 5604 354 5642 ros
371 5586 474 5655 viduae,
490 5586 616 5642 seniores
638 5585 765 5655 univirae,
786 5587 958 5645 matricurioe
1007 5589 1098 5645 Groeci
1116 5591 1276 5648 diaconicon
1299 5594 1451 5667 appellant)
1465 5594 1588 5669 ingredi,
1602 5597 1632 5653 ei
1655 5598 1824 5674 contingens

139 5680 330 5748 appellantur,
345 5679 374 5737 in
389 5679 511 5738 Ecclesia
525 5682 663 5754 tanquam
677 5681 841 5738 ordinantes
853 5682 955 5739 consti
1008 5700 1073 5738 rasa
1087 5683 1242 5743 [lominica.

118 5765 241 5823 lur'non
253 5768 371 5831 debere.
