3870 6150
526 264 761 329 btluustatttltl
781 272 972 329 COthECTlt).

206 598 493 694 lNCIPlUN'l'
543 593 805 692 uuuuuut
856 598 1074 694 EUSEBll
1125 600 1307 694 PAPAE.

336 768 426 842 (Anno
440 769 553 825 Domini
566 770 627 838 309,
642 772 771 841 tempore
783 769 962 826 Constantini
973 769 1176 843 imperatoris.)

103 1037 128 1093 is
143 1037 279 1093 iratribus
296 1040 415 1094 Domino
433 1044 462 1095 et
475 1041 532 1097 Deo
544 1041 652 1096 dilectis
666 1042 727 1114 epi·
739 1046 877 1129 Asponte
907 1042 1018 1114 prolata
1047 1041 1076 1096 in
1105 1041 1161 1097 illis
1187 1058 1241 1098 vox
1265 1042 1372 1097 habere
1401 1059 1457 1100 non
1483 1050 1591 1118 potcst3

103 1131 152 1187 bus
163 1148 215 1204 per
230 1133 386 1188 Gallicanos
402 1134 561 1204 provincias
571 1135 728 1190 constitutis
779 1135 854 1190 hanc
882 1134 998 1190 dirersis
1026 1133 1194 1191 eruciatibus
1216 1151 1232 1190 e
1254 1135 1370 1192 latebris
1395 1137 1453 1192 suis
1476 1139 1592 1210 religio·

779 1245 827 1282 sus
846 1232 936 1283 tortor
955 1227 1069 1301 exigere
1095 1227 1188 1297 debet,
1211 1234 1243 1285 ut
1263 1229 1332 1285 dum
1360 1231 1452 1303 poenis
1476 1247 1594 1305 corpora

103 1319 227 1374 netimtis
245 1324 344 1374 restra
363 1337 428 1375 cum
448 1336 556 1391 magna
570 1321 727 1392 gratianum
779 1322 935 1389 solvuntur,
955 1337 1020 1394 quse
1038 1326 1116 1393 gesta
1134 1326 1201 1377 sunt
1216 1322 1337 1379 fideliter
1349 1327 1377 1379 et
1389 1324 1528 1381 veraciter
1546 1343 1593 1381 ex-

103 1413 175 1483 cepi,
206 1415 319 1485 gavisus
341 1414 446 1468 scilicet
470 1415 505 1469 de
528 1417 619 1470 vestra
642 1415 729 1486 sospi·
778 1415 936 1487 quirantur.
954 1415 1046 1485 Unde,
1064 1416 1440 1489 quaeso,primumadloges
1454 1419 1593 1490 publicas,

103 1506 243 1561 atristatus
264 1507 349 1561 nimis
369 1508 404 1562 de
424 1512 513 1562 vestra
535 1509 728 1580 oppressione.
779 1509 882 1564 deinde
906 1508 1072 1580 adjudices
1095 1525 1147 1564 ura
1168 1510 1331 1579 convertite,
1355 1512 1403 1584 qui
1426 1518 1544 1583 possunt
1567 1519 1596 1570 et

104 1600 188 1654 castis
203 1599 280 1654 enim
298 1600 364 1670 quid
383 1601 417 1655 de
430 1603 571 1656 conversis
588 1601 729 1657 haereticis
778 1603 877 1657 volunt
889 1602 919 1656 in
934 1601 1098 1658 defensione
1110 1603 1239 1658 omnium
1251 1604 1328 1674 juste
1343 1605 1430 1676 loqui.
1447 1606 1501 1660 Nos
1516 1607 1594 1662 euim

103 1696 140 1761 et,
154 1693 254 1747 scitote
274 1711 324 1747 nos
342 1711 390 1749 eos
405 1695 454 1765 qui
470 1695 498 1748 in
514 1700 620 1751 sanotae
635 1694 727 1749 Trini-
778 1712 851 1768 quos
866 1696 916 1751 [lei
930 1695 1077 1752 servitium
1090 1701 1153 1767 post
1168 1697 1284 1751 istarum
1299 1713 1396 1753 rerum
1407 1698 1595 1771 abjectionem

103 1785 230 1857 baptizati
245 1791 310 1840 suot
326 1804 377 1858 per
394 1789 605 1860 impositionem
625 1805 729 1843 manus
778 1788 844 1844 iecit
865 1788 1016 1860 ingenuos,
1040 1789 1089 1861 qui
1110 1789 1209 1844 talium
1231 1790 1437 1859 insultationes,
1457 1796 1505 1847 aut
1523 1809 1593 1849 con·

103 1893 123 1933 e
141 1880 365 1935 accusationibus
381 1899 448 1937 vero
465 1883 631 1938 clericorum
644 1899 729 1954 super
777 1883 922 1950 tumelias,
948 1884 997 1936 aut
1018 1881 1202 1952 despicimus,
1226 1888 1275 1937 aut
1297 1883 1471 1952 deridemus,
1492 1887 1595 1957 quibus

103 1970 199 2040 dastis,
220 1974 328 2043 scitote,
351 1978 515 2047 atempore
533 1977 729 2048 apostolorum
779 1976 918 2048 scriptum
941 1978 984 2030 est
1005 1975 1040 2031 de
1064 1974 1181 2030 famulis
1200 1979 1229 2031 et
1248 1976 1325 2047 rugi
1352 1977 1517 2033 hominibus
1543 1995 1595 2049 per

103 2066 203 2121 surbe
218 2071 359 2122 serratum
378 2085 439 2123 esse
454 2075 631 2125 accusatores
643 2073 672 2124 et
683 2086 727 2124 ac·
779 2070 943 2139 Apostolum
970 2084 977 2124 :
1004 2067 1172 2124 Mementote
1205 2068 1274 2141 quia
1305 2072 1401 2125 vester
1425 2074 1454 2126 et
1480 2071 1594 2127 illenim

103 2162 728 2234 pasexterarumoonsuetudinumlegesnon
780 2162 917 2216 Dominus
934 2162 965 2216 in
985 2162 1060 2217 omlis
1074 2164 1126 2232 est,
1145 2162 1181 2217 ad
1201 2163 1262 2217 haec
1277 2163 1372 2218 saculi
1389 2164 1464 2220 mala
1479 2181 1593 2221 revoca·

104 2253 272 2308 clerieorum
286 2256 464 2310 accusatione
479 2256 632 2311 submotas.
648 2256 730 2311 Simi·
779 2255 1595 2328 bimur?Faciendumanobisest,quodfacientemalterum

106 2362 144 2401 on
158 2364 302 2403 accusasse
316 2349 465 2420 episcopos
480 2350 616 2405 haetenus
631 2350 727 2405 obser·
779 2349 932 2420 profanum
945 2365 1007 2404 esse
1020 2349 1240 2404 contendimus?
1254 2348 1336 2414 Quod
1345 2366 1397 2422 per
1406 2350 1597 2407 ministerium

103 2440 262 2496 institutum
283 2447 335 2512 est,
356 2443 423 2514 quia
442 2444 569 2514 ejusdem
587 2460 645 2498 non
663 2429 1595 2516 suotssjussionisetmanusalienreincestaretaspectum,nostro

103 2533 144 2589 tis.
154 2535 186 2589 Et
198 2535 302 2606 oppido
314 2536 479 2608 eisquidem
490 2537 585 2592 infesti
594 2537 728 2604 existunt,
778 2541 934 2607 peragetur
947 2535 1079 2608 imperio,
1093 2535 1181 2590 nolite
1194 2536 1267 2591 hanc
1281 2552 1333 2607 per
1345 2537 1491 2592 universas
1500 2538 1595 2594 Eccle-

112 2627 169 2682 sita
187 2633 216 2683 et
234 2633 341 2683 secreta
355 2645 454 2683 eorum
474 2648 490 2684 a
509 2631 646 2685 laicorum
661 2631 728 2685 acti·
780 2629 834 2683 sias
846 2631 974 2684 mentem
986 2628 1133 2700 rapacium
1147 2628 1278 2700 luporum
1289 2645 1371 2684 more
1386 2634 1414 2686 et
1426 2635 1526 2686 natura
1536 2648 1595 2686 ser·

114 2736 176 2776 esse
191 2727 311 2787 remota,
323 2723 583 2795 necabhisimpeti
596 2722 728 2790 debeant,
780 2738 856 2789 vare,
870 2722 937 2794 quia
951 2726 1103 2794 postquam
1113 2738 1165 2776 nos
1177 2722 1313 2791 maculat,
1328 2722 1402 2778 sorte
1418 2740 1471 2795 pro
1486 2725 1594 2780 deside-

103 2813 216 2869 titatem
238 2818 267 2869 et
290 2816 462 2886 gravitatem
484 2817 587 2871 nolunt
612 2816 729 2884 imitari,
780 2816 830 2871 riis
852 2832 952 2872 eorum
974 2819 1092 2872 cruenta
1114 2815 1250 2871 discussio
1270 2815 1401 2872 effectum
1423 2816 1451 2871 in
1473 2817 1518 2871 his
1540 2834 1597 2889 quo

103 2924 184 2963 onec
201 2909 231 2963 hi
247 2925 294 2964 eos
307 2911 337 2964 in
356 2911 414 2964 suis
431 2911 528 2966 volunt
542 2911 668 2983 recipere
682 2927 729 2964 ac·
780 2910 904 2966 tendunt
912 2926 970 2965 non
980 2909 1136 2975 habebunt,
1146 2909 1258 2965 dicente
1266 2909 1348 2965 nobis
1356 2910 1537 2982 prophetaz«
1547 2913 1598 2966 Po·

103 3019 116 3056 t.
129 3003 168 3057 lie
183 3003 252 3073 ipsis
264 3020 341 3069 vero,
357 3005 415 3058 suis
427 3004 558 3060 videlicet
575 3005 729 3075 agriculta-
782 3020 884 3058 namus
897 3002 1036 3058 circulum
1050 3003 1081 3058 in
1097 3003 1214 3059 naribus
1223 3019 1334 3071 eorum,
1346 3007 1375 3059 et
1384 3004 1498 3061 frenum
1512 3004 1542 3061 in
1556 3007 1597 3060 la-

105 3095 254 3163 ministris,
271 3097 403 3152 dominus
422 3099 501 3153 laicis
516 3101 543 3152 et
561 3099 669 3154 cunctis
683 3115 731 3153 eos
780 3097 844 3168 biis,
859 3102 888 3153 et
902 3097 1076 3152 reducamus
1095 3113 1142 3152 eos
1160 3097 1190 3151 in
1204 3097 1280 3153 uam
1293 3101 1398 3154 rectam
1416 3099 1479 3170 (isa.
1494 3115 1596 3169 xxxvu,

103 3192 150 3245 bus
162 3190 221 3244 ait:
240 3210 254 3242 a
268 3191 357 3247 Nolite
370 3194 487 3263 tangere
508 3191 628 3247 christos
639 3207 729 3259 meos,
779 3193 834 3261 29),
850 3212 864 3241 o
878 3192 945 3263 quia
960 3191 1063 3247 eodem
1074 3191 1216 3262 propheta
1225 3195 1379 3262 asserente,
1391 3192 1598 3265 impugnantur

103 3283 156 3338 etis
179 3283 252 3338 meis
269 3284 355 3339 nolite
374 3285 529 3356 malignari
549 3287 728 3355 thar.xr1,
780 3284 829 3356 qui
844 3284 951 3353 dicunt,
971 3289 1055 3340 erunt
1074 3274 1154 3357 quasi
1173 3301 1233 3341 non
1253 3285 1319 3353 sint,
1340 3287 1369 3341 et
1390 3287 1524 3358 peribunt
1545 3288 1598 3344 riri

103 3392 125 3432 ta
143 3392 221 3433 sacra
242 3378 385 3450 Scriptura
398 3378 487 3434 dicit:
503 3401 517 3428 «
532 3378 585 3443 Qui
602 3393 651 3434 vos
665 3381 730 3434 tan·
780 3378 830 3450 qui
850 3377 1050 3434 contradicunt
1065 3378 1155 3433 nobis.
1170 3380 1293 3434 lnl'ames
1312 3379 1390 3435 enim
1404 3386 1470 3436 sunt
1483 3383 1595 3453 procul·

103 3470 230 3542 rupiliem
248 3472 322 3526 oculi
341 3472 400 3526 mei
421 3472 507 3542 (zoob.
526 3488 556 3541 u,
574 3475 611 3545 8).
625 3493 638 3522 o
652 3472 730 3528 Talia
781 3471 869 3527 dubia
883 3471 1099 3544 impugnatores
1107 3471 1304 3545 episcoporum
1316 3489 1473 3546 omnesque
1488 3473 1538 3547 qui
1551 3475 1599 3531 ad-

110 3563 215 3618 similia
226 3565 316 3620 sancti
334 3567 430 3621 Patres
450 3566 639 3638 presidentes
652 3566 729 3637 peri·
780 3580 877 3620 versus
889 3567 988 3620 Patres
1001 3572 1160 3635 armantur,
1179 3570 1208 3622 et
1227 3566 1438 3642 conculcatores
1456 3568 1595 3624 Ecclesia·

119 3657 224 3713 saorla
246 3658 401 3713 militantes
420 3659 454 3712 ab
480 3659 659 3714 accusatione
685 3675 728 3713 sa·
766 3671 846 3713 'rum
858 3658 1095 3730 sacerdotumque
1110 3659 1185 3730 ejus;
1201 3664 1230 3714 et
1243 3659 1292 3731 qui
1304 3659 1339 3714 de
1349 3659 1468 3732 publicis
1481 3662 1599 3733 fugiunt

103 3750 277 3821 irohibuere,
303 3752 434 3807 similiter
458 3769 552 3807 servos
576 3757 605 3807 et
627 3753 730 3808 liberos
740 3798 768 3874 C
780 3751 895 3824 praeliis,
913 3756 942 3808 et
956 3750 1094 3807 mandata
1111 3752 1160 3806 Dei
1177 3753 1372 3819 contemnunt,
1390 3758 1419 3808 et
1438 3755 1487 3825 qui
1501 3754 1598 3826 aliqua

103 3861 140 3900 us
155 3845 275 3916 publicis
288 3846 331 3900 vel
347 3847 463 3917 privatis
475 3847 651 3919 subjugatos,
667 3862 729 3902 om·
781 3845 863 3924 culpa
876 3845 1003 3901 infamiae
1015 3848 1208 3917 asperguntur
1219 3845 1339 3900 maculis
1357 3845 1490 3901 omnibus
1501 3846 1596 3919 impu·

103 3953 158 3994 mes
172 3939 208 3993 ab
221 3939 323 3994 eadem
342 3941 519 3995 accusatione
535 3942 578 3995 vel
594 3941 729 4013 tergiver·
780 3938 889 4011 grandi
900 3938 1057 4012 episcopos,
1068 3940 1183 3994 Patrum
1194 3942 1343 4009 sequentes
1352 3938 1492 4008 instituta,
1506 3946 1534 3996 et
1546 3957 1598 3996 nos

103 4038 254 4089 noverunt.
273 4034 336 4089 Non
350 4034 427 4089 enim
444 4037 557 4106 oportet
568 4040 601 4090 ut
613 4035 729 4106 permit·
780 4032 925 4088 licentiam
938 4032 1150 4101 submovemus,
1166 4031 1233 4106 quia
1247 4031 1307 4087 odit
1320 4034 1393 4088 Deus
1407 4048 1465 4103 eos,
1479 4034 1529 4106 qui
1544 4034 1605 4090 ra:

103 4125 152 4182 iles
166 4127 326 4198 spirituales
343 4128 485 4200 persequi,
504 4145 558 4183 nec
577 4128 731 4184 sceleribus
779 4131 839 4181 tres
862 4131 1083 4200 persequuntur,
1110 4130 1143 4182 ut
1171 4128 1287 4182 Petrum
1312 4125 1466 4196 invasores,
1491 4128 1541 4200 qui
1567 4128 1598 4184 in

109 4221 212 4276 saeculo
230 4221 387 4277 militantes
409 4223 556 4293 episcopos
578 4222 729 4293 infamare,
781 4220 861 4274 omni
874 4219 983 4276 mundo
997 4219 1117 4275 infamia
1128 4222 1275 4288 notantur,
1290 4225 1319 4276 et
1332 4221 1483 4293 ideojuste
1502 4227 1530 4277 et
1549 4238 1596 4277 re·

108 4320 159 4370 sut
173 4315 283 4370 crimen
295 4331 448 4386 opponere.
467 4317 537 4370 Nam
551 4316 575 4370 si
591 4317 646 4371 hoc
661 4333 729 4388 apo·
782 4313 919 4385 gulariter
930 4317 1115 4386 respuuntur.
1135 4315 1214 4368 Nunc
1232 4315 1320 4385 leoga
1338 4331 1396 4369 non
1410 4330 1479 4386 opus
1492 4319 1535 4371 est
1545 4315 1594 4370 ad-

103 4423 231 4464 sessores
251 4426 350 4464 eorum
370 4411 581 4482 permitterent,
595 4411 731 4482 perpauci
781 4407 955 4477 monitione;
967 4408 1029 4479 jam
1040 4407 1158 4479 perditis
1171 4407 1267 4462 odium
1281 4407 1417 4463 debemus
1427 4409 1548 4480 operire,
1560 4409 1596 4464 de

104 4502 175 4575 tqui
185 4503 307 4557 Domino
320 4504 348 4558 in
364 4504 531 4559 sacerdotali
541 4504 641 4560 ordine
654 4505 729 4559 mili·
781 4501 883 4573 quibus
893 4502 956 4573 jam
967 4516 1026 4556 non
1041 4506 1169 4572 superest
1178 4502 1254 4572 quod
1264 4502 1595 4571 damneturauctoribus,

103 4611 155 4651 roo
173 4600 202 4650 et
220 4613 282 4662 nos,
300 4600 451 4668 sequentes
466 4601 583 4653 Petrum
599 4598 729 4670 vestigia,
781 4595 817 4650 de
826 4595 931 4667 quibus
938 4594 1076 4650 Dominus
1084 4610 1137 4666 per
1145 4595 1318 4666 prophetam
1332 4595 1469 4667 loquitur,
1480 4596 1594 4651 dicens:

103 4707 152 4746 em
165 4707 312 4746 serrorum
326 4693 384 4758 Dei,
400 4709 582 4764 quascunque
596 4693 633 4748 ad
647 4710 729 4749 accu-
782 4710 796 4739 u
809 4689 1006 4764 Reprobantes
1019 4688 1148 4756 verbum,
1165 4688 1299 4760 sperastis
1308 4688 1339 4742 in
1348 4687 1596 4747 calumniametin

103 4800 204 4840 rsonas
220 4785 297 4856 leges
310 4784 430 4856 publicas
440 4803 497 4841 non
511 4787 676 4856 admittunt,
687 4787 730 4843 his
779 4784 936 4838 tumultum
951 4787 979 4838 et
994 4782 1087 4837 innixi
1102 4781 1169 4837 estis
1182 4781 1211 4835 in
1224 4797 1269 4837 eo.
1282 4783 1436 4854 Propterea
1453 4783 1508 4839 erit
1519 4784 1597 4839 robis

103 4879 246 4946 latterum,
257 4884 285 4934 et
295 4896 347 4934 nos
360 4879 504 4935 licentiam
519 4880 728 4951 submovemus,
779 4876 913 4948 iniquitas
925 4877 986 4932 haec
998 4876 1072 4932 sicut
1083 4875 1254 4947 interruptio
1267 4875 1332 4944 (lau.
1349 4893 1413 4943 xxx,
1431 4881 1463 4931 ta
1476 4883 1502 4933 et
1517 4881 1569 4950 ld),
1581 4899 1594 4927 a

103 4973 263 5028 cusationes
283 4990 299 5027 a
314 4973 458 5044 judicibus
471 4975 625 5030 audiantur
638 4975 728 5030 ecclo-
779 4986 877 5026 rursus
886 4969 973 5026 etiam
980 4967 1272 5041 detalibuspropheta
1281 4970 1489 5026 clamatdicens
1500 4988 1507 5026 :
1519 4992 1533 5023 o
1543 4975 1595 5027 Ac·

113 5065 327 5137 legibussreculi
340 5067 538 5139 prohibentur.
549 5068 730 5140 Quapropter
779 5064 871 5120 cedite
879 5064 946 5135 huc,
955 5079 1053 5121 semen
1064 5062 1194 5119 adulterii
1204 5062 1397 5119 etfornicarii.
1411 5066 1594 5138 superquam

103 5159 241 5215 aditauon
250 5160 333 5215 estad
346 5177 473 5232 unguem
485 5163 570 5233 polita
580 5163 726 5233 perfectio,
736 5169 767 5244 Ι)
777 5158 985 5230 lusistis,super
993 5174 1081 5231 quem
1091 5157 1230 5213 dilatastis
1241 5172 1272 5212 os
1282 5159 1311 5212 et
1320 5157 1442 5229 ejecistis
1455 5158 1593 5230 linguam.

104 5253 200 5322 ebcnt,
215 5254 253 5309 ita
270 5258 302 5309 ut
320 5272 373 5310 nec
393 5256 572 5326 mutilentur,
586 5273 639 5311 nec
654 5273 727 5329 prae-
777 5252 912 5326 Nunquid
922 5269 981 5308 non
990 5268 1040 5307 sos
1049 5250 1101 5306 tilii
1111 5250 1221 5306 scelesti
1229 5250 1305 5319 estis,
1318 5268 1416 5309 semen
1427 5251 1570 5308 mendax?
1580 5274 1593 5303 o

104 5363 136 5402 ec
149 5347 190 5401 illi
204 5349 255 5419 qui
271 5354 320 5403 aut
333 5349 363 5403 in
376 5349 433 5403 fide
447 5350 595 5417 catholica,
610 5353 661 5405 aut
672 5351 728 5406 ini·
779 5347 846 5417 lisa.
861 5363 925 5415 aru,
940 5350 966 5415 3,
982 5344 1021 5419 l.)
1034 5345 1151 5402 Cessent
1172 5343 1255 5417 impii
1280 5344 1477 5401 commentitia
1496 5345 1592 5400 adver-

104 5440 159 5497 ecti
179 5447 246 5497 sunt
267 5442 304 5496 ad
324 5444 513 5513 pulsationem
529 5445 730 5515 predictorum
779 5457 827 5496 sus
841 5440 982 5513 simplices
990 5439 1052 5512 jam
1070 5437 1171 5494 fraude
1192 5437 1318 5494 mentiri.
1333 5459 1348 5490 a
1363 5437 1486 5507 Custodi,
1501 5437 1596 5510 iuquit

103 5551 115 5605 ·,
129 5535 199 5607 quia
213 5536 340 5590 veritatis
354 5537 526 5606 professores
537 5536 691 5592 infidelitas
703 5541 730 5593 et
778 5535 929 5608 propheta,
942 5532 1072 5607 linguam
1084 5536 1165 5588 tuam
1178 5548 1195 5588 a
1208 5533 1295 5601 malo,
1315 5534 1344 5588 et
1355 5530 1428 5586 labia
1441 5534 1489 5584 tna
1503 5546 1539 5585 ne
1553 5531 1593 5585 lo·

103 5629 310 5702 opediresolet.
326 5631 434 5685 Necilli
449 5631 582 5686 credendi
596 5634 731 5699 sont,aut
779 5632 905 5700 quantur
930 5626 1040 5683 dolum.
1066 5626 1175 5682 ltecede
1196 5642 1213 5681 a
1237 5623 1324 5694 malo,
1349 5626 1379 5679 et
1405 5623 1449 5678 lac
1475 5622 1594 5696 bonum,

108 5723 159 5797 qui
173 5723 296 5779 aliorum
306 5728 404 5795 sponte
417 5724 538 5780 crimina
549 5726 729 5796 confitentur,
780 5737 876 5796 quere
888 5736 989 5796 pacem
1007 5727 1037 5779 et
1054 5734 1225 5794 persequere
1242 5732 1322 5773 eam.
1335 5686 1612 5775 Oculi⁴ttomxnxsb

103 5816 241 5891 aplicanda
266 5822 309 5873 est
337 5817 454 5874 sollicite
488 5819 607 5892 veritas,
641 5835 729 5897 quam
774 5816 879 5897 justos,
901 5823 932 5881 et
945 5833 1032 5881 turus
1051 5816 1117 5897 eius
1137 5815 1177 5877 ad
1195 5815 1365 5876 amaon
1380 5811 1640 5875 comminuat

118 5914 250 5984 Peraea.
275 5914 383 5981 affl.
1419 5916 1450 6003 ἣ
