3870 6150
135 242 202 296 llis
737 239 971 298 nncnnlntltlt
990 237 1182 294 COLLECTiO.
1749 239 1817 291 liii

131 349 200 403 dum
214 363 280 403 vero
294 352 323 403 et
334 349 515 406 manifestata
525 354 568 406 est
580 366 680 406 eorum
693 350 791 422 iniqua
801 349 886 418 aedo,
895 343 1094 434 hosAsubtili
1116 345 1343 403 consideratione
1363 345 1515 415 decernat,
1537 344 1561 401 si
1581 343 1708 416 expedit,
1729 350 1780 402 aut
1791 347 1815 403 si

130 442 298 499 sacerdotali
305 443 720 516 babituprivatospoenilentiea
731 443 877 501 submitte.
886 446 948 500 Non
996 439 1061 496 loca
1078 440 1123 495 vel
1139 440 1314 513 populorum
1328 440 1420 498 turbe
1432 439 1503 498 talia
1515 455 1578 495 ease
1590 438 1761 511 probantur,
1782 444 1816 497 ut

129 537 208 592 enim
222 536 281 593 odil
295 539 368 592 Deus
386 542 553 610 peccantem
565 541 595 593 et
607 537 802 609 confitentem,
817 538 866 594 sed
879 553 945 610 pec·
998 533 1146 607 episcopos
1159 533 1265 592 babere
1282 538 1461 592 mereantur.
1478 532 1642 591 liemiueris
1656 532 1735 590 enim
1744 533 1815 606 quid

131 635 245 687 cantem
260 636 288 687 et
299 634 465 704 negantem.
484 632 555 687 Nam
569 633 623 688 hoc
638 632 775 705 flagitasti
790 632 913 701 anobis,
924 633 948 689 si
997 627 1028 683 in
1046 627 1134 685 sacris
1152 629 1306 686 canonibus
1325 629 1510 703 praecipimur
1527 629 1686 699 observare,
1706 632 1738 686 ut
1755 628 1813 686 mi·

132 725 198 781 lieet
209 724 438 797 persecutionem
462 743 638 798 paganorum
651 728 753 800 fugere
772 743 810 782 au
825 742 893 782 non.
914 728 948 782 Et
996 722 1075 779 nima
1095 722 1126 778 iu
1140 722 1250 779 villulas
1263 724 1308 781 vel
1327 723 1358 780 in
1381 723 1509 781 modicas
1527 723 1652 779 civitates
1665 722 1814 796 episcopos

131 835 185 891 pro
204 819 269 888 boc,
288 820 386 887 frater,
405 820 531 876 salutare
546 820 698 877 consilium
713 821 824 876 damus.
841 820 869 877 Si
884 819 947 876 fleri
996 816 1171 889 ordinemus,
1199 833 1236 873 ne
1254 817 1371 874 vilescat
1396 834 1503 875 nomen
1524 816 1659 890 episcopi.
1683 816 1739 874 Sed
1759 833 1813 874 uos

131 919 234 985 potest,
250 919 278 970 et
292 915 387 970 locum
408 915 563 986 inveneris,
588 916 664 970 insta
682 916 718 971 sd
734 914 947 987 praedicandum
996 910 1052 967 tuis
1064 910 1259 968 sincerissimis
1272 916 1358 984 alque
1370 928 1388 968 a
1401 912 1485 968 nobis
1500 911 1610 968 dilectis
1621 910 1736 983 syllabis
1744 926 1812 982 pro·

133 1008 352 1065 attestantem
368 1013 537 1082 supportare
551 1026 610 1066 non
630 1010 752 1065 valueris
767 1026 867 1065 eorum
882 1025 945 1081 par·
996 1004 1097 1076 vocati,
1119 1021 1183 1077 qua
1204 1005 1380 1079 proposuisti
1396 1006 1503 1078 absque
1514 1022 1598 1062 mora
1610 1004 1729 1062 concedi
1739 1004 1814 1077 pati-

131 1103 320 1171 secutionem,
344 1103 433 1159 babes
453 1107 630 1177 praeceptum
653 1104 844 1174 Dominicum,
863 1109 896 1159 ut
916 1103 946 1160 in
996 1114 1078 1167 mur,
1102 1103 1130 1155 et
1152 1099 1302 1155 statuimus
1326 1115 1378 1173 per
1403 1100 1590 1172 apostolicam
1613 1098 1812 1155 auctoritatem

130 1197 217 1253 uliam
230 1197 399 1269 ingrediaris
415 1197 558 1255 civitatem
576 1198 684 1271 (llattb.
708 1216 735 1268 x,
754 1200 810 1271 23).
828 1200 898 1255 Nam
917 1203 948 1255 et
997 1192 1176 1267 episcopales
1190 1193 1249 1249 illio
1269 1210 1330 1250 esse
1348 1194 1432 1250 sedes
1449 1210 1514 1266 quae
1534 1210 1587 1266 per
1603 1193 1813 1250 successionem

131 1293 186 1348 hoc
199 1292 342 1364 inquisisti
353 1292 422 1364 quid
432 1293 594 1349 faciendum
605 1293 641 1349 sit
652 1293 687 1349 de
699 1293 947 1350 excommunicato
997 1289 1146 1359 episcopos
1155 1290 1331 1358 mereantur,
1345 1290 1376 1344 et
1388 1287 1503 1361 populis
1512 1287 1638 1360 prosint,
1653 1291 1738 1360 alqrm
1752 1302 1814 1343 var·

130 1386 275 1458 episcopo,
298 1389 327 1441 ot
349 1386 534 1459 apostolicam
552 1386 750 1443 auctoritatem
770 1388 944 1460 negligente.
996 1381 1066 1437 bum
1077 1381 1287 1455 predicationis
1298 1381 1432 1454 subjectis
1445 1381 1618 1452 insinuetur,
1626 1381 1655 1438 id
1667 1381 1759 1453 estin
1770 1397 1813 1437 ca·

130 1481 181 1536 llic
194 1480 369 1536 detestabilis
382 1484 530 1537 astrorum
542 1481 600 1537 lieo
613 1485 643 1536 et
652 1481 818 1537 hominibus
826 1481 872 1537 cui
883 1497 947 1537 con·
996 1475 1078 1533 stello
1091 1475 1168 1549 quod
1183 1475 1286 1532 dicitur
1295 1476 1473 1548 ldursaburg,
1487 1481 1517 1533 et
1528 1477 1652 1534 alterum
1664 1475 1695 1532 in
1706 1476 1812 1549 oppido

130 1573 306 1630 damnationi
320 1574 559 1631 incondemnatus
567 1591 627 1631 non
637 1575 876 1645 communicabit3
890 1575 946 1648 ipsi
996 1569 1075 1642 quod
1091 1569 1258 1627 nominatur
1268 1570 1426 1643 Buraburg,
1440 1570 1560 1627 tertium
1572 1571 1603 1626 iu
1614 1569 1677 1626 loco
1688 1569 1738 1643 qui
1745 1569 1814 1626 dici·

131 1669 209 1723 enim
224 1668 492 1724 condemnabuntur
508 1673 536 1724 et
554 1669 585 1725 in
599 1668 644 1725 die
660 1669 710 1725 irae
726 1673 755 1724 et
766 1669 946 1726 revelationis
996 1667 1044 1720 tur
1057 1664 1234 1736 Erphesfurt.
1250 1666 1292 1721 lta
1305 1666 1339 1720 ut
1352 1663 1423 1720 nulli
1434 1669 1498 1736 post
1509 1664 1664 1721 haecliceat
1678 1665 1813 1736 cuiquam

132 1762 243 1818 Domini
257 1765 287 1819 et
301 1762 454 1818 Salvatoris
467 1763 629 1819 uostrilesu
639 1763 754 1833 Christi,
766 1780 833 1819 cum
843 1739 985 1820 sederitB
997 1760 1058 1814 haec
1072 1775 1136 1831 qua
1152 1758 1266 1816 anobis
1280 1759 1389 1815 sancita
1401 1762 1468 1815 sunt
1481 1759 1685 1832 quoquomodo
1694 1757 1813 1823 violare.
1922 1804 1925 1809 -

129 1856 165 1911 ad
176 1855 363 1928 judicandum
376 1872 468 1927 genus
483 1856 644 1912 humanum
666 1858 749 1926 (Rom.
772 1873 803 1925 n,
819 1859 856 1927 5),
874 1856 948 1913 sicut
996 1853 1327 1926 quaeauctoritatebeati
1335 1852 1412 1909 Petri
1422 1852 1542 1924 apostoli
1552 1851 1705 1908 mmaassa
1715 1851 1817 1908 deere⁴

128 1950 341 2021 scriptumest:
356 1949 491 2021 Superbia
504 1966 558 2021 ego
572 1950 716 2020 resistam,
727 1950 797 2007 dicit
810 1951 947 2009 Dominus
997 1947 1100 2002 vimus.
1116 1946 1156 2002 De
1171 1963 1205 2002 eo
1217 1951 1314 2002 autem
1327 1946 1407 2020 quod
1426 1946 1564 2004 intimasti
1583 1945 1674 2015 nobis,
1691 1944 1770 2020 quod
1783 1947 1812 2001 te

131 2048 152 2112 ll
166 2047 239 2099 Patr.
270 2060 301 2113 v,
332 2044 368 2115 5).
396 2043 509 2100 Etenim
533 2044 568 2099 de
591 2043 697 2100 Sclavis
722 2044 947 2102 Christianorum
996 2041 1290 2099 carlomannusfilius
1304 2040 1445 2097 nosterud
1459 2056 1489 2098 se
1502 2041 1612 2113 rogavit
1626 2039 1813 2110 accederent
1920 2111 1921 2114 Ἴ

129 2143 237 2194 terram
250 2138 484 2206 inhabitantibus,
507 2139 531 2193 si
543 2141 674 2210 operteat
687 2155 805 2195 censum
818 2139 948 2212 accipere
997 2139 1027 2195 in
1041 2141 1112 2196 urbe
1125 2140 1209 2212 regni
1228 2141 1403 2196 Francorum
1418 2140 1448 2195 in
1464 2156 1516 2196 sua
1529 2139 1646 2209 ditione,
1662 2138 1720 2194 sive
1734 2141 1812 2210 pote·

130 2232 324 2304 interrogasti,
339 2232 437 2288 frater.
456 2233 514 2288 lloc
534 2232 653 2305 quidem
667 2232 783 2290 consilio
799 2249 856 2289 non
871 2233 947 2289 indi-
997 2237 1069 2291 state
1082 2234 1244 2305 constituta,
1255 2235 1396 2307 synodum
1406 2234 1552 2290 celebrare
1566 2233 1680 2301 debeas,
1693 2248 1727 2289 eo
1738 2232 1814 2305 quod

131 2331 188 2399 gat,
198 2325 268 2381 dum
276 2326 318 2382 rei
325 2342 409 2381 causa
417 2330 461 2382 est
468 2326 633 2383 manifesta.
645 2326 673 2384 Si
681 2327 760 2383 enim
770 2327 831 2384 sine
840 2328 947 2384 tributo
996 2329 1089 2384 omnis
1103 2328 1291 2384 ecclesiastica
1303 2329 1406 2400 regula
1422 2328 1480 2385 sive
1494 2327 1643 2401 disciplina
1654 2327 1690 2382 ab
1709 2326 1813 2383 eadem

130 2420 266 2490 sederint,
283 2420 374 2491 ipsam
387 2420 561 2492 quandoque
581 2421 730 2494 propriam
748 2421 802 2477 sibi
821 2421 946 2478 vindica·
997 2422 1631 2495 provinciafunditusabolitaest,quodnimis
1640 2421 1814 2478 merendum

129 2514 203 2570 bunt
215 2519 331 2570 terram.
347 2513 376 2570 Si
388 2530 456 2570 vero
471 2514 612 2571 tributum
627 2515 769 2584 dederint,
781 2519 887 2572 norunt
899 2517 947 2572 do·
996 2519 1048 2584 est,
1072 2532 1129 2589 quo
1151 2533 1202 2589 per
1221 2516 1312 2589 spatia
1331 2520 1498 2588 temporum
1516 2515 1623 2572 ibidem
1636 2515 1759 2588 synodus
1773 2531 1815 2571 sa·

129 2608 303 2664 minatorem
317 2608 408 2681 ipsam
421 2613 526 2664 terram
537 2609 656 2665 habere.
673 2610 744 2665 Nam
754 2613 783 2666 et
794 2610 848 2666 hoc
861 2609 946 2682 flagi·
996 2611 1146 2667 cerdotum
1159 2611 1279 2666 minime
1289 2611 1495 2680 celebraretur,
1513 2610 1587 2668 nude
1596 2626 1689 2684 neque
1699 2609 1768 2683 quid
1778 2610 1814 2666 sit

130 2702 193 2758 tasti
217 2717 234 2757 a
255 2703 346 2771 nobis,
370 2703 545 2758 sanctissime
566 2703 665 2774 frater,
687 2703 716 2759 in
738 2703 809 2760 seori
831 2704 947 2759 canonis
995 2705 1073 2776 quod
1093 2705 1284 2761 secerdotium
1305 2706 1341 2761 ab
1364 2704 1476 2778 eisqui
1499 2722 1530 2761 se
1543 2705 1702 2761 sacerdotes
1715 2703 1813 2761 existi·

129 2797 341 2869 praedicatione,
351 2800 424 2870 quot
435 2797 464 2851 iu
477 2797 545 2852 locis
558 2814 656 2853 cruces
666 2798 728 2854 fieri
742 2798 874 2869 debeant,
890 2803 947 2854 tues
995 2803 1088 2867 mant,
1115 2799 1306 2870 cognoscitur.
1330 2798 1385 2856 Sed
1409 2799 1488 2870 dum,
1501 2799 1619 2871 juvante
1633 2799 1700 2867 ileo,
1715 2814 1780 2871 quas
1796 2815 1813 2854 a

130 2890 324 2962 significemus
340 2891 491 2960 sanctitati,
513 2891 584 2947 votis
601 2895 698 2948 autem
718 2893 775 2948 tuis
790 2892 948 2948 elementer
995 2893 1113 2964 praefate
1122 2892 1182 2948 tilio
1195 2895 1294 2950 nostro
1306 2892 1447 2964 promissa
1461 2898 1536 2962 sunt,
1551 2893 1588 2948 ad
1600 2891 1734 2948 effectum
1745 2908 1811 2964 por·

129 2984 270 3053 ioclinati‚
286 2985 316 3040 in
330 2984 424 3040 rotulo
438 2985 503 3040 dam
515 2986 565 3040 Lul
577 2985 711 3057 religioso
724 2986 888 3058 presbytero
897 2990 946 3041 tuo
996 2986 1081 3042 dueta
1092 2987 1200 3044 fuerint
1213 2991 1318 3061 tuaque
1332 2987 1495 3044 fraternitas
1510 2990 1673 3045 memorato
1692 2986 1812 3042 concdio

129 3095 181 3151 per
197 3079 261 3134 loca
280 3078 362 3151 signa
379 3084 482 3135 sancte
499 3079 591 3135 crucis
611 3082 718 3152 quanta
738 3080 799 3135 fieri
823 3080 947 3136 debeant
956 3108 984 3185 C
996 3081 1158 3137 consederit
1170 3097 1237 3137 cum
1252 3082 1355 3137 eodem
1369 3081 1606 3137 excellentissimo
1618 3080 1689 3149 viro,
1703 3082 1726 3136 si
1741 3097 1814 3154 quos
1909 3071 1921 3088 ⁶

128 3172 285 3228 infiximus.
300 3172 348 3227 llis
360 3175 455 3228 autem
470 3189 499 3229 se
518 3173 702 3243 habentibus,
717 3173 830 3229 Domini
843 3174 945 3245 depre-
996 3174 1137 3247 repererit
1149 3175 1306 3247 episcopos,
1318 3175 1500 3247 presbyteros
1509 3177 1559 3230 aut
1569 3173 1815 3244 macoumconlra

129 3283 229 3322 camur
241 3265 425 3322 clementiam
440 3266 506 3322 licet
519 3270 693 3338 peccatores,
711 3272 744 3323 ut
761 3283 813 3322 suo
831 3272 859 3324 te
880 3282 945 3322 mu·
996 3284 1121 3324 canones
1128 3267 1172 3323 rel
1178 3271 1281 3324 statuta
1289 3270 1407 3323 Petrum
1417 3267 1580 3338 excessisse,
1591 3268 1620 3323 id
1632 3273 1685 3338 est,
1699 3267 1814 3324 inadul-

129 3360 190 3416 niat
199 3365 227 3415 et
236 3360 378 3417 confortet
388 3359 506 3430 auxilio,
517 3377 625 3433 nosque
634 3364 743 3416 annuat
752 3362 946 3434 prosperitatis
995 3361 1078 3431 torio,
1093 3362 1136 3417 vel
1150 3361 1173 3416 si
1186 3362 1281 3434 plures
1295 3378 1398 3418 uxores
1410 3361 1582 3432 habueruut,
1597 3365 1648 3416 aut
1659 3360 1681 3416 si
1696 3361 1812 3433 sangui·

129 3458 186 3510 lure
202 3470 314 3527 semper
327 3454 395 3510 laeta
409 3454 552 3527 suscipere
564 3454 675 3511 nuntia.
696 3457 769 3511 neus
788 3457 816 3511 te
833 3454 945 3510 incolu·
996 3469 1062 3511 nem
1074 3455 1313 3526 Christianorum,
1326 3457 1383 3511 siva
1391 3471 1571 3528 paganorum
1581 3453 1754 3525 effuderunt,
1768 3455 1813 3509 vel

128 3564 208 3604 mem
217 3548 366 3618 custodiat,
377 3547 615 3604 reverendissime
627 3548 726 3604 frater.
741 3549 812 3605 Data
821 3549 945 3605 secundo
996 3549 1081 3605 edam
1094 3549 1154 3604 eliis
1167 3549 1306 3622 capitulis,
1328 3549 1431 3622 quibus
1447 3548 1602 3604 canonibus
1622 3548 1750 3604 obviasse
1764 3564 1812 3604 re·

128 3644 223 3698 Nonas
235 3642 410 3712 Novembris,
425 3642 586 3715 imperante
609 3643 731 3698 Domino
747 3642 875 3715 piissimo
894 3645 947 3699 nu·
995 3643 1102 3715 pererit
1115 3648 1164 3699 lua
1175 3644 1319 3714 sanctitas,
1332 3643 1411 3699 nulla
1424 3643 1536 3698 ratione
1551 3643 1705 3715 apostolica
1719 3647 1814 3699 aucto·

127 3740 213 3808 gusto
236 3737 422 3793 Consentino
447 3754 464 3791 a
496 3739 552 3792 Deo
585 3742 730 3806 coronato,
760 3753 867 3809 magno
894 3736 946 3792 im·
995 3737 1079 3792 ritate
1097 3737 1243 3809 permittat
1264 3738 1423 3794 sacerdotio
1443 3737 1534 3809 fungi,
1559 3737 1628 3809 quia
1644 3738 1715 3792 tales
1731 3753 1813 3793 asuo

127 3835 269 3905 peratore,
296 3846 372 3886 anuo
397 3834 442 3900 30,
468 3830 581 3902 imperii
610 3831 673 3903 ejus
698 3847 775 3886 anno
801 3835 844 3898 ll,
867 3829 945 3887 iudi·
995 3831 1112 3904 proprio
1126 3848 1177 3888 ore
1192 3831 1256 3887 falsi
1269 3831 1457 3888 nominaotnr
1468 3831 1639 3899 sacerdotes,
1660 3835 1689 3887 et
1700 3831 1813 3904 pejores

128 3925 222 3980 ctione
241 3926 269 3980 4.
997 3940 1030 3979 ac
1043 3924 1202 3981 deteriores
1216 3925 1397 3983 sacularibus
1406 3941 1468 3983 esse
1481 3928 1647 3994 noscuntur,
1658 3924 1708 3998 qui
1719 3942 1750 3981 se
1764 3941 1814 3981 oe

146 4020 270 4090 Epistola
288 4019 427 4075 lectoria
438 4034 520 4090 pope
533 4020 571 4074 ed
582 4021 753 4087 bonifacium
766 4023 926 4092 episcopum.
996 4035 1079 4090 quea
1092 4019 1338 4088 fornicationibus,
1353 4035 1450 4092 oeque
1464 4036 1481 4074 a
1493 4019 1609 4075 nefariis
1620 4019 1814 4075 matrimoniis

164 4112 414 4169 Reverendissimo
438 4116 467 4168 et
485 4111 664 4169 sanctissimo
693 4113 776 4169 fratri
796 4114 946 4171 bernacro
995 4110 1148 4182 abstinent,
1171 4129 1267 4187 nequo
1291 4114 1326 4169 ab
1349 4114 1500 4170 hominum
1515 4112 1661 4186 sanguinis
1675 4112 1814 4170 effusione

127 4206 263 4279 episcopo
278 4208 432 4263 Zerninus
448 4223 544 4263 servus
558 4222 708 4262 servorum
724 4206 785 4262 [lei.
996 4222 1099 4262 manus
1114 4212 1227 4264 servant
1246 4208 1389 4277 innoxias,
1404 4209 1502 4282 quales
1521 4224 1552 4263 se
1574 4224 1635 4265 esse
1646 4206 1814 4265 *sacerdotes

165 4300 317 4373 susceptis,
342 4301 528 4368 sanctissime,
553 4300 741 4356 fraternitatis
761 4304 819 4356 tua
845 4301 947 4357 litteris
996 4301 1171 4370 existimant,
1193 4306 1243 4357 aut
1264 4303 1333 4375 quid
1357 4302 1423 4359 inde
1441 4302 1579 4370 sentium,
1604 4301 1715 4358 dicente
1731 4303 1811 4358 ileo:

127 4393 947 4468 perbeocardum,religiosumpresbytemmtuum,quia
997 4394 1162 4451 Sacerdotes
1177 4395 1235 4450 mei
1249 4397 1339 4452 semel
1352 4396 1472 4467 nubant,
1494 4399 1523 4452 et
1540 4396 1701 4469 Apostolus,
1725 4395 1814 4450 unius

128 4488 265 4560 sospitam
287 4491 325 4557 te,
345 4491 378 4543 ut
389 4504 505 4560 semper
518 4488 660 4560 cupimus,
674 4504 736 4545 esse
748 4488 943 4561 cognovimus,
954 4486 985 4559 Ι)
995 4488 1094 4543 uxoris
1108 4488 1211 4559 virum,
1227 4494 1257 4545 et
1270 4493 1374 4545 caetera
1389 4491 1452 4558 (Tit.
1468 4506 1488 4558 1,
1503 4491 1540 4559 6),
1563 4490 1592 4545 et
1612 4489 1665 4544 boc
1682 4492 1749 4544 ante
1763 4503 1811 4543 su-

128 4581 367 4653 omnipotentiae
381 4581 945 4656 misericordissimolleonostromagnas
996 4586 1124 4654 saeptum
1147 4582 1350 4651 sacerdotium,
1373 4583 1414 4638 uti
1438 4582 1549 4638 licitum
1575 4586 1626 4638 est.
1648 4582 1751 4637 Numa
1767 4581 1813 4637 die

127 4675 281 4731 retulimus
294 4676 411 4747 gratias,
424 4676 474 4747 qui
486 4676 538 4731 tibi
552 4676 582 4732 in
593 4675 729 4733 omnibus
738 4677 821 4733 bonis
831 4694 945 4751 prospe·
996 4676 1117 4748 suseepti
1137 4676 1285 4732 sacerdotii
1300 4676 1389 4732 etiam
1403 4676 1439 4731 ab
1462 4676 1525 4748 ipso
1541 4675 1659 4749 proprio
1679 4675 1813 4748 conjugio

124 4770 185 4824 rari
199 4769 344 4841 dignatur.
358 4770 489 4841 Magnam
503 4770 581 4826 enim
595 4771 625 4826 in
641 4771 774 4827 cordibus
787 4772 891 4828 nostris
904 4772 944 4828 in·
995 4769 1252 4842 prohibendisunt.
1265 4770 1417 4836 Quomodo
1427 4769 1586 4826 sacerdotio
1598 4770 1814 4843 fungiconside·

122 4863 220 4918 fundis
233 4863 372 4933 laetitiam,
387 4863 501 4935 quoties
514 4864 594 4919 nobis
608 4864 764 4920 sanctitatis
773 4869 831 4920 tusa
841 4866 945 4939 scripta
995 4869 1069 4933 rant,
1085 4865 1134 4936 qui
1149 4864 1253 4920 talibus
1267 4864 1421 4920 sceleribus
1438 4864 1557 4920 involuti
1578 4880 1638 4921 esse
1650 4869 1811 4922 monstran-

123 4957 289 5026 mittuntur,
301 4957 417 5029 quando
427 4959 588 5031 reperimus
600 4975 665 5031 quae
676 4958 712 5014 ad
725 4959 848 5015 salutem
857 4960 946 5031 respi-
968 4967 972 4975 ’
994 4962 1051 5025 tur,
1066 4963 1098 5014 ul
1109 4974 1201 5030 oeque
1215 4958 1365 5014 saculares
1376 4957 1477 5014 fideles
1486 4958 1531 5014 his
1545 4958 1718 5015 facinoribus
1727 4958 1812 5014 obvo-

124 5050 206 5106 ciunl
226 5051 402 5120 animarum,
426 5051 494 5107 dum
514 5052 642 5124 quotidie
663 5052 693 5107 in
711 5051 820 5124 gremio
840 5056 945 5109 sanctes
994 5052 1071 5107 lutos
1083 5053 1238 5124 optemus?
1256 5052 1405 5119 Quomodo
1424 5069 1482 5108 non
1497 5050 1812 5125 pertimescuntdivina

125 5144 226 5200 matris
239 5145 381 5211 Ecclesia,
397 5161 448 5217 per
463 5151 540 5201 tuam
553 5146 802 5219 praedicationem,
818 5147 883 5202 novi
895 5163 944 5219 po·
996 5146 1131 5217 mysteria
1143 5147 1324 5219 contingere,
1341 5151 1391 5202 aut
1401 5146 1549 5219 quomodo
1558 5147 1593 5202 ad
1607 5145 1748 5202 orandum
1760 5159 1813 5215 pro

124 5238 186 5309 puli
200 5238 355 5294 adduntur.
368 5239 421 5295 Ubi
434 5244 462 5294 et
473 5243 529 5296 tres
538 5240 687 5312 episcopos
697 5256 750 5312 per
759 5241 821 5296 loce
831 5241 944 5313 singula
995 5240 1115 5311 peccatis
1129 5241 1228 5312 populi
1243 5241 1378 5298 accedere
1392 5242 1582 5314 praesumunt,
1598 5240 1668 5315 dum
1682 5237 1755 5293 sacri
1768 5253 1814 5293 ca·

123 5331 283 5388 secundum
297 5333 401 5389 seriem
421 5333 597 5405 syllabarum
620 5338 736 5390 tuarum
750 5337 779 5389 te
796 5334 943 5391 ordinasse
993 5348 1095 5404 nones,
1111 5349 1206 5407 neque
1218 5350 1325 5408 punrm
1339 5335 1485 5404 clericum,
1496 5333 1541 5390 cui
1552 5331 1744 5388 sacerdotium
1754 5347 1811 5386 nen

121 5425 321 5495 cognovimus,
336 5427 384 5499 qui
399 5427 493 5484 cidem
508 5430 626 5501 populo,
641 5444 729 5501 quem
741 5427 793 5482 sibi
805 5429 944 5484 Dominus
994 5430 1047 5496 est,
1064 5428 1195 5484 secundis
1208 5429 1336 5501 copulari
1347 5428 1455 5502 nuptiis
1469 5425 1664 5499 precipiunt?
1675 5424 1723 5482 bti
1735 5425 1813 5481 enirn

120 5522 197 5576 Deus
205 5524 302 5576 noster
309 5526 449 5593 pertuam
457 5521 800 5594 sanctitatemaggregare
808 5521 944 5594 dignatus
993 5522 1184 5591 econtrario,
1210 5539 1268 5579 non
1291 5523 1383 5579 solum
1405 5525 1468 5593 pest
1490 5521 1652 5593 susceptum
1680 5518 1811 5576 sacerdo·

120 5617 166 5670 cst
180 5630 302 5685 praeesse
315 5614 439 5671 debeant
453 5618 484 5672 el
495 5615 601 5689 petisti,
626 5620 660 5670 ut
673 5631 726 5687 per
742 5615 943 5672 auctoritatem
993 5615 1065 5671 tium
1088 5634 1117 5673 se
1138 5617 1282 5674 abstinere
1309 5616 1345 5672 ab
1357 5631 1415 5670 una
1428 5631 1517 5670 uxore
1532 5615 1643 5683 nolunt,
1658 5613 1717 5669 imo
1730 5613 1811 5670 luxo-

121 5711 228 5764 nostroe
256 5709 331 5764 sedis
356 5710 529 5782 episcopales
553 5708 660 5765 ibidem
682 5708 762 5765 sedes
780 5709 940 5766 firmentur.
992 5708 1041 5765 rire
1055 5709 1182 5766 obvoluti
1197 5710 1295 5782 pejora
1308 5708 1487 5764 manaim
1499 5709 1605 5764 scelera
1617 5707 1810 5776 committunt,

121 5801 178 5856 Sed
207 5805 256 5858 tua
277 5806 374 5859 sancta
398 5803 562 5860 fraternitas
587 5805 738 5875 pertractet
764 5804 887 5871 mature,
915 5805 942 5859 et
993 5804 1131 5881 utplures
1146 5819 1247 5865 uxores
1260 5802 1367 5860 habere
1391 5805 1584 5877 presumant,
1598 5799 1828 5873 annosaeque
