3870 6150
128 271 178 347 ita
579 286 720 345 cernuo.
739 269 784 346 ab
802 290 883 347 sno.
903 278 993 346 111-
1011 290 1133 347 rsoom
1152 278 1365 350 ummroms
1759 290 1811 352 nt

127 409 156 460 et
169 399 312 473 significas
324 396 479 453 nonnullos
494 414 529 454 ex
544 397 752 453 monachorum
768 401 852 467 caetu,
870 415 941 470 quo·
953 399 1148 484 Apostposita
1171 400 1287 455 Patrum
1299 404 1328 456 et
1354 398 1517 471 apostolice
1543 400 1621 456 sedis
1643 400 1811 457 auctoritate

125 512 190 552 rum
206 492 364 549 sollicitudo
381 491 510 564 quamvis
528 491 689 565 frequentia
711 491 805 562 major
818 495 872 563 est,
892 491 943 547 sed
991 492 1161 565 neglexerit,
1177 510 1195 548 a
1210 492 1294 549 nobis
1306 492 1461 549 districtius
1476 493 1693 561 vindicandum,
1709 499 1742 549 ut
1759 495 1810 551 loci

125 590 210 646 laicos
230 587 267 642 ad
280 585 471 641 sacerdotium
482 585 629 641 festinare.
992 586 1035 641 sui
1049 586 1169 642 minime
1184 586 1295 643 dubitet
1307 587 1360 642 sibi
1374 591 1504 643 constare
1521 587 1678 656 rationem,
1694 589 1718 643 si
1733 592 1811 660 putat

161 683 226 740 ilar.
240 682 261 737 l.
279 681 335 735 tloe
348 681 443 735 eutem
463 678 624 751 specialiter
638 680 667 732 et
679 678 731 732 sub
751 677 941 749 praedeeesso·
992 683 1055 753 post
1067 683 1109 736 tot
1122 679 1329 753 prohibitiones
1346 681 1465 754 impune
1479 698 1562 754 posse
1575 682 1693 739 11111111.
1709 683 1809 739 Conm-

125 776 204 832 ribus
225 772 330 829 nostris
352 777 380 828 11
401 787 523 844 nupera
536 771 618 827 nobis
633 770 815 826 interdictum
833 773 943 826 constat
992 773 1085 830 meliae
1107 774 1186 829 enim
1203 773 1297 830 studio
1319 775 1352 831 tlt
1373 775 1514 847 quidquid
1527 775 1717 832 interdictum
1731 776 1808 833 toties

124 869 227 926 litteris
245 868 281 923 ad
295 867 396 923 Gallias
412 864 615 938 Hispaniasque
629 863 813 932 transmissis,
833 864 864 919 in
877 863 941 936 qui·
991 870 1157 940 usurpatur.

124 963 178 1020 bus
202 959 368 1034 regionibus
389 958 559 1015 familiarior
584 962 626 1015 est
652 958 708 1013 ista
737 957 941 1030 presumptio,
1026 960 1069 1016 ΙΙΙ.
1085 961 1148 1016 liaec
1161 963 1258 1017 autem
1269 961 1388 1034 singulis
1402 961 1538 1035 gradibus
1552 961 1732 1019 observanda
1749 968 1808 1020 sunt

126 1056 257 1130 quamvis
273 1070 326 1110 nec
342 1051 437 1108 uinea
450 1068 537 1125 super
556 1052 610 1108 hac
627 1050 826 1107 admonitione
844 1053 943 1107 nostra
991 1057 1130 1125 tempom,
1144 1053 1167 1110 si
1177 1054 1212 1110 ab
1225 1054 1346 1112 infantia
1359 1055 1555 1112 ecelesiasticis
1573 1056 1746 1112 ministeriis
1756 1074 1804 1113 no·

126 1149 267 1205 habeatur
289 1146 393 1215 aliena,
422 1161 458 1201 ue
477 1143 541 1217 quis
560 1145 674 1216 penitus
700 1149 801 1200 contra
825 1144 942 1199 Petrum
992 1163 1059 1203 men
1072 1147 1193 1218 dederit,
1214 1151 1244 1204 et
1256 1149 1332 1204 inter
1347 1150 1466 1206 lectores
1486 1149 1521 1205 ad
1534 1147 1712 1221 vigesimum
1726 1149 1808 1206 aetatis

125 1246 269 1316 praecepta
284 1239 332 1313 qui
354 1237 549 1295 ecclesiasticis
572 1236 728 1309 disciplinis
749 1236 943 1309 perordinem
991 1256 1100 1296 annum
1125 1241 1290 1297 continuata
1314 1242 1512 1299 obseruatione
1533 1243 1687 1317 perduret.
1708 1243 1737 1300 si
1756 1260 1808 1301 ma·

125 1353 184 1393 non
198 1336 298 1391 fuisset
309 1333 445 1401 imbutus,
462 1336 491 1387 et
503 1335 667 1404 temporum
681 1330 885 1403 approbatione
897 1328 941 1385 di·
988 1333 1035 1406 jor
1046 1337 1076 1390 et
1086 1333 1257 1406 grandevus
1272 1335 1432 1405 accesserit,
1455 1337 1505 1408 qui
1524 1339 1626 1393 11111111
1645 1341 1715 1410 post
1726 1336 1808 1411 bapti

125 1430 199 1486 vinis
216 1426 364 1500 stipendiis
385 1424 524 1494 cruditus,
547 1439 729 1496 nequaquam
744 1422 780 1478 ad
798 1438 942 1478 summum
991 1443 1085 1483 smum
1108 1429 1205 1484 statim
1227 1428 1331 1485 divine.
1349 1429 1459 1486 militie
1476 1428 1623 1487 desiderat
1644 1429 1807 1503 mancipari,

126 1521 314 1580 sacerdotium
334 1519 458 1592 aspirare
483 1521 683 1591 praesumeret3
710 1520 739 1573 et
766 1533 824 1572 non
849 1517 942 1572 solum
992 1520 1049 1577 sive
1063 1521 1139 1578 inter
1150 1523 1271 1578 lectores
1284 1523 1342 1579 sire
1356 1522 1433 1578 iuter
1448 1523 1601 1579 exorcistas
1615 1523 1807 1596 quinquennio

124 1618 156 1675 in
171 1634 205 1674 eo
221 1614 337 1672 ambitio
359 1613 490 1669 inefficax
505 1612 672 1679 haberetur,
686 1627 788 1666 verum
806 1609 892 1666 etiam
911 1610 942 1666 in
990 1617 1133 1671 teneatur.
1156 1615 1265 1671 Exinde
1282 1616 1428 1688 acolythus
1451 1617 1495 1673 vel
1513 1615 1722 1685 subdiaconus,
1747 1632 1807 1690 qm.

125 1710 303 1768 ordinatores
322 1708 393 1780 ejus,
410 1709 443 1763 ut
460 1707 590 1762 carerent
613 1720 646 1760 eo
661 1705 759 1760 ordine
779 1720 865 1776 quem
879 1704 941 1759 sine
991 1710 1056 1763 tuor
1068 1707 1151 1764 annis
1164 1709 1210 1775 sit,
1223 1713 1252 1764 et
1273 1709 1312 1765 sie
1332 1710 1369 1765 ad
1390 1710 1621 1767 benedictionem
1645 1708 1806 1767 diaconatus

125 1805 224 1862 ordine
238 1807 335 1859 contra
348 1803 493 1874 precepta
507 1801 624 1855 Petrum
637 1797 816 1854 crediderant
832 1813 941 1870 praesu·
952 1795 981 1870 B
992 1801 1017 1857 si
1034 1808 1181 1858 mereatur
1196 1802 1322 1872 accedat,
1342 1802 1372 1859 iu
1391 1821 1447 1876 quo
1469 1803 1569 1860 ordine
1589 1803 1726 1877 quinque
1737 1803 1805 1860 anah

125 1898 274 1956 mendum.
290 1895 370 1952 Unde
385 1893 523 1949 miramur
539 1893 575 1948 sd
596 1890 775 1948 ditectionem
791 1895 871 1946 mam
888 1893 942 1946 sta·
990 1895 1014 1951 si
1034 1895 1179 1969 inculpate
1202 1913 1232 1952 se
1254 1897 1385 1969 gesserit,
1400 1897 1546 1954 adherere
1559 1897 1692 1954 debebit.
1709 1897 1804 1954 Exinde

124 1997 187 2050 tuta
203 1990 276 2048 sedis
289 1988 448 2063 apostolice
466 2002 525 2043 non
538 1985 624 2041 tuisse
641 1985 759 2058 perlata.
779 1984 942 2040 Laudamus
990 1988 1214 2061 suifragantibus
1230 1989 1381 2063 stipendiis
1398 2007 1451 2063 per
1467 1993 1510 2046 tot
1528 1990 1637 2062 gradm
1656 1991 1732 2047 datis
1748 2006 1802 2064 pro·

124 2088 213 2161 igitur
240 2083 432 2141 constantiam
454 2084 545 2149 tuam,
572 2079 663 2135 trater
686 2077 860 2148 charissime,
888 2093 941 2134 neo
990 2081 1061 2154 price
1073 2081 1140 2138 iidci
1153 2081 1343 2155 documentis,
1355 2083 1562 2157 presbyterium
1579 2084 1800 2157 poteritprome

125 2181 204 2239 aliud
225 2179 261 2235 de
283 2175 420 2249 pontificii
444 2189 562 2230 censura
585 2171 687 2228 veteris
706 2171 880 2227 auctoritatis
895 2187 943 2243 ge·
990 2174 1056 2231 reri.
1082 2177 1121 2231 De
1142 2192 1200 2248 quo
1221 2177 1282 2232 loco
1295 2177 1319 2232 si
1332 2194 1399 2233 eum
1413 2177 1539 2234 exactior
1559 2177 1598 2233 ad
1610 2177 1705 2233 honos
1718 2192 1799 2234 mores

125 2292 180 2332 nus
192 2270 416 2347 exspectandum
428 2268 492 2338 luit,
507 2283 593 2340 quam
606 2268 639 2321 ut
652 2265 757 2320 talibus
776 2263 940 2321 ambitioni-
991 2268 1048 2325 vita
1061 2268 1233 2341 perduxerit,
1249 2286 1396 2327 summum
1410 2269 1611 2344 pontificatum
1629 2288 1747 2344 sperare
1757 2271 1796 2327 de·

125 2370 178 2426 bns
194 2384 247 2442 pro
260 2363 410 2440 preceptis
423 2364 540 2418 Petrum
555 2360 585 2416 in
597 2359 744 2432 procinctu
757 2358 825 2414 iidei
837 2358 941 2414 consti·
989 2361 1078 2419 babit.
1092 2363 1149 2418 liae
1167 2366 1264 2420 11111111
1283 2365 1346 2437 lege
1367 2368 1487 2435 serrata,
1509 2368 1542 2419 ut
1556 2380 1655 2437 neque
1671 2365 1794 2438 bigamus,

125 2463 180 2521 tuti
192 2475 367 2519 occurreres.
384 2457 474 2529 igitur
487 2454 512 2510 si
528 2453 599 2527 quid
611 2451 774 2509 auctoritati
787 2456 845 2508 tute
855 2451 942 2524 (quod
990 2471 1085 2529 neque
1101 2457 1193 2513 viduae
1210 2457 1339 2529 maritus,
1361 2475 1455 2532 neque
1467 2457 1611 2530 poenitens
1629 2458 1669 2513 ad
1681 2458 1734 2515 hos
1744 2473 1794 2531 grs-

123 2573 181 2616 non
200 2552 362 2630 opinamur)
379 2551 503 2607 estimas
521 2547 655 2617 defuisse,
674 2546 850 2619 supplemus.
874 2546 939 2616 Vos,
989 2549 1146 2623 desposcit
1162 2549 1288 2607 admitti,
1306 2552 1377 2609 sane
1395 2552 1484 2609 eiiam
1498 2552 1667 2608 defensore,
1679 2551 1792 2609 ΕΜ.

124 2651 253 2710 obsistite
271 2647 376 2704 talibus
395 2642 635 2710 ordinationibus,
652 2640 780 2696 obsistite
798 2638 940 2711 superbie
991 2643 1040 2716 qui
1054 2660 1089 2699 ex
1102 2643 1179 2699 laicis
1190 2644 1264 2700 liunt
1273 2645 1438 2718 supradicta
1446 2645 1646 2702 observatione
1660 2646 1793 2702 1111111111

124 2750 153 2802 11
175 2740 349 2815 arrogantie
368 2737 505 2795 venienti.
533 2737 638 2790 Tecum
665 2732 774 2789 iaciunt
797 2735 941 2806 precepta
990 2736 1013 2792 si
1037 2734 1196 2794 meruerint
1217 2738 1248 2794 iu
1273 2739 1374 2795 ordine
1397 2756 1459 2795 esse
1484 2739 1646 2795 clericatus.
1672 2739 1738 2794 Data
1754 2751 1792 2792 nu
1831 2786 1833 2797 .

123 2841 252 2906 Petrum,
266 2840 362 2891 tecam
374 2831 534 2904 apostolice
546 2828 621 2885 sedis
641 2826 804 2883 1111011111.
819 2826 848 2882 Si
863 2825 939 2882 1111111
989 2832 1106 2887 llalend.
1120 2831 1219 2900 ldartii,
1235 2834 1359 2890 lionoris
1372 2834 1416 2890 llll
1428 2839 1457 2890 et
1466 2833 1627 2890 Theodosio
1643 2834 1701 2890 vm
1713 2836 1788 2904 tugu-
1831 2832 1833 2897 t

123 2931 217 2988 oiticia
230 2926 376 2986 secularia
387 2922 574 2997 principalem
589 2922 683 2977 locum
697 2936 755 2976 non
768 2918 940 2975 vestibulum
990 2924 1040 2981 stis
1053 2925 1225 2982 consulibus.
1831 2906 1833 2945 Ι

123 3024 242 3083 actionis
261 3020 407 3095 ingressis,
426 3018 474 3074 sed
491 3033 542 3089 per
560 3015 699 3089 plurimos
719 3013 825 3086 gradus
837 3011 940 3068 exami-
1112 3019 1272 3075 idolerum
1287 3023 1484 3077 bossenensem
1495 3022 1684 3078 monitorium.
1831 3086 1833 3099 Ι

123 3121 190 3178 tatis
204 3114 409 3190 temporalibus
422 3111 565 3180 deferunt,
582 3108 646 3181 quis
658 3107 705 3165 ille
720 3111 779 3163 tam
790 3121 937 3179 arrogans,
1024 3114 1141 3169 Zozrnus
1160 3113 1309 3185 episeopus
1327 3113 1407 3169 urbis
1434 3115 1532 3170 Romus
1553 3112 1788 3171 commonitorium

123 3219 183 3272 tam
197 3211 350 3285 impudens
364 3206 516 3274 invenitur,
529 3207 561 3259 ut
574 3203 603 3258 in
623 3201 728 3259 coelesti
746 3200 858 3271 militia,
875 3176 976 3273 quiec
989 3205 1162 3279 preshyteris
1180 3212 1209 3262 ct
1229 3207 1395 3264 diaconibus
1419 3209 1469 3280 qui
1493 3209 1640 3265 Ravennae
1670 3214 1739 3265 sunt
1758 3206 1788 3260 lx

122 3305 293 3384 propensius
304 3300 492 3376 ponderanda
505 3300 558 3367 est,
573 3302 602 3353 et
614 3297 797 3353 sicutaurum
811 3294 940 3367 repetitis
988 3299 1127 3357 relatione
1138 3299 1234 3355 fratris
1243 3299 1333 3356 nostri
1342 3301 1508 3358 Archidami
1517 3301 1680 3375 presbyteri
1689 3299 1789 3375 qualiter

122 3402 236 3477 ignibus
257 3395 441 3471 exploranda,
459 3392 557 3449 statim
576 3391 633 3447 dux
645 3405 706 3447 esse
718 3389 860 3446 desiderat
873 3404 939 3444 cum
989 3393 1112 3466 suseepti
1125 3393 1196 3464 sitis,
1211 3394 1254 3449 vel
1264 3393 1333 3466 quid
1347 3394 1463 3466 egeritis
1475 3396 1674 3468 cognovimus,
1686 3397 1728 3452 sel
1737 3408 1789 3467 qus

121 3498 177 3555 tiro
200 3499 267 3551 aute
285 3508 343 3548 non
365 3488 461 3557 tuerit,
488 3489 517 3543 et
538 3485 619 3559 prius
639 3483 703 3541 velli
726 3483 831 3540 docere
851 3498 939 3556 quam
988 3488 1055 3544 liter
1064 3484 1105 3544 illi
1119 3487 1241 3560 suscepti
1254 3491 1331 3555 sunt,
1345 3487 1394 3561 qui
1407 3492 1504 3544 contra
1517 3505 1646 3546 maanes
1662 3490 1787 3547 adrem

124 3591 233 3647 discere
245 3588 260 3643 t
274 3586 422 3643 desuescat
438 3583 468 3637 in
485 3579 598 3637 Domini
618 3577 726 3649 castris,
746 3578 777 3633 in
799 3577 938 3633 lectorum
989 3598 1041 3638 nos
1053 3581 1088 3638 ad
1102 3581 1269 3637 comitatum
1284 3581 1383 3637 nescio
1395 3598 1452 3654 qua
1467 3580 1571 3639 audaci
1589 3579 1787 3639 temeritatem

122 3682 256 3760 primitus
276 3679 377 3754 gradu
400 3675 488 3733 dirim
502 3673 672 3730 rudimentis
686 3671 809 3739 servitii;
830 3669 940 3727 necilli
988 3676 1147 3732 voluerunt.
1169 3675 1211 3732 Ad
1231 3690 1281 3731 vos
1302 3676 1364 3731 haee
1384 3692 1448 3748 que
1469 3693 1546 3732 nunc
1562 3675 1705 3745 misimus,
1735 3673 1786 3730 alin

121 3780 178 3837 sile
196 3778 232 3834 sit
245 3773 424 3840 exorcistam,
443 3769 617 3841 acolythum,
638 3765 854 3834 subdiaconum,
876 3764 938 3820 dia·
989 3769 1094 3841 scripta
1107 3770 1278 3840 feceramus,
1298 3785 1398 3825 eorum
1420 3785 1490 3842 quas
1504 3770 1646 3842 injuriose
1662 3769 1786 3831 mhennt

123 3889 229 3932 conum
240 3887 294 3944 per
303 3867 435 3925 ordinem
447 3863 524 3933 lieri;
540 3878 594 3919 nee
603 3861 657 3917 hoc
669 3859 753 3928 saltu,
768 3858 816 3915 sed
829 3857 939 3914 statutis
987 3863 1193 3935 respondentes
1205 3861 1340 3935 epistolis.
1357 3862 1412 3919 Sed
1430 3863 1566 3936 quoniam
1580 3881 1641 3920 non
1656 3863 1787 3938 potuerunt

123 3969 267 4041 majorum
291 3960 469 4020 ordinatione
496 3955 689 4028 temporibus,
722 3953 783 4026 jam
808 3967 876 4007 sero
902 3949 939 4006 sd
988 3956 1030 4013 rei
1045 3955 1075 4012 in
1090 3972 1151 4027 sua,
1169 3957 1223 4012 hoo
1238 3955 1322 4012 estin
1335 3961 1433 4012 nostra
1452 3957 1575 4013 Ecclesia
1596 3957 1786 4014 Romanaeun

121 4057 291 4138 presbyterii
300 4055 446 4127 festigium
456 4051 521 4108 talis
530 4048 654 4117 accedat,
666 4053 697 4103 ut
710 4051 739 4102 et
752 4061 860 4102 nomen
871 4047 939 4100 aetas
987 4049 1094 4106 nostris
1105 4048 1345 4123 compresbyteris
1365 4050 1549 4118 commorari,
1575 4050 1631 4107 hos
1645 4051 1683 4107 ad
1694 4064 1738 4106 ros
1746 4044 1788 4103 iiis

122 4156 250 4229 impleat,
266 4154 294 4207 et
313 4148 447 4205 meritum
464 4143 613 4218 probitatis
630 4138 774 4215 stipendia
791 4143 857 4195 ante
875 4141 939 4196 aeta
988 4143 1143 4216 tragendas
1155 4143 1263 4200 littems
1277 4143 1464 4212 destinamus,
1475 4143 1506 4199 in
1522 4143 1787 4216 quibusdecretouc»

122 4251 272 4306 testentur.
285 4245 351 4300 ture
363 4240 430 4297 inde
443 4238 548 4294 summi
561 4235 705 4309 pontilicis
716 4233 811 4290 locum
823 4249 938 4306 sperare
989 4241 1046 4294 stro
1056 4237 1207 4307 sancimus,
1219 4241 1391 4293 memoratos
1404 4236 1620 4309 perturbatores
1631 4238 1751 4294 omnium
1759 4230 1787 4287 ab

124 4340 248 4398 debebit.
276 4336 352 4394 Facit
363 4336 418 4391 hoe
439 4330 530 4388 nimia
550 4328 681 4386 remissio
703 4325 939 4385 consacerdotum
988 4329 1150 4404 apostolicae
1165 4330 1238 4386 sedis
1252 4336 1358 4387 nostre
1371 4329 1578 4386 communione
1591 4331 1700 4388 alienos
1709 4328 1786 4394 1111111,
1831 4332 1833 4383 ζ

122 4441 285 4495 nostrorum
309 4431 359 4505 qui
379 4443 516 4503 pompam
535 4422 726 4480 multitudinis
744 4425 886 4494 querunt,
910 4426 940 4477 et
988 4428 1073 4497 atque
1083 4429 1180 4481 nostra
1188 4424 1394 4498 subscriptione
1404 4424 1556 4497 probatam
1569 4424 1788 4482 sententiantes

121 4535 225 4607 putant
237 4545 272 4586 ex
284 4528 337 4583 bae
353 4523 438 4582 turba
455 4518 560 4594 aliquid
579 4517 633 4574 sibi
653 4515 799 4590 dignitatis
817 4514 937 4588 acquiri.
988 4519 1104 4592 cepisse,
1117 4520 1180 4575 illos
1195 4519 1281 4576 etiam
1295 4519 1344 4592 qui
1356 4518 1494 4576 effrenato
1504 4518 1573 4575 huie
1589 4519 1665 4576 laeto
1677 4515 1786 4575 1111111111·

124 4626 195 4682 ltine
217 4620 325 4697 passim
347 4631 501 4675 numerosa
520 4610 696 4687 popularitas
718 4609 803 4667 etiam
825 4608 869 4665 his
890 4608 939 4666 ubi
989 4629 1044 4686 que
1056 4628 1203 4670 assensum
1218 4612 1399 4670 commodare
1409 4613 1571 4683 voluerunt,
1581 4607 1788 4670 vesueemsite

123 4719 245 4777 solitudo
254 4722 298 4773 est
309 4713 410 4770 talium
419 4708 572 4783 reperitur,
584 4707 654 4763 ditm
664 4704 813 4779 parochias
826 4702 939 4760 extendi
988 4707 1025 4763 tis
1039 4710 1082 4763 est
1093 4707 1234 4763 estimare
1246 4706 1369 4780 qualiter
1380 4707 1549 4763 habeantur.
1572 4704 1684 4772 Quibus
1694 4699 1787 4762 hoeotr

123 4812 253 4886 cupiunt,
274 4812 324 4864 ant
342 4806 444 4880 quihus
465 4803 542 4859 aliud
565 4805 700 4874 prestare
726 4814 785 4855 non
810 4800 938 4871 possunt,
984 4800 1073 4875 jicere
1098 4817 1148 4857 sos
1172 4800 1288 4869 debetis,
1316 4799 1391 4872 quod
1407 4801 1489 4873 juxta
1509 4816 1657 4857 canormm
1671 4796 1788 4874 precept

125 4907 236 4964 divinos
254 4902 370 4960 ordines
384 4897 556 4970 largiuntur·
580 4895 662 4959 Quod
683 4895 796 4966 oportet
820 4890 940 4948 districti
988 4894 1099 4951 fortiter
1108 4895 1301 4965 incurrerunt,
1316 4898 1344 4950 et
1358 4893 1481 4966 qualitcr
1492 4893 1678 4967 presbyteros
1691 4907 1742 4949 non
1753 4886 1788 4944 11

124 5017 238 5074 semper
250 5012 311 5056 esse
319 4991 430 5068 judicii,
444 5005 541 5046 rarum
551 4987 680 5045 esteniro
694 5002 781 5045 omne
793 4985 871 5058 quod
881 5000 940 5041 ms·
988 4987 1070 5044 cebet
1081 4988 1203 5044 rebelles
1215 4988 1347 5057 existere,
1361 4992 1551 5044 tentaremut.
1565 4986 1621 5044 Vos
1635 4992 1728 5045 autem
1740 4995 1788 5038 mo·

124 5113 216 5171 gnum
230 5098 283 5150 est.
988 5082 1128 5139 uemusin
1137 5082 1258 5155 speculis
1266 5098 1327 5138 esse
1337 5082 1449 5150 debere,
1460 5097 1556 5154 neque
1567 5099 1671 5139 eorum
1680 5089 1789 5156 prorum

161 5194 191 5248 ll.
210 5185 331 5246 Proinde
353 5199 407 5239 nos
424 5197 461 5236 ne
480 5177 549 5253 quid
574 5175 684 5234 meritis
703 5174 862 5233 dilectionis
881 5177 939 5230 tuae
988 5183 1040 5250 pat
1051 5177 1178 5247 audacia,
1194 5193 1265 5249 quius
1277 5174 1535 5231 anathematizatos
1548 5177 1601 5232 scit
1612 5180 1787 5244 sanetaspos·

126 5291 340 5359 derogaremus,
361 5278 396 5333 ad
414 5280 443 5330 te
456 5270 637 5347 potissimum
651 5271 756 5344 scripte
771 5264 938 5337 direximus,
988 5270 1075 5327 tolioa
1085 5271 1218 5329 Ecclesia.
1241 5270 1281 5326 lle
1306 5270 1352 5326 his
1373 5285 1440 5326 vero
1462 5269 1511 5343 qui
1525 5286 1628 5326 eornm
1642 5286 1673 5326 se
1685 5258 1790 5325 societati

125 5383 228 5459 quibus
246 5379 277 5434 in
291 5372 424 5431 omniurn
439 5369 563 5424 fratrum
578 5365 814 5438 coepiscoporum
828 5366 939 5420 nostro·
985 5365 1153 5439 junxerunt,
1173 5363 1241 5436 qtrid
1258 5381 1343 5438 agere
1363 5364 1530 5435 debeamus,
1544 5379 1612 5419 cum
1624 5358 1789 5419 1111111111·

124 5491 191 5536 rum
207 5473 291 5532 iacies
307 5469 349 5524 ire
367 5464 508 5533 notitiam,
527 5478 586 5517 non
604 5463 716 5516 tantum
732 5471 832 5513 eonrm
845 5457 894 5530 qui
909 5456 940 5513 in
990 5460 1061 5530 ritis,
1083 5459 1202 5516 consilio
1227 5459 1346 5514 meliore
1365 5456 1559 5515 tractabimus.
1584 5457 1620 5514 Et
1642 5456 1699 5513 alia
1710 5465 1790 5511 ment·

126 5589 160 5628 ea
171 5564 316 5643 provincia
335 5565 410 5627 sunt,
427 5557 477 5614 sed
490 5556 576 5612 etiam
588 5554 635 5626 qui
652 5553 682 5608 in
694 5551 793 5607 vicinis
814 5551 939 5607 dilectio·
989 5555 1059 5610 Data
1073 5570 1090 5608 1
1105 5554 1222 5610 llalend.
1246 5553 1382 5620 Octobris,
1408 5552 1532 5610 Honorio
1543 5552 1589 5609 xii
1615 5553 1646 5608 et
1655 5534 1792 5609 meotes

127 5663 171 5722 nis
184 5667 239 5718 tuae
257 5651 624 5733 provinciisadjunguntur.
644 5645 720 5702 Sciet
740 5644 867 5718 quisquis
887 5645 941 5701 hoc
990 5646 1306 5725 Augustisconsulihus.
