3870 6150
143 251 191 304 sal
586 243 727 299 neptun.
747 244 791 302 sil)
810 245 890 301 SAEC.
911 241 1376 301 lx.‚-1slb0}t1llssuculouls
1770 244 1815 298 tii

139 370 256 411 ornnem
278 352 419 408 maculam
432 351 567 408 humanae
579 352 742 423 pollutionis
756 352 886 420 exclusit,
901 368 957 423 qua
965 361 997 437 Α
1006 352 1082 424 pavit
1091 335 1242 423 egisse,'ac
1255 349 1375 422 proinde
1388 364 1438 405 eos
1449 351 1578 405 metuere
1591 347 1643 420 qui
1656 348 1701 404 rel
1715 348 1745 403 in
1757 365 1820 404 con-

139 447 298 504 declaratur
315 462 347 501 ac
366 445 489 502 dicitur:
507 467 521 495 u
535 446 583 501 llic
597 450 638 501 est
650 445 701 518 qui
712 446 838 517 baptizat
850 447 880 500 ln
894 446 955 518 Spi-
1006 446 1210 502 sectationibus
1240 444 1285 499 vel
1305 445 1335 498 in
1361 442 1535 515 baptismate
1558 443 1698 515 mysteria
1721 443 1820 498 tradita

136 541 195 597 ritu
221 543 249 596 et
272 540 340 612 igne
359 540 447 611 (loon.
465 558 484 608 l,
501 541 555 609 33).
573 561 587 589 a
610 541 683 595 Nam
702 540 725 594 si
748 540 865 594 visibilis
889 539 956 595 solis
1005 543 1201 612 susceperunt,
1229 554 1266 593 ne
1290 537 1370 592 irrita
1395 536 1644 593 beneficiadirina
1662 536 1818 591 videantur.

136 633 217 690 istius
229 633 303 690 radii
314 651 380 690 curn
390 650 444 706 per
457 634 519 689 loca
528 633 706 689 faetidissime
719 639 866 690 transeunt
877 633 956 689 nulla
1005 633 1185 690 Meminerint
1208 634 1239 687 in
1257 632 1309 687 hac
1330 647 1442 703 quoque
1463 635 1544 702 parte
1567 630 1703 685 similiter
1727 634 1822 685 tracta·

137 732 282 784 contactus
295 727 494 801 inquinatione
508 728 698 796 maculantur,
713 727 908 798 multomagis
921 727 955 780 il·
1005 733 1067 783 turn
1082 729 1235 799 praevalere
1246 725 1433 798 superiorem,
1445 725 1581 796 quianon
1591 725 1654 780 sine
1666 724 1822 796 usurpatio

136 821 191 876 lius
212 820 260 894 qui
280 821 368 877 istum
388 821 526 877 visibilem
544 822 611 877 lecit
624 821 713 878 virtus
732 821 810 877 nulla
831 819 956 875 ministri
1005 837 1042 876 nc
1058 822 1181 876 nominis
1197 820 1347 876 sacerdotii
1367 819 1544 890 adjudicatus
1564 819 1620 874 hoc
1635 818 1709 890 egit,
1725 817 1756 873 in
1770 834 1821 889 quo

137 915 309 987 indignitate
329 915 545 987 constringitur.
568 915 640 969 Nam
652 920 680 969 et
691 915 775 971 ludas
787 930 853 969 cum
870 914 972 993 lueritn
1004 915 1139 970 virtutem
1162 931 1242 969 suam
1264 912 1458 969 obtinentibus
1472 912 1626 984 mysteriis.
1643 912 1676 965 ln
1691 912 1748 966 hoc
1761 929 1823 984 quo

138 1009 293 1081 sacrilegus
308 1013 393 1081 atque
411 1010 467 1080 fur,
484 1008 624 1081 quidquid
643 1009 702 1080 egit
719 1008 794 1063 inter
814 1007 956 1080 apostolos
1005 1026 1059 1081 que
1087 1025 1136 1062 rea
1160 1008 1213 1062 sibi
1236 1024 1359 1078 persona
1385 1023 1444 1062 non
1464 1007 1572 1062 nocuit.
1596 1007 1670 1060 Nam
1692 1004 1731 1059 ad
1748 1005 1822 1060 illum

137 1119 189 1173 pro
202 1101 500 1174 diguitatecommissa
512 1101 653 1157 beneficia
664 1101 878 1173 perindignum
889 1100 955 1156 data
1004 1102 1151 1174 pertinuit,
1167 1102 1244 1172 quod
1258 1100 1326 1156 tuba
1345 1101 1479 1156 Davidica
1498 1101 1632 1155 canitur:
1650 1120 1665 1149 u
1682 1100 1824 1154 Verumta-

137 1195 215 1252 nulla
235 1211 268 1250 er
289 1195 343 1251 hoc
356 1196 529 1251 detrimenta
543 1199 704 1263 senserunt,
718 1195 881 1251 declarante
899 1195 954 1250 boc
1005 1212 1072 1251 men
1085 1196 1159 1250 Deus
1174 1195 1372 1267 conquassabit
1388 1195 1480 1266 capita
1492 1193 1684 1249 inimicorum
1701 1209 1821 1260 suorum,

137 1289 232 1361 ipsum
242 1289 361 1344 Domino
370 1289 692 1344 manifestissimavoce:
704 1307 718 1341 «
728 1288 954 1360 Scribas,inquit,
1004 1288 1543 1360 verticemcapilliperambulantiumin
1554 1287 1668 1342 delictis
1675 1286 1821 1358 suistl’sol.

137 1382 305 1439 ctPharisei
324 1399 411 1454 super
429 1382 595 1437 cathedram
608 1381 819 1453 Moysisedent3
835 1398 898 1454 quae
912 1381 953 1437 di·
1003 1399 1084 1452 srvit,
1112 1382 1166 1455 24).
1194 1401 1208 1433 o
1234 1383 1304 1437 Nam
1328 1381 1461 1453 superbia
1484 1380 1679 1452 semperfsibi
1694 1381 1822 1435 bondis

138 1482 206 1533 cunt
221 1477 316 1546 tacite,
336 1493 400 1548 quan
412 1481 508 1531 autem
522 1476 628 1531 faciunt
640 1475 728 1531 nolite
738 1476 842 1545 lacere,
856 1475 954 1530 dicunt
1004 1476 1072 1532 tacit
1085 1476 1209 1545 ruinam,
1220 1475 1662 1547 quodunivcrsaScripturamm
1671 1474 1822 1529 caelestium

138 1570 216 1627 enirn
236 1573 265 1626 et
286 1569 692 1639 nontaciuntlllattli.xx111,
714 1570 750 1640 3).
771 1590 785 1620 a
810 1567 954 1640 Quidquid
1003 1572 1123 1626 testatur
1140 1569 1303 1636 auctoritas,
1325 1569 1398 1624 sicut
1422 1568 1507 1624 etiam
1525 1584 1577 1640 per
1599 1568 1748 1639 Spiritum
1766 1584 1821 1622 san·

138 1680 208 1736 ergo
220 1663 256 1719 ad
271 1663 419 1719 bominem
431 1663 592 1735 perlectum
604 1662 894 1736 quilibetinecclesia
904 1661 955 1716 mi·
1004 1667 1082 1719 ctum
1113 1663 1219 1718 dicitur
1246 1663 1275 1716 in
1300 1662 1467 1735 prophetico
1484 1679 1490 1716 :
1509 1663 1603 1716 «Non
1630 1660 1819 1716 habitabilia

137 1758 227 1814 nister
241 1756 334 1812 officio
346 1773 396 1813 suo
415 1756 528 1812 videtur
546 1757 670 1828 operari,
690 1757 745 1813 hoc
759 1759 852 1812 totum
863 1755 952 1811 conti·
963 1746 992 1820 B
1003 1757 1099 1813 medio
1112 1758 1214 1813 domus
1229 1773 1301 1813 meae
1314 1756 1363 1828 qui
1379 1756 1447 1812 tacit
1462 1754 1629 1827 superbiam
1646 1755 1735 1818 (Psat.
1751 1771 1775 1810 c.
1788 1760 1817 1823 tt.

137 1850 199 1906 neri
213 1850 360 1923 implendo
372 1850 526 1906 divinitatis
542 1849 685 1906 affectum.
700 1852 741 1907 lta
752 1850 798 1905 ille
808 1865 955 1922 perquem
1003 1851 1083 1906 Unde
1109 1867 1174 1906 cum
1189 1851 1242 1905 sibi
1254 1849 1408 1906 sacerdotis
1423 1865 1530 1904 nomen
1544 1849 1738 1906 vindicaverit
1750 1849 1820 1904 ‹lam-

136 1943 263 2001 Christus
276 1944 404 2016 loquitur
418 1944 520 2000 Paulus
529 1944 674 2000 affirmat:
701 1965 716 1995 u
735 1945 795 2016 Ego
820 1944 954 2016 plantavi,
1005 1948 1087 1999 natus
1109 1944 1139 1999 in
1158 1944 1247 2016 ipsius
1268 1945 1404 2000 verticem
1426 1944 1567 2016 superbiai
1586 1948 1691 1999 tumor
1703 1942 1819 1998 inflictus

137 2038 236 2109 Apollo
251 2037 363 2109 rigavit,
376 2037 427 2093 sed
440 2037 515 2092 Deus
527 2038 738 2094 incrementum
752 2037 843 2108 dedit,
858 2037 955 2108 itaque
1004 2041 1056 2108 est,
1080 2038 1148 2110 quia
1169 2054 1226 2093 non
1239 2039 1363 2111 populus
1376 2037 1467 2110 quiin
1480 2036 1652 2093 ministeriis
1665 2038 1769 2093 domus
1784 2037 1819 2109 ip·

137 2148 232 2204 neque
253 2131 302 2204 qui
320 2131 431 2202 plantat
443 2134 486 2187 est
499 2130 618 2202 aliquid,
636 2146 728 2202 neque
742 2130 792 2202 qui
807 2130 891 2202 rigat,
905 2129 955 2185 sed
1004 2131 1062 2186 sius
1085 2131 1198 2187 sitiebat
1218 2133 1348 2188 exclusus
1371 2137 1422 2202 est,
1446 2132 1495 2188 sed
1514 2131 1610 2187 anima
1624 2131 1691 2187 sola
1704 2132 1817 2203 illaque

137 2225 187 2298 qui
200 2226 409 2281 incrementum
420 2225 479 2292 dat,
491 2224 601 2295 lienslll
608 2226 669 2283 Gor.
684 2227 711 2295 6,
725 2226 763 2293 7).
775 2244 789 2274 »
806 2223 897 2279 Abeo
908 2239 956 2279 au·
1003 2227 1180 2297 peccaverat,
1192 2226 1270 2297 justo
1281 2226 1390 2297 judicio
1412 2226 1535 2298 propria
1550 2225 1646 2297 culpae
1664 2229 1729 2280 erat
1740 2225 1818 2280 obno-

137 2321 197 2375 tem
216 2334 276 2374 non
300 2317 448 2390 quaritur,
468 2318 532 2391 quis
554 2320 596 2374 vel
620 2317 716 2391 qualia
743 2316 889 2388 proedicst,
905 2316 956 2372 sed
1003 2318 1060 2374 xia.
1085 2318 1158 2383 Quid
1177 2319 1284 2391 ubique
1304 2336 1455 2375 numerosa
1468 2319 1690 2391 Scripturarum
1706 2322 1817 2374 testatur

137 2428 223 2486 quem
239 2411 378 2484 praedicet
399 2416 428 2467 et
447 2417 479 2467 ut
497 2410 609 2468 invidos
624 2428 684 2468 esse
705 2410 779 2467 bene
797 2410 955 2482 praedicare
1004 2411 1164 2483 instructio,
1182 2412 1259 2468 unde
1277 2414 1396 2468 remotis
1407 2413 1554 2469 hominem
1572 2413 1677 2469 studiis
1690 2413 1748 2468 sire
1765 2429 1817 2467 rer-

138 2506 283 2562 Christum
299 2505 449 2562 continuet
457 2521 512 2577 quo
524 2506 601 2562 malo
614 2504 743 2562 diabolus
754 2504 814 2577 ipse
828 2502 956 2577 dejectus
1003 2506 1101 2577 sotiis,
1124 2507 1154 2562 in
1175 2506 1229 2561 hac
1250 2505 1344 2563 adhuc
1370 2507 1505 2578 prasenti
1534 2507 1698 2580 fragilitate
1725 2507 1818 2580 posito

136 2603 165 2656 et
179 2601 233 2656 boc
244 2599 306 2672 ipso
319 2599 473 2673 predicare
485 2615 546 2656 non
560 2599 674 2656 desinit.
1002 2615 1070 2656 rum
1083 2598 1243 2656 secuudum
1255 2616 1352 2672 preces
1366 2605 1475 2657 nostras
1490 2600 1593 2656 annisu
1609 2606 1639 2656 ct
1655 2603 1817 2657 auctoritate

172 2694 239 2753 Vlll.
253 2694 318 2750 ldeo
330 2709 400 2765 ergo
415 2692 501 2751 ethic
521 2693 602 2765 cujm
624 2709 733 2749 nomen
752 2692 876 2748 dicimus
890 2691 956 2749 reti·
1004 2692 1146 2766 imperiali
1167 2693 1266 2750 otiorte
1288 2695 1346 2750 lieo
1370 2697 1468 2751 nostro
1489 2711 1577 2751 unam
1589 2695 1764 2751 catholicam
1776 2696 1819 2750 ltc-

137 2786 266 2843 neudum
273 2786 430 2843 malebona
437 2785 628 2842 ministrando
639 2785 693 2842 sibi
701 2788 841 2858 quantum
848 2785 954 2841 nocuit.
1004 2787 1118 2842 alesiam
1131 2790 1160 2843 et
1173 2788 1370 2860 apostolicam,
1393 2789 1461 2861 qnia
1482 2788 1536 2844 boc
1557 2790 1656 2845 solum
1670 2796 1712 2847 sat
1725 2790 1756 2845 in
1767 2806 1818 2861 quo

138 2881 211 2936 Nam
219 2879 382 2936 inviolabile
392 2882 604 2935 sacramentum
615 2880 691 2952 quod
704 2880 956 2952 perillumdatum
1005 2897 1064 2937 non
1077 2881 1170 2937 solum
1186 2881 1217 2937 in
1233 2882 1325 2953 terris,
1341 2882 1392 2938 sed
1410 2883 1496 2939 etiarn
1510 2883 1540 2938 in
1560 2885 1634 2940 caelo
1647 2884 1819 2956 triumphare

138 2972 956 3045 estaliisperlectionemsuaevirtutisobtinuit.0uodcum
1006 2975 1066 3031 sine
1093 2974 1151 3031 fine
1176 2976 1305 3048 {possitis
1333 2976 1506 3048 Subscripto,
1536 2978 1725 3050 omnipotens
1752 2979 1818 3033 Deus

136 3066 177 3123 ita
189 3066 225 3123 sit
235 3066 434 3139 aliquorumin
442 3069 556 3123 tantum
565 3084 595 3122 se
608 3066 738 3124 extendit
747 3067 858 3123 curiosa
868 3067 956 3140 suspi·
1005 3084 1126 3140 regnum
1161 3074 1190 3127 et
1219 3071 1338 3126 salutern
1374 3073 1453 3126 tuam
1479 3077 1620 3144 perpetua
1647 3072 1818 3145 protectione

138 3160 191 3231 cio,
221 3164 252 3216 ut
274 3161 448 3233 imaginetur
473 3161 583 3233 prolato
613 3177 721 3234 apapa
742 3161 834 3218 Felice
845 3119 1154 3234 judicioccustodiat,
1182 3164 1385 3236 gloriosissime
1408 3168 1438 3220 et
1453 3166 1688 3237 clementissime,
1712 3182 1819 3239 semper

140 3257 239 3326 postea
252 3253 436 3311 inefficaciter
444 3255 474 3311 in
489 3254 672 3311 sacramentis
680 3272 745 3328 quae
753 3256 868 3311 boecius
878 3272 956 3311 usur·
1005 3260 1143 3330 Auguste.

418 3637 704 3733 INCIPIUNT
738 3640 999 3734 obtutui
1034 3641 1325 3736 SYMMACHI
1360 3646 1541 3740 PAPAE.

795 3862 1142 3873 m.--·..

174 4011 198 4065 l.
213 4010 304 4065 Utres
316 4006 442 4064 ecclesiae
454 4023 513 4063 non
526 4007 698 4076 alienentur,
718 4007 768 4064 sed
789 4008 897 4064 clericis
910 4009 954 4064 vel
1002 4024 1116 4081 cunque
1129 4014 1302 4080 argumento
1325 4026 1384 4066 non
1400 4011 1536 4082 patimur,
1559 4010 1615 4066 uisi
1639 4011 1759 4068 forsitan
1770 4014 1814 4065 snt

138 4101 287 4158 monachis
303 4107 353 4158 aut
364 4101 525 4173 peregrinis
537 4101 566 4155 in
581 4117 664 4156 usum
679 4101 880 4157 tantummodo
895 4103 952 4156 iar·
1002 4102 1110 4159 clericis
1124 4102 1267 4158 honorum
1280 4104 1400 4176 meritis,
1416 4108 1466 4160 aut
1479 4105 1665 4161 monasteriis
1677 4101 1813 4178 religionis

139 4196 265 4267 giantur.
1002 4195 1118 4264 intuitu,
1143 4200 1194 4252 aut
1217 4200 1294 4253 certe
1322 4198 1484 4271 peregrinis
1509 4199 1533 4253 si
1555 4201 1712 4255 necessitas
1726 4196 1814 4269 ragin·

172 4290 200 4344 2.
216 4289 251 4344 Ut
268 4288 365 4343 nullus
378 4287 517 4342 honorem
529 4285 655 4357 premiis
666 4286 793 4359 accipiat.
1002 4290 1131 4360 suaserit,
1151 4290 1191 4346 sic
1207 4296 1305 4347 nmen
1324 4297 1357 4348 ut
1378 4291 1439 4348 haec
1462 4293 1525 4365 ipsa
1546 4309 1607 4349 non
1619 4298 1760 4367 perpetro
1772 4290 1816 4348 sed

173 4383 200 4436 3.
213 4381 250 4436 Ut
267 4383 396 4453 raptores
410 4379 561 4435 viduarum
574 4380 617 4435 vel
628 4379 773 4451 virginum
782 4381 817 4436 ab
828 4380 954 4438 ecclesiia
1002 4384 1199 4456 temporaliter
1212 4386 1409 4457 pertruantur.

137 4474 341 4532 commuuione
359 4474 512 4546 pellantur.
962 4497 994 4573 D
1040 4479 1071 4533 ll.
1086 4476 1156 4532 lllud
1169 4493 1342 4550 magnopere
1357 4495 1545 4535 commonens
1555 4482 1586 4535 ut
1596 4478 1628 4534 hi
1643 4479 1694 4552 qui
1706 4477 1818 4537 nonbsi

172 4572 199 4626 l.
213 4570 250 4626 Ut
260 4569 353 4625 viduae
373 4568 418 4624 vel
437 4567 562 4640 virgines
582 4567 715 4639 professa
736 4570 953 4639 continentiam,
1005 4570 1104 4642 gratia,
1119 4571 1169 4626 sed
1180 4572 1366 4644 promissione
1380 4589 1478 4629 rerum
1487 4573 1746 4630 ecclesiasticarum
1754 4590 1820 4648 pra·

138 4665 212 4720 ultra
226 4679 285 4719 uon
300 4663 420 4719 nubant.
1002 4665 1089 4719 missa
1101 4663 1138 4718 ad
1150 4666 1341 4722 secerdotium
1357 4671 1496 4723 conantur
1514 4666 1654 4724 accedere
1668 4667 1819 4724 desiderio-

173 4761 198 4813 5.
211 4758 247 4813 Ut
258 4757 352 4812 nullus
361 4772 412 4828 par
421 4755 562 4811 ambitum
570 4755 608 4811 ad
618 4755 813 4828 episcopatum
826 4758 952 4814 accedat.
1002 4773 1068 4813 rum
1080 4757 1182 4814 talium
1194 4760 1389 4832 reprimantur
1402 4760 1529 4817 allectus.
1543 4760 1598 4826 Qui
1607 4766 1710 4818 autem
1725 4762 1763 4818 ab
1774 4762 1820 4817 bu

170 4849 358 4908 Dilectissimo
369 4848 452 4905 tratri
464 4852 591 4907 Cessero
605 4849 781 4908 Sruuicaos.
999 4851 1327 4924 jusmodiseintentione
1335 4854 1820 4912 noncohilientrindictiscanouum

173 4945 308 5000 Hortatur
318 4959 370 4999 nos
384 4942 504 5016 aequitas
518 4943 720 5016 postulationis
740 4942 881 5002 desiderio
897 4949 954 5002 tuoe
1002 4945 1133 5002 scientae
1148 4946 1209 5003 sine
1224 4947 1402 5005 dubitatione
1417 4949 1620 5021 subjiciendos,
1640 4966 1677 5006 ne
1691 4950 1775 5006 tacite
1786 4947 1819 5004 ad

136 5037 323 5098 fraternitatis
347 5040 493 5110 gratanter
517 5053 655 5107 annuere,
682 5039 750 5110 quia
775 5038 810 5095 ds
832 5038 953 5113 singulis
1002 5040 1818 5118 sacerdotiumpermittanturaccedcre,quibusetgradus

135 5150 201 5209 quas
215 5132 252 5188 ab
264 5131 417 5204 apostolica
438 5131 506 5187 sede
521 5131 675 5188 concedere
691 5133 835 5204 supplicas
846 5133 952 5208 quoda
1002 5138 1032 5189 et
1045 5140 1174 5206 tempora
1186 5136 1341 5193 constituta
1353 5140 1429 5205 sunt,
1443 5153 1496 5210 per
1510 5153 1574 5209 ques
1587 5137 1628 5192 ad
1643 5137 1720 5194 banc
1733 5136 1818 5210 digni·

135 5231 251 5284 Patrum
278 5224 388 5282 cautela
410 5228 439 5280 et
463 5225 626 5296 provisione
659 5242 717 5281 noo
743 5225 893 5299 discrepat.
919 5230 952 5285 Et
1001 5233 1089 5284 tatem
1103 5229 1225 5285 debeant
1236 5230 1372 5302 aspirare,
1386 5231 1452 5304 quia
1466 5231 1631 5304 quicunque
1645 5232 1709 5289 sine
1718 5232 1816 5288 abbate

134 5321 262 5396 quamvis
274 5318 470 5376 ecclesiasticae
489 5333 581 5389 poenoe
594 5319 701 5389 regulae
717 5321 816 5376 omnia
832 5337 952 5395 conpre·
1001 5329 1188 5395 promovetur
1201 5341 1261 5380 non
1274 5324 1356 5380 facile
1368 5330 1446 5381 caret
1457 5324 1577 5395 offensa,
1592 5329 1624 5382 et
1635 5327 1699 5384 sine
1713 5323 1817 5400 expeti

135 5415 271 5484 henderit,
289 5416 388 5469 tarum
412 5410 590 5484 superfluum
617 5428 678 5468 esse
704 5429 764 5469 non
790 5415 950 5486 credimus,
1001 5418 1815 5490 mentononpossetqniselectionisobtineremutantium

135 5524 211 5564 nunc
224 5523 289 5579 qua
301 5511 368 5563 suut
381 5505 485 5577 sapius
500 5504 653 5561 interdicta
667 5509 808 5577 repetere.
1038 5510 1081 5565 lll.
1098 5512 1236 5583 Raptores
1251 5511 1340 5584 igitur
1353 5513 1396 5568 rel
1406 5513 1555 5569 viduarum
1569 5513 1615 5570 vel
1624 5514 1772 5586 mmm
1784 5510 1817 5568 ob

170 5603 238 5658 Gar.
253 5603 275 5657 l.
290 5598 483 5657 Possessionee
499 5598 598 5671 igitur,
612 5615 682 5672 quas
696 5600 894 5673 unusquisque
909 5617 952 5658 ec·
1000 5603 1211 5662 immanitatem
1226 5607 1297 5663 tanti
1313 5607 1446 5663 facinoris
1457 5606 1644 5681 detestamur,
1658 5609 1725 5666 illos
1737 5607 1816 5665 rebe·

136 5695 262 5751 ccclesiae
274 5693 398 5767 propria
411 5691 493 5750 dedit
504 5698 554 5749 aut
560 5693 677 5766 reliquit
688 5693 817 5765 arbitrio,
827 5695 950 5754 alienare
999 5698 1125 5755 mentius
1133 5701 1388 5774 persequendoqui
1397 5718 1490 5757 sacras
1498 5701 1625 5775 virgines
1634 5703 1682 5760 rel
1694 5703 1815 5760 volentes

120 5787 301 5866 quibuslibet
311 5787 402 5847 titulis
415 5790 503 5863 atque
516 5787 751 5849 distractionibus
760 5788 807 5846 sel
818 5788 870 5847 sub
882 5806 950 5863 quo
999 5793 1043 5848 rel
1066 5791 1168 5850 inritas
1184 5795 1372 5854 matrimonio
1394 5795 1498 5852 sociare
1521 5800 1719 5857 manserat.
1746 5795 1815 5863 0⁰⁰¹
