3870 6150
1020 56 1031 75 ν
1067 39 1088 83 ἱ

45 248 46 252 ¹
140 293 191 348 aas
584 287 726 344 terrun.
747 286 791 345 au
810 287 890 344 sac.
910 286 954 343 rx.
971 315 1005 328 -
1024 285 1145 344 rsruom
1166 284 1379 343 uracxroars
1772 284 1821 339 aaa

139 400 247 453 luimus
258 393 421 468 convenire,
443 393 487 452 rel
500 395 590 468 spatia
614 397 718 468 quibus
736 415 753 454 a
767 397 850 453 uobis
864 397 956 468 dispa-
969 409 998 482 Α
1009 397 1069 451 licae
1083 397 1158 464 sali,
1172 397 1248 451 unde
1268 393 1415 465 religionis
1434 394 1550 461 nostras,
1564 389 1692 464 propitio
1707 389 1822 458 Christo,

139 492 191 546 rati
207 508 304 545 sumus
315 491 402 563 longa
415 497 557 547 terrarum
568 498 731 547 nostrarum
746 509 810 564 quas
823 492 852 547 in
867 492 957 563 regio
1007 491 1070 545 fons
1083 494 1112 545 et
1125 490 1207 562 origo
1224 489 1360 556 manarit,
1377 486 1534 543 antistitem
1548 485 1683 541 dederit:
1700 489 1825 556 petentes

138 585 764 656 nibusnostris,p1·aeterconsuetudinem,fuit
775 585 958 656 intemperies
1008 584 1093 640 etiarn
1117 589 1150 640 ut
1175 584 1272 639 datum
1303 597 1527 652 concessumque
1555 596 1665 634 munus
1691 578 1824 650 pontificii

138 679 287 733 attulisset.
297 680 348 734 Det
361 695 429 751 ergo
443 681 617 751 apostolatus
624 683 717 734 vester
730 685 835 734 nostrae
846 678 957 734 reniam
1007 677 1092 732 vestri
1108 677 1276 748 longissima
1289 677 1325 731 ad
1338 675 1555 731 edificationem
1565 672 1755 728 ecclesiarum
1769 689 1824 727 sua

138 772 276 838 tarditati,
294 789 357 843 quae
378 789 436 828 non
453 773 511 828 otio
530 778 580 829 aut
599 772 834 841 dissimulatione,
850 771 900 827 sed
921 771 957 826 de
1006 789 1072 827 rum
1089 775 1172 827 aetato
1189 771 1337 826 custodiat.
1361 771 1416 824 b'os
1436 774 1534 823 autem
1556 766 1610 821 etsi
1625 766 1753 837 impares
1769 782 1820 820 ma·

139 869 217 921 certa
229 866 395 922 necessitate
409 866 563 936 descendit,
585 883 704 938 quasque
721 866 833 921 anobis
847 866 899 920 etsi
914 882 955 920 ce·
1007 866 1078 932 ritis,
1095 865 1171 937 paris
1190 869 1287 920 tamen
1308 862 1386 932 fidei,
1402 862 1507 933 siquid
1522 860 1707 932 (quodabsiti
1733 865 1823 914 contra

136 960 256 1015 leritatis
276 960 397 1031 gratiam
420 960 546 1026 abstulit,
570 960 730 1015 exsultandi
752 966 849 1015 tamen
869 965 957 1014 mate·
1007 959 1161 1016 Ecclesiam
1174 959 1341 1014 catholicam
1355 957 1473 1028 profana
1488 954 1673 1010 infestatione
1693 957 1821 1013 tentetur.

137 1053 212 1107 riam
235 1054 349 1108 auferre
371 1070 428 1108 non
452 1054 554 1124 potuit.
567 1054 748 1109 Exsultamus
762 1054 858 1125 itaque
879 1052 957 1109 Chri·
1006 1053 1098 1124 parati
1111 1070 1219 1119 sumus,
1234 1052 1409 1107 confortante
1424 1048 1552 1118 Domino,
1566 1064 1635 1102 cum
1649 1047 1821 1102 beatitudine

138 1147 217 1200 tiano
237 1147 341 1218 populo
364 1147 443 1202 lectis
465 1147 649 1202 beatitudinis
669 1150 770 1202 restrae
791 1146 901 1214 littaris,
929 1152 958 1201 et
1006 1152 1107 1213 vestra,
1123 1163 1175 1218 pro
1191 1145 1308 1201 veritate
1326 1145 1393 1200 fidei
1408 1145 1520 1198 animas
1540 1148 1654 1197 nostras
1668 1145 1823 1213 ponere,et

140 1240 267 1295 omnium
283 1241 471 1296 instructione
484 1241 634 1312 patefacta,
651 1242 839 1296 omnesintra
853 1239 957 1296 Gallias
1006 1242 1093 1295 vitam
1128 1241 1203 1295 hanc
1240 1238 1349 1294 auctori
1375 1237 1474 1293 salutis
1506 1241 1611 1292 nostrae
1643 1239 1675 1290 et
1705 1234 1821 1306 largitori

140 1334 306 1388 constitutos
319 1336 459 1390 exsultare
472 1351 536 1390 mox
557 1335 684 1404 fecimus,
703 1334 832 1390 dolentes
851 1334 957 1406 pariter
1006 1334 1173 1390 aeternitatis
1192 1333 1369 1404 impendere.
1390 1332 1611 1388 aestumare:
1632 1329 1691 1386 Ora
1710 1344 1763 1399 pro
1773 1344 1821 1396 ms,

139 1445 190 1500 pro
205 1428 249 1483 his
262 1428 409 1484 nobiscum
420 1429 479 1501 qui,
496 1429 640 1484 catholicus
655 1428 721 1483 fidei
733 1428 841 1484 lumine
852 1427 955 1483 dereli-
1006 1428 1122 1483 domine
1136 1427 1297 1483 beatissime
1317 1426 1419 1481 merito
1439 1430 1466 1480 et
1480 1423 1634 1495 apostolico
1656 1423 1770 1477 bonore
1782 1439 1821 1476 re·

138 1528 338 1591 ct0,e1·r0rum
352 1522 482 1577 tenebras
503 1522 677 1578 inciderunt.
699 1521 767 1586 011ae
782 1522 956 1592 apostolatus
1005 1522 1135 1578 nerande
1159 1538 1250 1593 papa:
1280 1521 1411 1576 Rusticus
1439 1518 1600 1590 episcopus,
1635 1517 1822 1588 apostolatum

139 1616 223 1671 rcstri
248 1617 363 1687 scripta,
380 1616 420 1671 ita
436 1622 466 1671 ut
490 1617 651 1688 symbolum
676 1615 744 1670 fidei
763 1615 891 1686 quisquis
909 1632 955 1670 re·
1006 1621 1087 1671 tuum
1102 1616 1131 1669 in
1147 1616 1275 1685 Domino,
1298 1614 1468 1680 venerande,
1489 1612 1590 1678 saluto,
1607 1615 1637 1665 et
1659 1613 1696 1664 ut
1708 1609 1822 1681 digneris

140 1709 311 1781 demptionis
326 1715 504 1765 sacramenta
519 1727 577 1765 non
598 1710 728 1781 negligit,
750 1709 851 1764 tabulis
865 1709 957 1764 cordis
1007 1726 1058 1782 pro
1072 1726 1119 1764 me
1131 1726 1213 1765 orare
1227 1710 1347 1780 supplex
1362 1724 1442 1779 rogo.
1455 1705 1593 1761 Venerius
1605 1721 1613 1759 ι
1624 1705 1664 1759 Te
1681 1704 1821 1759 domiuum

138 1803 278 1876 ascripsit,
293 1808 321 1858 ct
336 1804 429 1859 tenaci
442 1804 520 1875 quod
532 1805 567 1859 ud
580 1803 797 1859 confundendos
812 1785 995 1858 haeretico-B
1006 1804 1036 1859 in
1053 1804 1166 1859 Christo
1182 1820 1289 1872 meum,
1306 1800 1552 1868 reverendissime,
1570 1799 1683 1864 saluto,
1697 1803 1727 1854 et
1745 1803 1774 1853 ut
1789 1796 1821 1852 di·

138 1914 203 1952 rum
223 1914 334 1953 errores
355 1898 482 1969 paratior
506 1900 538 1953 fit
564 1897 712 1953 memoriae
736 1897 954 1952 commendavit.
1007 1899 1102 1970 gnaris
1122 1915 1174 1969 pro
1194 1914 1241 1952 me
1263 1913 1344 1951 orare
1368 1895 1488 1967 supplex
1514 1910 1595 1963 rogo.
1623 1892 1819 1948 Constantinus

137 1991 213 2047 tlulti
235 1993 330 2064 itaque
354 1992 383 2046 iu
409 2009 443 2047 aa
465 1993 573 2063 pariter
602 1992 761 2063 gaudentes
784 1992 957 2047 exsultantes
1005 1993 1173 2065 episcopus:
1199 1990 1406 2047 beatitudinem
1429 1992 1552 2043 vestram
1574 1987 1683 2042 saluto.
1699 1986 1818 2042 Similiter

138 2091 365 2155 recognoverunt
384 2084 450 2140 fidei
466 2102 525 2140 suae
548 2102 674 2152 sensum,
699 2088 727 2140 et
743 2085 781 2140 ita
800 2102 829 2140 se
844 2101 956 2155 semper
1006 2091 1035 2142 et
1048 2103 1149 2143 onrnes
1160 2085 1283 2158 episcopi
1297 2083 1483 2154 suprascripti
1497 2082 1708 2137 salutaverunt.

136 2195 170 2232 ex
186 2177 338 2233 traditione
347 2182 467 2248 paterna
479 2177 615 2244 tenuisse,
631 2181 663 2232 ut
674 2183 766 2232 vester
779 2178 955 2249 apostolatus
1006 2204 1092 2259 mx,
1117 2235 1151 2243 -
1173 2203 1297 2272 Epistola
1317 2203 1413 2255 Leonis
1435 2200 1472 2254 ad
1491 2214 1581 2254 omn„
1602 2200 1746 2268 ,mm
1764 2197 1814 2252 gg,

138 2271 271 2341 exposuit
281 2271 347 2341 jure
368 2271 510 2325 lactantur.
529 2271 664 2327 Nonnulli
686 2271 862 2327 sollicitiores
879 2271 955 2340 facti,
1141 2276 1240 2329 tiorum
1254 2275 1286 2328 da
1301 2273 1475 2327 damnatione
1488 2272 1693 2325 hereticorum.

139 2363 323 2419 beatitudinis
347 2368 447 2419 restrae
468 2363 664 2419 admonitione
693 2369 834 2436 percepta,
866 2364 957 2420 modis
1008 2355 1013 2367 ’
1042 2370 1096 2424 Lao
1121 2369 1274 2434 liirauuro,
1306 2367 1434 2434 Rustico,
1464 2365 1598 2432 Vauearo,
1629 2365 1813 2425 Cousrasuso,

56 2492 60 2497 -
138 2458 272 2513 omuibus
292 2474 320 2512 se
340 2459 520 2529 gratulantur
543 2458 706 2525 instructos,
728 2458 880 2530 datamque
904 2458 957 2512 sibi
1005 2464 1124 2532 Mniuo,
1157 2465 1342 2526 Anuauraaio,
1384 2460 1485 2527 l'aoao,
1518 2458 1618 2524 Sauro,
1662 2457 1812 2520 Varenum,

137 2548 317 2603 occasionem
332 2548 467 2620 gaudent,
482 2566 538 2620 qua
550 2549 639 2604 libere
653 2565 685 2604 ac
701 2547 882 2616 fiducialiter,
897 2549 955 2603 suf·
1006 2560 1206 2624 Censennnnn
1229 2557 1376 2621 Nncrimo,
1394 2554 1515 2619 Mxxruo,
1540 2554 1685 2622 Ascmrro,
1708 2552 1812 2613 Mauro,

137 2643 268 2713 fragante
290 2642 378 2697 etiam
398 2643 558 2714 apostolica
585 2642 666 2698 Sedis
693 2643 871 2709 auctoritate,
896 2644 955 2698 elo·
1007 2654 1087 2720 Uene,
1124 2653 1270 2717 lnennuao,
1305 2651 1399 2716 tuero,
1436 2649 1606 2715 anaarsso,
1645 2646 1811 2708 surenam,

137 2741 272 2808 quantur,
296 2739 325 2790 ct
341 2737 442 2791 asserit
462 2736 657 2808 unusquisque
671 2736 748 2807 quod
770 2737 869 2792 credit·
890 2736 957 2800 ouis
1007 2747 1166 2812 eusimio,
1194 2745 1320 2810 roureio,
1351 2744 1499 2810 turrano,
1528 2741 1664 2807 arnano,
1699 2741 1813 2801 aranu,

137 2829 739 2900 autamapostolatuivestroprohoctanto
749 2831 956 2902 munerequod
1007 2844 1137 2910 flitrinio,
1174 2840 1302 2906 Eurrcao,
1335 2837 1489 2903 Fmrnnuo,
1525 2835 1670 2904 Vauruao,
1698 2835 1812 2896 Errarno,

137 2923 299 2978 nonsolum
311 2922 588 2992 Gallias,sedtotum
601 2922 957 2995 mundumvelutquibus·
1007 2937 1133 3004 finano,
1171 2935 1254 3002 vano,
1282 2936 1410 3000 Auauuo,
1449 2931 1600 2996 Gaaoarro,
1628 2930 1811 2990 Paoccaauao,

136 3016 202 3071 dam
218 3014 431 3087 pretiosissimis
450 3015 573 3087 gemmis
586 3016 706 3085 ornarit,
720 3016 823 3089 dignas
835 3018 958 3075 aestimet
1005 3032 1128 3098 sennen,
1173 3029 1317 3092 nemenio,
1350 3029 1537 3091 iiriuaariaro,
1578 3024 1740 3090 lloxonaro,
1772 3021 1810 3074 ltr-

135 3109 244 3182 sssflfias
256 3126 336 3181 P⁰⁸⁸2
352 3110 496 3180 persolvit
518 3110 661 3165 ⁰⁰⁰ili¹¹ae
674 3117 737 3182 l³⁰⁵t
751 3112 842 3166 Deum
855 3115 955 3168 lesit&
1007 3139 1114 3190 ranno,
1138 3126 1258 3185 Aurum,
1286 3121 1410 3186 Drxurro,
1434 3119 1597 3184 Maximum,
1624 3115 1812 3173 lienuumoet

137 3204 222 3260 debet
234 3203 335 3272 fidelis,
359 3208 391 3259 ut
411 3207 574 3260 constanter
592 3211 688 3260 teneat
709 3206 783 3276 quod
802 3206 953 3276 credebat;
966 3163 994 3238 C
1006 3220 1139 3275 pennino
1156 3214 1295 3287 episcopis
1313 3231 1364 3286 per
1378 3212 1478 3268 Gallias
1492 3211 1671 3267 constitutis·

136 3297 222 3354 debet
233 3297 319 3353 eiiam
341 3297 473 3368 infidelis,
489 3301 522 3352 ut
536 3314 553 3352 ὃ
567 3298 686 3369 ΡθΓῙῙᾶῘιι
700 3316 751 3353 ³¹¹³
769 3300 867 3370 ttitnsta
880 3300 954 3355 Viri·
1042 3312 1226 3382 Optassemus
1250 3308 1368 3380 quidem
1389 3304 1575 3361 fraternitatis
1599 3309 1707 3360 restrae
1724 3305 1812 3360 truens

136 3394 196 3447 tate
209 3391 344 3460 discedat,
361 3396 387 3446 et
400 3390 565 3464 apostolicae
577 3391 765 3447 institutionis
778 3393 841 3448 luce
856 3394 953 3465 perfu·
1005 3423 1039 3462 ee
1053 3411 1181 3476 tempere
1193 3419 1250 3475 qno
1259 3400 1456 3474 promiseratis
1464 3398 1604 3471 accipere,
1618 3405 1652 3455 ut
1664 3393 1812 3472 profecturis

136 3503 184 3541 sus
200 3485 304 3541 erroris
322 3485 366 3539 sui
379 3485 510 3540 tenebras
528 3484 719 3557 derelinquat,
744 3488 894 3559 magisque
909 3506 954 3543 se·
1005 3488 1200 3556 adorientem
1215 3497 1351 3552 fratribus
1367 3494 1478 3561 nostris,
1499 3510 1571 3566 quos
1586 3493 1625 3548 ad
1643 3499 1767 3549 sanctam
1776 3505 1811 3561 ε]-

136 3583 242 3652 quatur
264 3584 292 3634 et
311 3579 407 3634 credat
429 3579 506 3650 quod
537 3594 589 3651 per
621 3596 652 3634 os
671 3584 796 3635 vestrum
819 3584 956 3638 Dominus
1006 3594 1116 3650 nedum
1136 3592 1197 3647 viee
1219 3597 1315 3647 nostra
1336 3607 1387 3662 pro
1409 3589 1557 3644 catholicas
1581 3587 1653 3643 fidei
1667 3585 1812 3643 uetuisse

138 3680 235 3730 noster
255 3675 335 3728 lesus
355 3673 482 3728 Christus
502 3672 537 3729 de
559 3680 734 3731 sacramento
754 3676 956 3732 incarnationis
1006 3688 1174 3754 direximus,
1191 3685 1278 3742 etiam
1293 3687 1394 3739 vestrae
1411 3682 1559 3738 sententiae
1574 3682 1720 3753 professio
1729 3683 1812 3753 jung*

137 3784 195 3823 ⁵¹1te
208 3767 301 3835 (Ῑῠῡθῑ,
317 3784 405 3840 ‘luam
420 3767 449 3824 id
464 3772 564 3823 teneat
584 3768 661 3839 (1⁰⁰⁶
680 3768 809 3826 diabolus
820 3771 956 3827 humanm
1006 3786 1094 3838 retur.
1111 3780 1168 3837 Sed
1190 3797 1256 3835 curn
1279 3781 1369 3835 multa
1385 3777 1530 3833 obstacula
1545 3777 1732 3847 inopinatam
1747 3771 1813 3830 nobb

137 3862 237 3918 salutis
249 3865 278 3918 et
289 3861 416 3916 veritatis
426 3861 560 3917 inimicus
573 3863 668 3918 stillat.
680 3864 861 3935 Optassemus
869 3866 956 3922 etiarn
1006 3875 1156 3931 intulerint
1168 3874 1343 3943 tarditatem,
1358 3871 1515 3945 quamlibet
1531 3887 1611 3925 seras
1626 3875 1659 3926 et
1672 3871 1723 3926 diu
1734 3881 1812 3939 caspe·

138 3956 175 4012 ad
194 3956 285 4010 filium
308 3959 435 4010 restrum
459 3955 696 4027 gloriosissimum
710 3975 743 4012 ac
757 3958 954 4015 fidelissimum
1006 3975 1093 4025 einins
1106 3969 1238 4040 epistolas
1250 3984 1302 4040 per
1310 3968 1429 4023 fratrem
1439 3970 1468 4021 et
1479 3965 1688 4037 coepiscopum
1701 3969 1811 4021 nostran

139 4048 957 4124 principcmsupercamdemcausamlitterasdarequibus
1007 4064 1177 4135 ingenulum
1193 4060 1516 4134 gratanteraccepimus,
1535 4053 1811 4130 easquecumgaadio

139 4143 372 4214 congratulantes
393 4141 459 4197 fidei
474 4142 571 4214 ipsius,
595 4144 764 4199 humilitatis
777 4162 890 4218 quoque
903 4164 954 4203 no·
1006 4160 1186 4213 recensentes
1196 4156 1389 4228 probavimus,
1405 4155 1478 4210 sient
1493 4152 1722 4222 confidebamus,
1732 4146 1810 4206 enidi-

139 4239 206 4291 strae
230 4235 447 4290 sollicitudinem
470 4252 527 4307 qua
549 4253 596 4291 vos
617 4237 646 4292 in
669 4238 781 4294 Christo
806 4241 957 4312 sequimur
1007 4252 1085 4308 tione
1104 4252 1226 4324 Spiritus
1248 4251 1339 4306 sancti
1353 4249 1495 4304 coelestem
1514 4248 1546 4301 in
1564 4248 1650 4303 robis
1667 4241 1808 4320 rigeaedc

140 4329 336 4401 proderemus,
351 4329 406 4383 nisi
418 4330 452 4383 ad
466 4347 517 4384 nos
532 4330 566 4385 de
578 4331 763 4388 orientalibus
776 4336 878 4391 nuntio
891 4352 954 4408 per·
1006 4347 1136 4416 cinnam,
1163 4362 1248 4417 quam
1274 4345 1303 4400 in
1332 4343 1514 4400 orientalibus
1547 4342 1678 4398 ecelesiis
1707 4336 1809 4397 versam

138 4423 197 4478 lato
213 4421 273 4478 fieri
289 4423 342 4478 hoc
363 4423 482 4478 minime
498 4425 689 4481 necessarium
709 4433 884 4498 putaremus.
898 4432 955 4487 lde-
1007 4441 1094 4495 hostis
1108 4439 1228 4512 antiqui,
1252 4454 1303 4510 per
1321 4454 1456 4510 eosquos
1476 4452 1615 4507 sequaces
1640 4452 1709 4492 suos
1723 4427 1809 4504 repen]

138 4517 199 4574 ritis
207 4522 304 4573 autem
318 4518 494 4589 apostolatus
504 4519 591 4574 vestri
598 4519 805 4591 piusdominus
814 4525 955 4596 praestitit,
966 4534 1115 4613 Dfnlsitas
1134 4533 1253 4604 fatigare
1276 4538 1375 4588 conata
1407 4535 1459 4599 est,
1487 4547 1553 4586 cum
1578 4530 1719 4585 catholica
1746 4525 1807 4581 fid&

140 4617 171 4667 ut
184 4611 316 4667 haeresim
327 4612 390 4683 iam
405 4611 454 4666 diu
467 4612 575 4667 occulte
588 4614 727 4669 nutritam
738 4617 838 4672 restris
851 4624 958 4692 tempo-
1008 4644 1073 4700 quae
1086 4629 1166 4682 nulla
1183 4627 1227 4682 sui
1242 4632 1285 4682 est
1299 4632 1382 4699 parte
1404 4623 1559 4690 mutabilis,
1576 4640 1631 4695 per
1643 4624 1719 4696 ipsas
1729 4619 1805 4677 adra·

141 4706 219 4761 ribus
228 4706 370 4777 proderet.
385 4706 425 4761 Ad
436 4706 552 4761 laudem
562 4707 638 4762 enim
652 4709 851 4768 sollicitudinis
859 4720 959 4771 vestrae
1009 4722 1133 4778 santium
1151 4721 1370 4778 exercitationes
1387 4724 1416 4776 et
1430 4718 1550 4775 validior
1561 4718 1706 4775 efficiatur
1717 4723 1806 4784 tomi!

141 4799 276 4871 pertinet,
292 4801 368 4872 quod
383 4800 526 4856 malorum
541 4818 622 4856 error
634 4804 723 4859 latere
737 4822 794 4873 uon
812 4809 914 4879 potuit,
927 4827 959 4866 ac
1010 4821 1039 4872 et
1057 4816 1159 4872 clarior
1184 4821 1321 4888 operante
1340 4816 1402 4871 haec
1417 4814 1507 4887 gratia
1519 4813 1583 4880 Dei,
1605 4819 1640 4869 ut
1654 4813 1678 4868 si
1695 4808 1805 4885 quirun

142 4892 276 4965 gloriosse
288 4892 355 4947 fidei
366 4893 509 4950 redundat
522 4895 601 4966 quod
612 4911 695 4967 praru
709 4902 855 4970 persuasio
869 4905 958 4975 parti·
1009 4911 1044 4967 ad
1068 4912 1129 4966 hac
1148 4910 1261 4966 subtilia
1286 4909 1394 4965 inimici
1420 4909 1514 4981 jacula
1541 4907 1710 4964 declinanda
1733 4904 1806 4960 minu

143 4987 230 5058 cipes,
247 4989 298 5042 aut
313 5003 369 5042 nou
382 4986 500 5054 invenit,
511 4989 698 5046 autinvcnlos
713 4994 960 5070 amisitltespiciat
1010 5010 1092 5060 erant
1103 5005 1232 5060 instructi
1245 5005 1399 5076 minusque
1409 5001 1532 5069 solliciti,
1546 5002 1691 5074 perceptis
1704 4996 1806 5057 renuit

143 5082 237 5153 itaque
250 5081 445 5136 conservando
457 5084 648 5152 apostolatum
661 5096 786 5144 vestrum
799 5091 960 5149 misericors
1008 5097 1502 5170 armis,f1erentcontraimpiorum
1518 5096 1675 5152 mendacia
1686 5094 1804 5152 ramas.

143 5175 448 5261 bominuslicclesiam
461 5193 541 5232 suam
557 5183 618 5234 toto
634 5182 703 5237 orbe
721 5182 863 5243 diffusam.
876 5188 960 5243 Vobis
1010 5192 1082 5257 Quid
1098 5209 1168 5263 ergo
1191 5192 1263 5248 sicut
1280 5209 1363 5248 causa
1384 5191 1517 5265 poscebat
1543 5191 1681 5247 fiduciam
1703 5191 1802 5246 nestun

143 5271 221 5327 enim
233 5270 274 5325 ita
284 5268 506 5341 invigilantibus,
522 5275 551 5327 et
566 5272 596 5327 hi
611 5275 659 5345 qui
674 5294 771 5332 curam
783 5280 887 5337 animae
901 5298 960 5338 suas
1009 5303 1096 5359 quam
1118 5286 1154 5342 de
1167 5287 1247 5342 vobis
1267 5287 1407 5342 habemus
1421 5287 1451 5341 iu
1468 5284 1591 5341 Domino
1607 5285 1729 5341 fideliter
1737 5286 1803 5350 stet·

144 5369 250 5438 gerunt
274 5362 451 5419 sollicitiores
474 5365 503 5419 in
531 5364 587 5422 fide
615 5368 782 5440 redduntur,
802 5377 832 5428 et
857 5375 888 5430 bi
912 5377 960 5448 qui
1010 5380 1177 5436 obedienter
1190 5381 1306 5436 auxistis
1320 5381 1411 5437 multa
1425 5379 1617 5436 exsultatione
1628 5373 1804 5452 gaudemus

143 5460 229 5532 paulo
244 5458 356 5514 desides
372 5462 448 5525 sunt,
466 5463 546 5515 tanto
564 5461 599 5516 ad
621 5463 838 5522 sollicitudiuem
860 5486 958 5526 accen·
1010 5474 1113 5530 merito
1129 5491 1180 5529 nos
1202 5474 1398 5547 cognoscimus
1424 5474 1526 5530 fratres
1539 5480 1570 5530 et
1587 5471 1803 5546 coepiscopum

145 5554 253 5609 duntur
264 5552 407 5624 exemplo.
423 5552 505 5617 Quod
517 5570 569 5609 uos
588 5561 654 5613 ante
671 5560 766 5615 oculos
778 5577 894 5635 semper
907 5565 959 5621 ha·
1009 5568 1061 5625 tris
1075 5568 1259 5624 orientalibus
1277 5569 1433 5635 intimasse,
1456 5567 1535 5641 quod
1559 5569 1721 5626 secuudum
1740 5575 1804 5622 arat

145 5647 255 5716 bentes,
267 5663 326 5702 nou
336 5645 500 5702 desinemus
512 5649 606 5703 Deoac
618 5652 737 5708 Domino
748 5662 845 5713 nostro
855 5660 961 5730 gratias
1011 5663 1132 5734 gelicam
1146 5667 1175 5718 et
1190 5663 1374 5735 apostolicam
1385 5662 1570 5719 traditionem
1584 5658 1805 5721 autumnatione

135 5756 235 5810 agere,
252 5745 281 5796 et
293 5738 407 5812 pariter
420 5740 581 5814 supplicare
594 5747 772 5817 gratulantes
783 5753 859 5824 quod
871 5757 960 5811 tanta
1009 5757 1120 5813 Domim
1135 5758 1226 5815 nostri
1247 5759 1313 5813 lesu
1336 5757 1440 5815 Christi
1461 5773 1518 5814 una
1530 5762 1608 5815 essct
1628 5758 1753 5817 omnium
1767 5764 1805 5807 nir

120 5832 295 5905 sanctitatis,
312 5839 402 5895 unse
420 5837 501 5912 fidei,
517 5844 665 5921 mutaque
679 5844 832 5922 doctriua,
850 5853 966 5926 aposto·
1016 5856 1110 5909 strum
1126 5852 1318 5909 etindiscreta
1340 5852 1483 5910 confesdo
1493 5868 1504 5924 ;
1532 5867 1630 5928 aeque
1651 5852 1809 5912 altissona
