3870 6150
624 248 861 305 onomatica
880 250 1072 306 COLLECTlO.
1636 257 1691 309 750

103 355 178 424 huod
203 355 300 411 omnia
337 360 501 412 sanctorum
528 357 629 413 merita
660 357 738 414 dona
768 357 825 414 sint
834 359 949 444 Aintra
975 364 1088 430 portum
1112 365 1217 414 stantes
1237 361 1319 415 statio
1334 361 1402 415 iacit
1421 360 1611 417 fidasecuros.
1626 361 1694 418 Fide

873 451 979 524 quippe
993 455 1035 506 est
1048 453 1178 507 omnium
1192 455 1284 522 statio,
1303 470 1426 526 quorum
1439 453 1573 525 perfectis
1589 454 1693 526 gressi-

103 543 160 598 uod
172 543 264 598 omnis
279 547 372 598 sancta
389 542 521 615 cogitatio
537 548 565 599 et
588 548 682 600 motus
695 544 750 616 piae
773 561 822 600 vo·
873 545 927 599 hus
936 545 1055 617 vestigia
1069 562 1128 601 nou
1142 550 1302 602 moventur.
1323 548 1516 605 Recurreruut
1530 548 1566 603 ad
1578 551 1693 620 aposto·

103 636 126 692 is
138 653 172 692 ex
188 637 245 692 lieo
260 635 304 690 sit.
873 639 958 694 licam
983 639 1111 711 predicti
1124 640 1232 708 sedem,
1257 641 1319 695 haec
1339 641 1401 712 ipsa
1422 641 1505 696 nobis
1520 658 1584 713 quaa
1601 645 1694 697 tentat

103 729 182 795 Quod
202 729 293 800 gratia
307 729 356 784 Dei
370 745 429 784 non
450 730 541 784 solum
555 734 670 802 peccata
690 729 823 797 dimittat,
874 731 1050 804 perturbatio
1059 732 1272 804 conquirentes.
1286 733 1400 802 llabete,
1410 735 1510 789 fratres
1522 735 1692 805 charissimi,

103 825 157 879 iam
181 823 294 894 adjuret
318 839 355 878 ne
371 824 595 892 committantur,
613 827 642 877 et
665 828 781 895 praestet
793 834 826 879 ut
874 842 926 898 pro
948 826 1094 881 catholicas
1117 826 1206 898 plebis
1225 842 1294 898 pace
1314 831 1475 883 tractatum.
1497 829 1595 883 Sciant
1615 844 1655 896 se,
1669 828 1693 884 si

103 916 240 989 tpleatur3
256 933 314 971 non
330 916 403 970 sicut
423 916 553 988 Pelagius
566 917 615 984 ait,
636 916 729 983 facile,
743 917 825 989 quasi
873 924 970 975 tamen
991 923 1163 975 censeantur
1187 919 1356 992 presbyterii
1377 921 1516 992 dignitate
1534 922 1613 977 robis
1630 938 1692 978 esse

103 1009 175 1066 ratia
188 1009 238 1064 lici
256 1009 397 1065 difficilius
411 1014 507 1081 posset
520 1009 644 1081 impleri.
874 1012 1023 1083 subjectos.
1049 1013 1145 1068 Sciant
1166 1029 1265 1067 omnes
1281 1013 1331 1085 qui
1344 1013 1418 1069 male
1432 1015 1536 1070 docent
1550 1015 1628 1087 quod
1641 1015 1693 1071 sibi

104 1104 185 1170 Quod
209 1108 315 1175 praeter
328 1107 432 1158 statuta
457 1103 532 1158 sedis
548 1103 711 1174 apostolice
725 1118 825 1158 omnes
874 1105 982 1161 discere
991 1106 1084 1177 magis
1097 1122 1129 1161 ac
1141 1106 1236 1178 magis
1245 1109 1390 1179 competat
1402 1108 1606 1179 quamdocere.
1620 1110 1692 1164 Nam

103 1212 152 1252 nes
165 1197 295 1252 Ecclesiae
304 1196 406 1252 Christi
421 1196 541 1267 gratiam
554 1200 766 1268 resonantque
779 1211 826 1267 ge-
874 1199 943 1271 quid
959 1199 989 1254 iu
1001 1199 1132 1254 Ecclesiis
1149 1216 1198 1255 vos
1213 1200 1306 1272 agitis,
1327 1200 1350 1255 si
1363 1200 1404 1254 illi
1417 1217 1559 1256 summam
1578 1205 1694 1258 teneant

103 1306 235 1346 amanum
254 1294 402 1362 reparatur
422 1295 450 1346 et
464 1291 500 1345 ab
523 1292 629 1345 aeterna
642 1290 824 1345 damnatione
874 1292 1070 1365 praedicandi?
1089 1293 1147 1348 Nisi
1167 1293 1239 1349 rorte
1253 1294 1321 1349 illud
1344 1294 1460 1350 obsistat
1473 1295 1550 1367 quod
1567 1311 1627 1350 non
1640 1311 1692 1351 au·

103 1388 165 1441 itur.
874 1386 1014 1454 ctoritate,
1037 1402 1096 1441 non
1108 1387 1200 1442 adhuc
1224 1387 1334 1443 ratione
1356 1387 1510 1460 colligitur,
1524 1393 1556 1444 ut
1571 1388 1659 1460 aliqui
1676 1405 1693 1446 e

103 1477 184 1542 Quod
210 1477 332 1549 gratiam
353 1476 403 1532 liei
424 1477 511 1532 etiam
528 1476 764 1548 baptizandorum
785 1479 825 1532 te·
874 1479 996 1534 fratrum
1018 1496 1141 1536 numero
1165 1497 1258 1551 nuper
1279 1481 1314 1536 de
1334 1481 1472 1537 laicorum
1494 1482 1638 1538 consortio
1663 1483 1693 1538 in

122 1571 252 1626 instituta
273 1571 406 1642 purgatio
443 1587 509 1626 cum
535 1570 699 1625 exorcismis
726 1574 754 1625 et
778 1570 823 1625 in-
873 1572 1025 1644 collegium
1049 1577 1179 1628 nostrum
1200 1574 1328 1629 fonassis
1340 1574 1467 1642 admissi,
1484 1575 1612 1631 nesciant
1624 1576 1693 1648 quid

103 1665 215 1721 ionibus
238 1666 353 1735 spiritus
365 1664 400 1719 ah
419 1664 459 1719 eis
472 1665 654 1735 expelluntur
671 1663 823 1719 immundi.
874 1665 928 1721 sihi
947 1665 1071 1721 debeant
1091 1666 1244 1722 vindicare.
1260 1667 1351 1739 Super
1371 1668 1417 1722 his
1430 1668 1521 1723 multa
1535 1669 1596 1740 jam
1618 1668 1694 1725 dicta

109 1757 190 1823 Quod
211 1758 413 1830 profundiores
428 1758 601 1830 questiones
625 1773 678 1813 nec
696 1734 941 1814 contem-Bsunt
966 1775 1000 1814 eu
1028 1765 1159 1830 tempore
1182 1775 1238 1832 quo
1261 1760 1296 1815 ad
1324 1760 1419 1816 fratris
1442 1762 1541 1817 tuendi
1564 1761 1695 1818 dedimus

103 1856 199 1915 esunt,
216 1852 392 1923 uecpenitus
405 1852 574 1907 asserendae.
875 1853 980 1924 scripta
1001 1869 1181 1924 responsum.
1205 1854 1285 1908 Nunc
1306 1857 1401 1908 tamen
1417 1858 1578 1925 repetentes
1593 1856 1696 1927 sapius

103 1945 234 2003 ctissimis
255 1945 389 2000 fratribus
411 1946 541 2015 Veranio,
557 1946 676 2013 Mantua,
695 1945 823 2013 Lucumo,
875 1945 1080 2002 admonemus:
1096 1948 1236 2002 Vatentur
1248 1947 1413 2017 hujusmodi
1432 1947 1481 2019 qui
1495 1947 1624 2004 laborant
1642 1965 1695 2020 per

103 2056 142 2107 ro,
155 2042 306 2106 Anausaro,
333 2040 470 2110 snmcro,
494 2045 522 2095 et
544 2038 653 2094 caeteris
670 2037 826 2094 Galliarum
875 2042 966 2095 terras
979 2039 1056 2094 aliud
1076 2057 1164 2112 qoam
1185 2039 1232 2094 ille
1246 2045 1344 2095 noster
1359 2041 1445 2111 jussit
1461 2041 1595 2112 Agricola
1609 2043 1693 2096 semi-

104 2132 149 2207 pis
165 2134 346 2189 Catasrruus.
874 2149 956 2188 nare.
968 2135 1025 2188 Nec
1041 2137 1137 2188 tamen
1159 2133 1258 2188 mirari
1273 2150 1434 2206 possumus,
1458 2135 1481 2190 si
1493 2135 1555 2190 haec
1570 2151 1640 2207 erga
1652 2135 1692 2189 ri·

104 2227 196 2283 stolici
208 2227 295 2282 rerba
306 2227 442 2299 precepti
455 2231 522 2282 sunt
529 2226 606 2298 apud
615 2226 825 2298 ludaeos,atque
875 2229 973 2282 ventes
985 2225 1016 2282 hi
1031 2243 1106 2282 nunc
1128 2230 1240 2281 tentare
1255 2227 1372 2297 audent,
1394 2229 1443 2300 qui
1460 2228 1593 2284 nituntur
1607 2229 1694 2284 etiam

103 2338 129 2377 es
146 2321 208 2376 sine
228 2321 385 2376 offensione
403 2337 457 2377 nos
470 2336 530 2376 esse
553 2320 668 2389 debere,
684 2320 739 2374 hoc
751 2321 827 2391 quis·
876 2320 1083 2392 quiescentium
1095 2320 1217 2375 fratrum
1226 2320 1395 2376 memoriam
1413 2321 1561 2394 dissipare.

103 2414 274 2472 christianus
298 2431 333 2469 cx
359 2416 418 2469 tota
444 2413 533 2468 animi
560 2413 664 2468 virtute
691 2413 824 2469 custodit.
912 2414 945 2469 ll.
960 2413 1161 2486 Augustiuium
1176 2414 1598 2471 sauctaerecordatiuuisrirum
1609 2432 1696 2488 quem

103 2525 163 2564 rum
177 2509 218 2563 ita
231 2508 331 2563 sitnon
341 2524 442 2579 parum
455 2507 574 2578 periculi
588 2507 626 2561 illi
640 2523 759 2562 manere
773 2522 825 2578 po·
876 2523 928 2579 pro
951 2507 1009 2561 vita
1022 2524 1075 2562 sua
1099 2510 1184 2579 atque
1199 2507 1310 2563 meritis
1324 2507 1353 2562 in
1375 2513 1473 2563 nostra
1492 2510 1695 2566 communione

103 2606 155 2657 ,ute
171 2601 333 2668 Dominum,
350 2601 399 2673 qui
413 2601 466 2656 hoc
482 2600 621 2655 detrectat
636 2600 721 2654 ctiam
734 2599 825 2655 fideli·
876 2616 991 2672 semper
1004 2599 1169 2668 habuimus,
1182 2617 1234 2656 uec
1248 2617 1375 2673 unquam
1387 2601 1593 2658 huncsinistrae
1606 2603 1696 2676 suspi-

103 2695 222 2752 thibere.
237 2697 308 2749 Nam
318 2695 441 2766 qualiter
450 2710 503 2750 nos
518 2694 568 2765 qui
577 2694 722 2748 neminem
734 2694 826 2766 perire
876 2693 966 2750 cionis
980 2695 1080 2749 saltem
1102 2710 1203 2750 rumor
1216 2695 1345 2768 aspersit,
1370 2711 1455 2768 quem
1470 2698 1556 2751 tautae
1569 2696 1696 2754 scientiar

104 2806 137 2845 us
151 2790 205 2845 ista
227 2789 394 2843 contristent
410 2804 473 2860 quae
486 2787 647 2842 auctoribus
663 2787 826 2843 Christianis
876 2789 944 2843 olim
957 2786 1044 2843 fuisse
1058 2787 1252 2856 meminimus,
1268 2791 1302 2842 ut
1317 2789 1393 2844 inter
1402 2790 1559 2860 magistros
1572 2789 1697 2862 optimos

103 2883 174 2938 lluut
194 2883 302 2938 animos
316 2883 499 2948 Christianos,
516 2881 680 2936 Dominicus
692 2883 722 2936 in
737 2883 824 2936 Evan·
876 2881 960 2936 etiam
979 2883 1046 2936 ante
1067 2897 1084 2935 a
1099 2880 1172 2937 meis
1187 2898 1301 2954 semper
1313 2882 1509 2938 decessoribus
1529 2882 1694 2939 haberetur.

103 2993 197 3033 sermo
213 2981 344 3031 testatur.
359 2976 403 3032 hit
426 2976 502 3030 enim
526 2976 587 3048 ipse
609 2975 737 3031 Salvator
750 2975 827 3046 quod
878 2975 952 3030 Bene
975 2991 1044 3046 ergo
1066 2975 1102 3030 de
1124 2990 1160 3030 eo
1184 2991 1284 3031 omnes
1305 2975 1335 3031 in
1357 2992 1511 3033 commune
1534 2982 1694 3046 senserunt,

103 3071 169 3127 rdiat
188 3070 386 3125 scandalizanti
410 3087 499 3124 unum
513 3070 547 3124 de
572 3069 681 3141 pusillis
694 3068 724 3123 in
736 3068 825 3124 maris
875 3072 974 3140 utpote
989 3069 1037 3140 qui
1054 3068 1159 3140 ubique
1172 3069 1282 3124 cunctis
1295 3074 1323 3124 et
1336 3070 1428 3124 amori
1443 3069 1529 3126 fuerit
1538 3074 1568 3126 et
1579 3071 1695 3143 honori,

103 3165 183 3221 idum
197 3165 325 3237 demergi
340 3165 447 3233 (Multis,
462 3180 536 3231 xrur,
553 3166 589 3233 6).
605 3185 618 3213 ο
631 3163 697 3218 ldco
712 3179 776 3235 quar.
788 3162 825 3217 sit
876 3162 951 3217 unde
963 3163 1110 3217 resistatur
1123 3163 1226 3217 talibus
1247 3179 1317 3235 quos
1330 3165 1403 3219 mala
1418 3180 1544 3220 crescere
1555 3164 1694 3234 videmus,

104 3275 138 3314 us
151 3274 234 3330 poeua
252 3275 424 3330 queramus,
445 3259 490 3313 cui
501 3258 556 3313 tale
570 3257 740 3330 supplicium
756 3257 825 3328 legi·
874 3256 953 3311 nefas
968 3261 1011 3312 est
1025 3256 1086 3311 hac
1105 3257 1164 3329 pati
1182 3256 1328 3328 religiosas
1340 3257 1462 3327 animas,
1484 3275 1606 3330 quarum
1620 3258 1692 3314 afui-

103 3353 224 3425 xpedirc.
873 3350 977 3418 ctione,
993 3349 1061 3423 quia
1073 3350 1207 3404 membra
1220 3352 1317 3405 nostra
1329 3355 1459 3418 sunt,uos
1469 3367 1584 3423 quoque
1597 3367 1696 3407 conre-

103 3446 143 3502 .l.
158 3446 218 3501 Filii
230 3446 330 3513 nostri,
346 3448 508 3517 praesentes,
524 3447 645 3515 Prosper
654 3449 682 3499 et
691 3445 823 3513 Hilarius,
875 3444 918 3498 nit
941 3444 1090 3512 macerari,
1113 3443 1241 3514 quamvis
1257 3447 1372 3499 maneat
1392 3444 1444 3498 hos
1458 3443 1605 3499 beatitudo
1627 3461 1693 3516 pro·

103 3555 131 3594 m
153 3540 227 3594 circa
248 3540 399 3595 Dominum
430 3543 559 3594 nostrum
583 3537 742 3593 sollicitudo
762 3539 823 3593 lau·
874 3537 961 3592 missa
973 3536 1136 3608 quicunque
1154 3537 1313 3608 probantur
1326 3537 1556 3608 persecutionem
1576 3540 1695 3610 propter

112 3636 184 3701 est,'
198 3638 308 3688 tantum
333 3634 429 3687 nescio
453 3632 555 3704 quibus
577 3632 751 3704 preshyteris
768 3632 824 3687 illic
871 3630 1012 3703 justitiam
1026 3631 1175 3700 sustinere,
1189 3629 1292 3702 quibus
1307 3630 1378 3702 quid
1395 3630 1544 3702 promittat
1555 3631 1694 3688 Dominus

113 3726 163 3799 qui
189 3727 356 3782 dissensioni
384 3727 573 3781 Ecclesiarum
600 3725 735 3781 studeant
760 3730 826 3780 sunt
873 3725 1044 3780 infuturum
1064 3740 1187 3795 sequens
1201 3740 1294 3780 sermo
1316 3724 1448 3779 declarat.
1465 3726 1527 3781 Non
1548 3731 1590 3781 est
1603 3741 1693 3797 agen·

104 3838 158 3876 uos
182 3821 334 3892 prosecuti,
361 3825 393 3875 ut
414 3819 639 3891 indisciplinatas
653 3819 825 3891 questiones
874 3819 947 3874 tium
970 3834 1056 3874 eausa
1077 3818 1213 3887 solarum,
1236 3818 1404 3873 universalis
1423 3819 1553 3875 Ecclesiae
1568 3835 1694 3891 quacun-

103 3930 139 3970 :cs
161 3914 191 3968 in
208 3913 336 3968 medium
350 3913 533 3984 pertinaciter
544 3930 591 3967 eos
609 3913 704 3968 dicant
720 3913 823 3985 praedi·
875 3928 929 3984 que
948 3911 1071 3966 novitate
1092 3911 1233 3983 pulsatur.
1251 3910 1445 3982 lntelligamus
1456 3912 1518 3967 haec
1536 3911 1599 3983 ipsa
1612 3911 1692 3967 vobis

103 4007 273 4063 idrersantia
288 4007 410 4062 veritati.
428 4007 482 4063 Sed
501 4012 600 4061 vestras
615 4006 759 4062 dilectioni
775 4008 824 4078 ju·
876 4022 940 4078 quae
963 4005 1046 4061 nobis
1059 4020 1117 4060 uon
1130 4006 1244 4076 placent
1258 4004 1416 4076 displicere.
1428 4004 1508 4070 Quod
1520 4005 1562 4061 ita
1575 4005 1693 4062 demum

103 4107 271 4173 nputamus,
287 4102 422 4172 quoniam
445 4101 486 4154 illi
501 4117 586 4172 snpra
598 4116 646 4156 vos
660 4100 766 4155 habeut
775 4116 824 4156 co·
877 4100 1000 4173 probare
1015 4099 1182 4171 poterimus,
1198 4098 1221 4153 si
1235 4098 1369 4170 imposito
1382 4098 1519 4171 improbis
1532 4098 1644 4155 silentio
1658 4100 1694 4155 de

103 4194 275 4267 disputandi.
298 4195 459 4266 Legimus«
476 4212 506 4248 su
511 4211 561 4266 per
575 4195 751 4266 'magistrum
767 4210 825 4249 non
875 4193 925 4249 tali
935 4209 965 4249 re
979 4192 1009 4247 iu
1023 4196 1171 4265 posterum
1184 4192 1302 4264 quercla
1319 4192 1448 4248 cessabit.
1463 4193 1600 4249 llomiuus
1613 4193 1692 4248 inco·

103 4287 265 4359 liscipnlum
291 4288 401 4357 (Motth.
419 4305 445 4356 x,
460 4289 513 4360 tl),
531 4309 545 4338 »
574 4289 626 4342 hoc
644 4291 687 4342 est
701 4288 825 4342 nonsibi
874 4287 967 4342 lumes
979 4303 1028 4342 ros
1041 4286 1188 4356 custodiat,
1202 4287 1305 4343 fratres
1317 4286 1487 4342 charissimi.

103 4399 108 4436 ε
122 4397 297 4454 quemquam
314 4384 348 4436 ad
362 4382 498 4453 injuriam
520 4383 667 4437 doctorum
679 4381 825 4436 vindicare
911 4383 955 4438 lll.
970 4381 1040 4447 Quia
1053 4381 1182 4437 nonnulli
1195 4380 1336 4436 catholico
1346 4382 1466 4436 nomine
1478 4380 1648 4452 gloriantur,
1662 4380 1694 4437 in

103 4492 172 4531 tam.
196 4477 266 4530 Nam
288 4480 316 4530 et
329 4477 381 4531 hos
405 4477 481 4547 ipsos
495 4493 511 4530 a
527 4477 581 4531 Deo
608 4479 704 4530 nostro
717 4471 864 4546 positosl)
876 4475 1018 4530 damnatis
1041 4474 1239 4529 hereticorum
1264 4474 1393 4530 sensibus
1408 4491 1459 4530 seu
1473 4474 1612 4546 pravitate
1636 4475 1693 4529 sive

103 4585 138 4624 us
161 4569 196 4623 ad
211 4569 384 4637 docendum,
409 4586 474 4624 cum
488 4569 532 4636 sit,
547 4569 665 4624 docente
677 4569 823 4640 Apostolo,
875 4567 1018 4640 imperitia
1033 4568 1217 4624 demorantes
1239 4567 1373 4639 piissimis
1391 4565 1629 4638 disputationibus
1641 4566 1691 4622 ob·

103 4663 191 4719 artius
209 4664 288 4718 locus
304 4664 326 4730 tl
340 4665 399 4721 Cor.
423 4679 469 4729 ru,
483 4665 526 4729 28)
544 4684 558 4711 «
576 4663 651 4717 intra
672 4663 825 4718 Ecclesiam
873 4663 950 4717 viare
963 4664 1154 4733 praesumunt.
1166 4663 1273 4717 Etcum
1282 4660 1430 4732 Pelagium
1440 4660 1693 4732 atqueCoelestium

103 4757 193 4812 rudus.
216 4757 287 4821 Quid
305 4757 360 4811 illic
384 4756 488 4827 speciei
503 4757 606 4811 esttibi
621 4757 765 4827 magistris
779 4763 822 4813 ta·
873 4754 1114 4812 anathematizare
1127 4770 1184 4809 nou
1200 4753 1340 4823 dubitent,
1363 4752 1517 4824 magistros
1531 4757 1628 4808 tamen
1642 4769 1692 4808 ve-

103 4867 135 4905 ns
151 4851 180 4905 hi
196 4851 374 4921 loquuntur?
391 4851 453 4919 Qui,
474 4849 497 4903 si
518 4850 621 4918 iteret,
636 4851 824 4906 eommdisci·
874 4853 948 4904 stros
962 4852 1098 4921 tanquam
1112 4847 1303 4904 necessarium
1321 4847 1439 4902 modum
1461 4847 1633 4903 excesserint
1646 4847 1695 4903 ob

103 4960 136 5000 ru
149 4944 275 5013 fuerunt3
291 4945 377 4999 timeo
389 4961 426 4998 ue
439 4944 592 4998 connivere
607 4944 707 4999 sithoc
720 4947 822 5015 tacere,
873 4943 1039 5016 loquuntur,
1064 4959 1153 5014 eaque
1180 4940 1380 4996 tantummodo
1406 4940 1497 5013 sequi,
1513 4943 1542 4996 et
1569 4941 1693 5013 probare

108 5052 146 5092 ne
160 5037 252 5109 magis
267 5037 320 5108 ipsi
342 5038 498 5108 loquantur
523 5037 570 5107 qui
584 5037 823 5107 permittuntillis
874 5036 1044 5110 profitentur
1070 5052 1133 5108 quae
1154 5035 1343 5090 sacratissima
1366 5034 1442 5090 beati
1469 5035 1590 5107 apostoli
1612 5035 1694 5091 sedes

122 5132 211 5203 loqui.
224 5133 255 5186 ln
277 5131 380 5186 talibus
394 5131 486 5185 causis
500 5147 558 5185 nou
572 5133 649 5185 caret
666 5131 824 5202 suspicione
874 5135 971 5186 contra
982 5129 1115 5185 inimicos
1125 5129 1223 5202 gratiae
1237 5129 1286 5184 Dei
1300 5128 1529 5201 pcrmysterium
1537 5130 1692 5201 praesulum

103 5224 191 5290 nitas,
219 5225 285 5297 quia
309 5229 470 5280 occurreret
495 5223 606 5293 veritas,
633 5223 739 5280 falsitas
766 5225 823 5280 dis·
874 5240 991 5280 suonam
1010 5223 1101 5278 sanxit
1114 5227 1144 5279 et
1156 5223 1262 5279 docuit.
1287 5222 1483 5279 Necessarium
1497 5223 1586 5294 igitur
1605 5221 1692 5278 fraerit

103 5325 129 5374 et.
165 5319 264 5374 Merito
292 5334 419 5389 namque
455 5334 537 5373 causa
557 5334 610 5372 uos
645 5318 771 5390 respicit,
800 5318 824 5373 si
875 5319 1027 5391 diligenter
1041 5317 1185 5390 inquirere
1194 5317 1549 5390 quidrectoresllomanae
1561 5314 1691 5370 Ecclesia

103 5428 115 5467 a
134 5412 281 5467 faveamus
302 5411 401 5466 errori.
423 5412 496 5482 Ergo
516 5410 706 5481 corripiantur
723 5411 823 5483 hujus·
874 5412 908 5468 de
921 5411 1022 5468 haeresi
1035 5428 1101 5484 quae
1115 5427 1215 5467 aarum
1229 5411 1408 5484 temporibus
1423 5411 1522 5465 exorta
1538 5408 1632 5463 fuerat
1642 5406 1689 5478 ju·

104 5521 165 5560 non
180 5505 216 5559 sit
231 5505 274 5559 his
288 5503 411 5560 liberum
426 5504 532 5559 hahere
545 5521 597 5576 pro
611 5504 753 5560 voluntate
763 5521 822 5561 ser·
874 5505 1037 5575 dicaverint,
1060 5509 1089 5561 et
1107 5511 1206 5563 contra
1227 5505 1443 5562 nocentissimos
1466 5500 1549 5557 liberi
1581 5499 1692 5556 arbitrii

103 5615 136 5654 n.
162 5600 285 5667 Deserat,
301 5600 324 5653 si
344 5599 385 5654 ita
400 5616 444 5653 res
457 5601 533 5665 sunt,
559 5599 701 5652 incessere
715 5599 823 5654 novitas
874 5599 1038 5657 defensores
1049 5600 1118 5673 quid
1133 5600 1167 5656 de
1183 5600 1274 5672 gratia
1289 5598 1339 5655 uei
1353 5595 1536 5652 sentiendum
1546 5609 1607 5650 esse
1622 5610 1689 5649 ceu-

103 5697 182 5750 rtem.
195 5694 310 5748 Desinat
320 5693 506 5748 Ecclesiarum
517 5692 644 5763 quictem
656 5691 824 5764 inquietudo
874 5694 991 5763 suerint,
997 5693 1038 5749 ita
1050 5698 1083 5749 nt
1092 5694 1178 5749 etiam
1193 5693 1393 5749 Africanorum
1405 5688 1590 5746 concinorum
1603 5704 1690 5761 quas-

103 5803 135 5843 e.
155 5789 301 5844 (beantur
319 5803 394 5862 sape
418 5785 568 5859 antriregio
589 5799 732 5857 mergere,
754 5802 824 5865 quos
874 5787 941 5849 dam
955 5788 1112 5845 renuntias
1122 5788 1326 5865 jungeremus,
1340 5782 1532 5858 munusque
1540 5781 1705 5842 masiacu-
