3870 6150
66 236 92 291 ll
687 235 925 293 uacuammull
945 237 1137 293 catiacum.
1712 242 1747 304 42

66 359 163 416 gerare
172 342 389 415 praeteritorum
398 343 770 417 gestomm,aliquantutum
780 344 880 416 etiam,
892 358 922 431 Α
932 361 1130 417 personamus,
1142 362 1236 419 neque
1246 364 1276 404 se
1287 349 1421 421 deinceps
1432 351 1575 408 excusabit
1584 367 1641 408 non
1651 356 1747 411 moni·

65 436 235 508 sipossibile
251 440 303 505 est,
318 454 371 509 per
386 437 597 494 misericordias
611 454 770 511 pauperum
782 439 881 510 juvare
933 441 1007 507 tum,
1023 439 1071 511 qui
1085 439 1226 512 quidquid
1248 444 1330 515 sequi
1350 444 1463 514 debeat,
1479 448 1539 500 tam
1551 446 1644 502 verbis
1660 465 1748 521 quam

64 530 274 603 paenitentiam.
288 532 342 586 Per
356 532 418 586 haec
441 532 518 587 enim
538 532 646 587 facilior
660 532 743 587 venia
757 532 880 600 debitur,
931 530 1043 600 litteris,
1058 533 1206 589 edocetur.

64 628 86 678 et
97 623 270 696 indulgenti
281 624 364 679 citius
378 624 582 696 indulgebitur.
596 625 678 690 Quod
690 625 713 680 si
728 625 882 696 provectio
967 625 1065 689 Qualis
1077 632 1172 682 autem
1183 628 1397 701 condemnatio,
1409 635 1437 686 et
1447 631 1538 704 qualis
1548 631 1681 690 imminet
1689 651 1749 692 ma·

63 717 96 771 ris
109 716 208 771 aetatis
224 717 261 772 sit
275 717 299 771 is
313 716 361 789 qui
380 717 415 773 ad
432 717 627 789 paenitentiam
640 717 728 785 venit,
743 733 777 773 eo
791 718 882 790 magis
932 718 1047 774 ledictio
1059 719 1104 774 his
1118 720 1209 792 quiin
1223 725 1320 793 patres
1333 729 1463 795 peccent,
1478 725 1573 781 divina
1589 742 1641 800 nos
1665 728 1749 785 docet

63 809 166 881 gratias
181 826 272 882 agere
285 810 372 865 debet
390 810 460 866 ileo.
481 811 563 876 Quod
580 816 734 883 postquam
751 811 816 866 linis
828 814 880 878 est,
932 813 1087 885 Scriptura.
1102 813 1131 870 Si
1151 815 1229 869 enim
1252 816 1342 872 Cham
1363 817 1439 873 tilius
1457 818 1527 890 Noe,
1543 836 1608 874 cum
1631 820 1750 880 vidisset

62 903 154 958 omnis
168 902 299 975 impetus
311 904 547 976 concupiscentia
560 904 694 973 carnalis,
706 903 825 961 scientia
837 920 883 960 ve·
931 906 1042 961 nudum
1053 923 1138 963 suum
1149 911 1269 979 patrem,
1282 909 1421 981 quoniam
1432 927 1490 966 non
1501 913 1649 983 cooperuit
1658 916 1748 986 patris

61 996 149 1052 ritatis
162 1000 294 1069 accepta,
311 997 390 1052 nulla
405 997 432 1052 ei
446 997 579 1052 imminet
591 1014 689 1070 pugna
708 997 881 1065 certaminis,
932 999 1090 1070 corporalis
1113 999 1287 1069 nuditatem,
1301 1003 1353 1057 sed
1375 1019 1506 1074 egressus
1526 1004 1665 1062 nuntiavit
1685 1024 1748 1064 eam

61 1106 218 1162 perquam
236 1089 419 1161 insurgentes
440 1090 576 1145 adversus
596 1090 722 1146 animam
744 1090 883 1162 reprimat
931 1091 1076 1161 tratribus,
1094 1096 1122 1148 et
1135 1094 1175 1149 illi
1191 1094 1361 1152 vestimento
1375 1112 1440 1152 eum
1453 1102 1676 1170 cooperuerunt,
1687 1100 1748 1172 ipse

62 1182 189 1255 corporis
211 1184 381 1238 voluntates.
399 1184 533 1255 Superest
548 1199 616 1255 ergo
635 1183 660 1239 ei
683 1183 713 1239 in
735 1183 881 1255 agnitione
932 1185 1051 1258 quidem
1065 1187 1166 1256 cham,
1183 1191 1214 1242 at
1226 1187 1268 1244 illi
1280 1189 1329 1260 qui
1344 1206 1425 1246 exeo
1439 1191 1640 1247 natisuntsub
1657 1194 1747 1249 mala-

60 1277 198 1344 reritatis,
213 1280 243 1331 et
257 1276 458 1333 misericordiae
471 1277 605 1349 operibus
618 1276 757 1347 exerceri,
769 1281 800 1331 ut
815 1276 883 1332 atte-
933 1278 1008 1335 dicto
1023 1278 1091 1334 tacti
1105 1283 1180 1348 sunt,
1197 1281 1246 1351 qui
1262 1284 1359 1337 autem
1378 1288 1589 1355 cooperuerunt
1612 1301 1749 1357 magnam

61 1373 101 1424 ret
128 1370 243 1425 tructus
270 1370 374 1441 dignos
404 1371 592 1443 peanitentiae.
618 1372 674 1426 Nec
704 1373 786 1443 putet
816 1371 883 1442 quia
931 1371 1162 1428 benedictionem
1172 1377 1462 1431 meruerunttmulto
1472 1376 1565 1449 magis
1580 1376 1624 1433 isti
1638 1380 1748 1450 majore

61 1463 85 1517 in
101 1463 247 1534 temporis
265 1463 446 1535 longitudine
463 1464 670 1519 documentum
686 1463 881 1519 conversionis
932 1468 962 1519 et
974 1465 1111 1536 ampliore
1124 1467 1368 1524 condemnatione
1382 1469 1463 1540 digni
1475 1474 1551 1538 sunt,
1561 1471 1610 1542 qui
1620 1472 1748 1544 patribus

60 1555 232 1624 ostenditur,
249 1559 279 1611 et
293 1572 352 1612 non
371 1556 402 1611 in
420 1556 579 1612 devotionis
591 1572 624 1612 ac
639 1556 775 1629 propositi
789 1556 880 1611 firmi·
932 1557 1057 1627 obviare,
1069 1562 1118 1614 aut
1127 1564 1227 1615 contra
1237 1576 1287 1615 eos
1297 1561 1446 1635 insurgere
1461 1563 1602 1633 nituntur,
1613 1568 1664 1620 aut
1674 1565 1750 1637 inju-

60 1652 126 1717 tate,
142 1650 206 1703 [leo
226 1648 304 1704 enim
326 1648 480 1705 manifeste
501 1655 566 1705 sunt
587 1652 708 1716 mentes,
729 1649 796 1720 quia
821 1665 879 1705 non
930 1649 1004 1705 riam
1022 1652 1068 1706 vel
1089 1653 1294 1708 contumeliam
1320 1655 1360 1709 eis
1374 1655 1479 1712 inferre
1494 1656 1664 1728 moliuntur,
1678 1674 1748 1730 quo-

60 1746 227 1814 temporum
247 1742 390 1797 rationem
415 1743 531 1813 colligit,
556 1742 606 1797 sed
625 1741 798 1809 animorum,
820 1742 882 1814 ipse
892 1727 920 1800 Β
931 1743 1010 1798 niam
1023 1744 1071 1816 qui
1089 1745 1129 1800 eis
1142 1745 1248 1801 resistit
1265 1751 1294 1801 at
1306 1749 1363 1803 ileo
1382 1748 1497 1818 resistit,
1510 1752 1538 1806 et
1551 1749 1599 1822 qui
1615 1750 1655 1806 eis
1669 1752 1746 1823 inju-

61 1835 135 1891 enim
154 1835 263 1907 probat
283 1835 388 1907 siquis
410 1836 508 1907 agnita
526 1835 651 1891 veritatis
675 1835 878 1907 predicatione
928 1835 1002 1892 riam
1027 1838 1070 1892 vel
1092 1839 1298 1893 contumeliam
1322 1840 1400 1908 tacit,
1415 1842 1482 1910 ileo,
1501 1842 1581 1913 cujus
1601 1843 1747 1915 legatione

61 1945 117 1984 non
129 1927 252 1995 distulit,
264 1943 360 2000 neque
372 1932 485 2000 tempus
499 1928 678 2001 negligendo
692 1928 878 2000 consumpsit,
928 1929 1089 2001 funguntur
1102 1931 1180 1987 tacit.
1192 1932 1308 2004 Expavit
1319 1934 1423 1989 coelum
1434 1951 1520 2006 super
1529 1935 1583 1990 hoc
1594 1939 1623 1991 et
1634 1936 1748 1993 horruit

60 2021 222 2079 sedstatim
235 2023 274 2089 et,
287 2022 311 2076 si
324 2020 380 2077 dici
399 2024 503 2094 potest,
517 2022 620 2077 eodem
640 2026 788 2077 momento
805 2038 878 2093 prae·
929 2023 1255 2095 ampliusvehemanter,
1266 2024 1521 2083 dicittlominus.0
1533 2027 1745 2084 intolerabilem

58 2113 149 2168 terite
160 2114 378 2185 perhorrescens
387 2114 551 2170 futurorum
563 2114 737 2170 desiderium
754 2115 839 2188 cepit,
850 2118 879 2169 et
927 2107 1148 2187 malignitatem,
1157 2133 1173 2171 o
1181 2116 1310 2189 linguam
1320 2117 1485 2190 loquentem
1493 2119 1673 2192 iniquitatem
1680 2138 1746 2178 con·

58 2207 87 2261 in
100 2223 234 2262 amorem
248 2208 331 2280 regni
344 2207 465 2263 coelestis
479 2208 590 2263 exarsit.
604 2210 722 2279 Propter
736 2209 812 2279 quod
825 2225 877 2263 ue·
928 2211 973 2263 tra
984 2210 1085 2276 Deum,
1097 2213 1125 2266 et
1135 2211 1264 2264 mentem
1274 2209 1303 2265 in
1314 2209 1496 2266 altitudinem
1506 2228 1598 2268 cornu
1610 2215 1745 2270 extoNen·

59 2316 105 2356 mo
130 2304 259 2356 restrum
281 2302 357 2356 ultra
378 2301 546 2368 dissimulet,
560 2317 615 2356 nec
635 2305 713 2357 retro
735 2302 876 2373 respiciat,
928 2303 1005 2357 tem!
1021 2304 1055 2358 Et
1067 2303 1174 2357 iterum
1185 2319 1191 2357 :
1204 2303 1335 2375 lmponc,
1349 2303 1447 2372 homo,
1457 2308 1514 2359 tuae
1523 2305 1630 2377 linguae
1642 2307 1746 2363 ostium

60 2393 107 2448 sed
121 2394 159 2448 ad
173 2393 364 2464 Evangelium
377 2396 460 2466 regni
473 2394 523 2450 llei
538 2394 662 2449 libenter
675 2394 798 2449 accedat.
815 2396 878 2450 Non
928 2400 957 2450 et
983 2411 1085 2450 seram.
1110 2396 1195 2450 Cessa
1221 2395 1252 2450 in
1280 2395 1461 2452 altitudinem
1490 2414 1579 2453 cornu
1608 2400 1746 2456 extollens

59 2486 134 2542 dicat
146 2503 260 2560 pauper
267 2486 347 2559 quia,
355 2503 420 2542 cum
430 2487 508 2543 dives
520 2488 612 2543 tactus
627 2488 717 2555 fuero,
729 2491 798 2542 tunc
808 2505 877 2543 con·
928 2493 954 2543 et
968 2490 1087 2561 loquens
1096 2488 1231 2544 adversus
1240 2489 1392 2545 Dominum
1406 2489 1590 2562 iniquitatem
1606 2496 1634 2548 et
1648 2494 1744 2565 proxi-

58 2582 161 2634 rertar.
176 2582 241 2637 Non
263 2579 384 2652 requirit
398 2596 415 2635 a
429 2583 457 2635 tc
472 2582 546 2635 Deus
568 2580 730 2651 pecuniam,
747 2580 798 2635 sed
815 2580 875 2635 ani·
927 2597 1006 2636 mum
1019 2584 1111 2649 tuum,
1127 2597 1276 2654 quousque
1295 2581 1416 2638 insultas
1438 2583 1560 2654 patienti
1580 2585 1693 2641 Christo
1715 2591 1745 2643 et

59 2689 137 2728 mam
148 2673 368 2729 misericordem
383 2676 413 2728 et
429 2673 508 2745 piam
522 2676 661 2729 mentem.
679 2675 776 2746 Neque
799 2673 877 2728 dives
926 2674 1084 2729 tratribus?

60 2766 277 2822 conversionem
288 2783 370 2822 suam
383 2766 507 2835 differat,
516 2783 569 2839 pro
584 2766 775 2822 sollicitudine
787 2783 875 2822 saecu-
962 2769 1026 2823 Hoec
1037 2783 1089 2823 nos
1100 2766 1271 2822 familiarius
1281 2767 1411 2836 docebat,
1421 2768 1519 2824 cthaec
1530 2770 1614 2825 nobis
1623 2771 1742 2843 publici-

60 2860 118 2927 lari,
130 2860 203 2915 dum
215 2860 321 2930 cogitat
339 2861 484 2931 quomodo
508 2859 651 2932 dispenset
672 2860 877 2915 abundantiam
925 2864 971 2915 tus
985 2860 1138 2932 praedictus
1151 2861 1296 2933 magister,
1314 2864 1344 2916 et
1357 2861 1512 2918 instructor
1525 2867 1610 2935 atque
1626 2864 1741 2921 ordina-

61 2953 185 3025 lrugum.
194 2954 291 3025 Neque
299 2951 459 3008 dicatintra
469 2953 666 3026 semetipsum,
674 2953 749 3018 Quid
759 2952 877 3008 taciem?
926 2957 972 3008 tor
983 2956 1081 3008 noster
1094 2954 1227 3026 princeps
1245 2955 1444 3026 apostolorum
1462 2957 1561 3011 Petrus
1575 2957 1606 3011 in
1620 2958 1744 3014 Ecclesia

62 3045 107 3100 ubi
127 3046 286 3102 recondam
301 3047 409 3101 tructus
428 3047 532 3102 meost
551 3047 649 3118 Neque
671 3045 748 3101 dicat
771 3047 875 3102 anime
886 3089 913 3165 C
926 3046 1111 3119 praedicabat,
1124 3048 1288 3120 exemplum
1304 3047 1376 3103 dans
1396 3051 1428 3102 ut
1446 3064 1499 3103 nos
1512 3049 1644 3105 similiter
1658 3051 1742 3107 lacia-

63 3155 123 3195 ωε
139 3161 154 3190 u
168 3139 264 3194 llabes
275 3140 366 3195 multa
380 3139 457 3195 bona
471 3139 596 3211 reposita
607 3138 637 3194 in
654 3156 744 3194 annos
755 3141 871 3210 multos,
925 3157 1000 3196 mus.
1013 3139 1206 3196 Humiliamini
1219 3140 1335 3213 (inquit)
1350 3141 1380 3195 in
1399 3145 1555 3213 conspectu
1574 3143 1699 3212 Domini,
1713 3149 1744 3200 et

64 3234 174 3304 epulare
189 3231 337 3288 atlaetara.
348 3234 419 3288 Nam
431 3233 542 3288 dicetur
554 3233 591 3287 ei.
609 3232 711 3301 Stulte,
728 3233 780 3288 hac
791 3237 874 3288 nocta
924 3233 1062 3289 exaltabit
1076 3249 1136 3290 vos.
1148 3234 1240 3290 Nolite
1253 3235 1405 3289 detrahere
1418 3235 1590 3291 alterutrum
1603 3237 1741 3309 quoniam

65 3327 205 3382 anferatur
217 3326 311 3381 abste
331 3325 428 3381 anima
447 3330 507 3393 tua,
524 3327 553 3380 et
575 3341 639 3397 quae
659 3326 777 3398 parasti,
793 3326 874 3397 cnjus
924 3327 973 3398 qui
986 3326 1215 3394 detrahitlratri,
1231 3330 1281 3382 aut
1300 3327 1349 3399 qui
1368 3328 1481 3399 judicat
1500 3329 1620 3385 tratrem
1644 3347 1738 3399 suum,

65 3420 161 3474 erant?
171 3419 248 3489 (tac.
260 3435 307 3487 111,
321 3422 353 3474 ra
367 3424 393 3475 et
402 3420 446 3490 20)
459 3440 473 3469 »
487 3420 583 3490 ltaque
595 3418 714 3473 festinet
729 3418 765 3474 ad
781 3420 874 3490 poeni·
924 3419 1051 3476 detrahit
1062 3420 1130 3491 legi,
1147 3423 1176 3476 et
1189 3420 1302 3491 judicat
1320 3420 1426 3491 legem.
1440 3421 1494 3486 Qui
1515 3424 1611 3476 autem
1630 3423 1742 3493 judicat

64 3513 178 3568 tentiam
191 3513 286 3568 omnis
298 3516 377 3582 retas,
390 3512 483 3568 omnis
498 3528 591 3580 sexus,
606 3511 758 3583 omnisque
773 3513 873 3568 condi·
923 3513 1020 3584 legem
1032 3530 1092 3569 non
1105 3516 1149 3568 est
1160 3514 1252 3568 lactor
1260 3512 1343 3584 legis,
1353 3514 1403 3569 sed
1414 3513 1511 3584 judex,
1523 3531 1596 3569 unus
1607 3516 1650 3568 est
1662 3515 1740 3571 enim

65 3605 107 3672 tio,
116 3610 149 3661 nt
157 3606 249 3662 sitam
258 3610 449 3679 consequatur
462 3608 610 3673 aeternam,
623 3605 743 3676 juvenes
757 3604 874 3677 quidem
923 3606 1210 3678 legislatoretjudex,
1219 3606 1267 3678 qui
1275 3609 1371 3678 potest
1379 3607 1501 3678 perdere
1513 3610 1542 3663 et
1549 3606 1741 3665 liberare.«Tu

65 3699 89 3752 io
101 3715 134 3755 eo
146 3699 224 3771 grati
238 3699 305 3766 sint,
323 3699 401 3771 quod
414 3698 516 3770 inipso
530 3698 641 3771 impetu
654 3697 872 3768 desideriorum,
924 3701 1020 3752 autem
1034 3698 1083 3768 qui
1098 3715 1128 3753 es
1142 3698 1192 3769 qui
1206 3697 1316 3768 judicas
1336 3698 1520 3769 proximum?
1534 3700 1601 3770 (tac.
1614 3716 1652 3770 ιν,
1670 3705 1703 3757 l0
1716 3709 1742 3758 et

27 3816 31 3831 ·
66 3792 180 3848 cervices
191 3792 337 3864 suasjugo
347 3791 500 3863 subiiciunt
510 3791 675 3863 disciplinas.
685 3791 775 3847 Senes
784 3790 874 3862 etipsi
923 3792 989 3862 seq.)
1001 3809 1014 3842 o
1028 3791 1090 3844 Non
1101 3791 1224 3860 oportet,
1240 3805 1297 3843 non
1311 3790 1447 3861 praecepit
1461 3807 1513 3845 nos
1523 3791 1654 3861 judicare
1666 3793 1739 3848 invi-

66 3883 302 3940 taudabilesmulti
310 3884 449 3956 temporis
455 3883 694 3940 consuetudinem
701 3884 730 3939 in
737 3882 873 3955 quamale
923 3899 998 3950 cem,
1013 3882 1063 3938 sed
1075 3881 1168 3953 magis
1178 3881 1321 3937 auxilium
1340 3881 1416 3936 terre
1429 3898 1435 3936 :
1447 3898 1488 3936 νε
1501 3881 1557 3936 erit
1572 3883 1681 3954 (inquitl
1695 3884 1740 3939 his

67 3977 873 4049 preventisuntprollciamorecommutent.Nemoergo
924 3977 973 4048 qui
988 3976 1091 4031 tratres
1102 3974 1248 4043 tribulant,
1262 3978 1292 4029 et
1309 3974 1350 4029 eis
1371 3973 1421 4045 qui
1445 3991 1495 4029 eos
1515 3979 1738 4047 persequuntur,

65 4069 181 4138 ditarat,
189 4086 280 4126 nemo
290 4072 447 4126 cunctetur.
457 4071 525 4136 Qua
534 4069 613 4125 euim
624 4086 711 4125 causa
719 4069 875 4125 cunctandi
923 4073 1079 4125 vosautem
1092 4071 1201 4140 quanto
1212 4066 1335 4139 amplius
1345 4066 1533 4135 tribulamini,
1542 4071 1622 4124 tanto
1635 4085 1738 4141 purga·

65 4164 239 4219 sternens
255 4163 402 4235 agendum
412 4163 426 4218 ‘t
438 4163 559 4219 Animus
580 4163 634 4218 sibi
654 4162 730 4218 mate
746 4162 874 4218 conscius
922 4163 1008 4219 tiores
1023 4163 1109 4232 atque
1122 4161 1266 4217 beatiores
1279 4159 1455 4228 efficiemini,
1469 4159 1494 4215 si
1506 4165 1605 4216 tamen
1617 4161 1679 4233 ipsa
1687 4163 1738 4218 tri-

65 4256 123 4312 dum
141 4256 260 4312 ridetur
283 4256 336 4311 sibi
358 4256 468 4312 nullam
483 4272 601 4328 poenam
619 4255 691 4328 pati,
704 4256 796 4311 credit
808 4255 874 4327 quia
922 4254 1030 4310 bulatio
1043 4254 1186 4325 patienter
1200 4253 1287 4309 tuerit
1298 4256 1475 4324 supportata,
1490 4254 1567 4324 quod
1579 4252 1667 4309 ctiam
1679 4254 1740 4332 ipse

65 4365 112 4405 non
118 4349 234 4422 judicet
245 4348 393 4417 Dominus,
405 4365 470 4405 cum
480 4349 559 4404 abuti
571 4348 709 4421 patientia
719 4347 872 4404 Deictnon
923 4365 974 4403 nos
987 4346 1123 4403 Dominus
1136 4346 1241 4401 docuit.
1259 4367 1272 4395 «
1285 4345 1365 4401 Beati
1380 4345 1429 4417 qui
1444 4346 1672 4417 persecutionem
1689 4364 1739 4420 pa-

66 4441 218 4514 inteNigere
242 4441 387 4514 parcentis
410 4441 619 4514 benignitatem
639 4442 702 4513 jam
717 4441 754 4495 ait
767 4441 1156 4525 magnaDtiunturproptar
1161 4438 1314 4510 justitiam.
1324 4459 1338 4488 η
1348 4438 1497 4494 Etitemz«
1506 4439 1583 4495 Beati
1591 4440 1742 4497 eritiscum
1798 4425 1804 4434 ’

67 4533 216 4592 damnatio.
233 4535 315 4590 Unde
331 4535 468 4607 scriptum
486 4539 549 4590 est:
568 4556 582 4585 ι(
598 4534 761 4591 ltaledictus
780 4533 873 4589 omnis
922 4551 972 4590 vos
987 4533 1101 4589 oderint
1113 4532 1254 4602 homines,
1266 4552 1280 4581 u
1297 4535 1327 4587 et
1340 4549 1354 4583 e
1367 4531 1508 4603 persecuti
1521 4547 1570 4586 vos
1583 4533 1701 4601 luerint,
1713 4537 1742 4589 et

68 4628 108 4697 qui
119 4645 192 4701 opus
204 4626 321 4683 Domini
332 4628 516 4700 negligenter
527 4627 588 4699 agit
600 4627 664 4699 (ter.
677 4643 771 4694 xnvm,
789 4627 842 4696 lo).
857 4645 872 4678 o
923 4627 1059 4698 eJecerint
1071 4642 1179 4680 nomen
1192 4630 1320 4680 restrum
1334 4628 1473 4696 tanquam
1485 4625 1606 4680 malum.
1615 4626 1741 4682 Gaudete

67 4718 239 4794 Quapropter
251 4720 400 4793 pastoralis
419 4721 529 4777 ordinis
541 4724 584 4776 est
597 4719 815 4792 infatigabiliter
827 4735 872 4774 re·
924 4719 953 4774 in
963 4720 1010 4775 illa
1020 4719 1076 4787 die,
1089 4723 1118 4775 et
1126 4719 1271 4786 exsultate,
1281 4716 1417 4789 quoniam
1427 4733 1538 4772 merces
1549 4721 1641 4774 vestra
1650 4721 1744 4775 multa

67 4827 156 4869 vocare
170 4812 312 4886 quidquid
332 4814 367 4870 ad
388 4813 597 4870 correctionem
614 4813 798 4885 populorum,
815 4812 873 4866 imo
924 4816 967 4868 est
987 4813 1016 4867 in
1038 4813 1109 4867 coelo
1124 4812 1263 4882 (hlothr,
1279 4810 1331 4881 lo),
1347 4832 1361 4861 »
1380 4810 1456 4865 unde
1472 4814 1502 4865 et
1513 4809 1575 4884 ipse
1589 4811 1629 4866 ait
1643 4828 1677 4866 :a
1693 4812 1742 4866 lli·

67 4907 149 4978 uagis
163 4906 291 4962 illiorum
303 4906 493 4978 spiritualium
511 4906 662 4978 (quantum
675 4910 719 4961 cst
731 4905 774 4961 fas
788 4905 874 4960 intel·
923 4906 995 4978 liges
1009 4905 1165 4960 Dominum
1180 4905 1271 4959 Deum
1286 4906 1369 4958 tuum
1379 4920 1413 4958 ax
1423 4906 1483 4959 toto
1496 4904 1582 4960 corde
1597 4911 1658 4973 tuo,
1672 4906 1743 4961 etex

68 4998 155 5071 igere)
165 4999 334 5071 cognoverit
345 4999 499 5071 pertinere,
511 5002 541 5055 et
551 5016 609 5055 uon
620 4998 708 5071 (quod
717 4998 799 5061 absitl
809 5014 875 5054 cum
924 5001 985 5053 tota
1000 4996 1098 5052 anima
1110 5001 1168 5065 tua,
1179 4999 1209 5051 et
1218 5012 1250 5052 er
1265 4995 1331 5050 totis
1342 4994 1449 5050 viribus
1459 4995 1524 5064 tuis,
1536 5000 1565 5051 at
1576 4995 1742 5069 proximum

67 5092 248 5166 nopericulo
261 5093 363 5148 aliena
377 5092 438 5165 spei
451 5109 504 5165 per
516 5093 607 5148 solam
619 5091 826 5164 negligentiam
836 5092 875 5147 ta·
924 5094 1006 5146 tuum
1043 5090 1115 5146 sicut
1150 5088 1275 5163 teipsum
1300 5089 1394 5160 (liare.
1418 5104 1466 5160 xu,
1492 5092 1537 5157 30,
1563 5090 1617 5161 tl).
1640 5110 1655 5140 »
1679 5090 1742 5145 Non

65 5185 410 5257 saredetrimentum,sed
420 5186 498 5258 quod
508 5187 545 5242 ad
554 5185 697 5258 generalis
705 5184 804 5240 salutis
814 5200 876 5257 spe·
925 5184 1015 5255 enim,
1030 5183 1132 5256 inquit,
1147 5187 1224 5238 recte
1240 5182 1334 5254 diligit
1346 5183 1438 5238 Deum
1456 5181 1505 5254 qui
1523 5182 1643 5239 tratrem
1666 5182 1742 5238 inse·

65 5280 115 5333 ctat
142 5278 359 5351 compendium,
382 5278 488 5335 salubri
517 5295 633 5335 necesse
661 5282 704 5334 est
726 5278 876 5350 providere
927 5277 1034 5349 quitur,
1049 5293 1102 5332 nec
1112 5275 1208 5348 diligit
1219 5275 1385 5347 proximum
1394 5274 1442 5348 qui
1453 5274 1479 5331 ei
1492 5275 1629 5343 detrahit,
1640 5275 1683 5329 vel
1693 5273 1742 5344 qui

65 5373 190 5428 tractato.
925 5370 1008 5426 illum
1024 5372 1149 5438 accusat,
1166 5368 1234 5441 quia
1249 5368 1326 5440 quod
1345 5367 1398 5423 sibi
1420 5368 1484 5441 quis
1506 5369 1568 5424 sseri
1591 5383 1649 5423 non
1671 5366 1741 5433 vult,

92 5464 204 5520 domini
232 5463 367 5536 religioso
390 5481 493 5536 parum
518 5481 578 5520 esse
603 5464 689 5520 debet
711 5463 877 5520 inimicitias
926 5463 980 5518 hoc
997 5462 1080 5518 alteri
1098 5462 1262 5518 nullatenus
1284 5462 1377 5518 iacere
1399 5461 1494 5518 debet.
1507 5459 1621 5526 Discite,
1637 5455 1742 5528 inquit,

62 5557 180 5614 chorum
195 5572 256 5614 non
270 5573 412 5626 exercere,
424 5557 467 5614 val
481 5574 540 5614 non
552 5573 658 5630 augere
670 5558 745 5612 male
755 5558 875 5628 loquen-
926 5555 978 5612 tilii
996 5556 1064 5624 mei,
1084 5554 1255 5628 sapientiam
1275 5559 1305 5611 et
1325 5557 1454 5610 tenetote
1471 5553 1559 5609 tidem
1579 5553 1698 5618 rectam,
1714 5552 1744 5605 et

63 5648 105 5719 do,
120 5650 175 5707 nisi
188 5667 240 5707 eas
256 5651 346 5707 etiam
365 5651 546 5723 exstinguere
564 5650 640 5706 bone
657 5650 802 5722 loquendo
817 5651 875 5704 stn-
928 5648 1138 5722 amplectimini
1152 5649 1328 5717 charitatem,
1339 5651 1373 5703 ut
1385 5664 1443 5702 non
1458 5642 1592 5702 excidatis
1602 5659 1609 5710 ;
1621 5642 1686 5699 data
1701 5647 1745 5699 est

63 5742 163 5802 doerit.
179 5746 252 5801 Ecce
267 5745 325 5802 oris
340 5744 428 5802 nostri
441 5744 561 5802 baccina
573 5743 610 5799 ad
625 5759 711 5801 aures
727 5741 877 5800 hominum
929 5743 1006 5799 enim
1024 5743 1105 5800 vohis
1124 5760 1140 5798 a
1160 5741 1282 5800 Domino
1303 5744 1439 5816 potestas,
1455 5741 1484 5794 et
1500 5735 1589 5791 virtus
1607 5736 1643 5792 ab
1660 5736 1744 5793 llltis·
