3870 6150
134 215 192 278 tte-
585 218 727 275 larana.
750 220 794 279 ab.
813 218 898 281 SAEC.
918 219 964 276 lx·
976 229 1011 261 '··‘
1029 218 1157 277 Dinoni·
1169 219 1382 279 Dnncnroats
1641 172 1644 177 ν
1767 225 1810 284 tto

133 322 314 398 professionis
328 334 386 380 sue
402 324 580 382 conscribere
595 324 707 382 debeat.
722 329 803 396 item,
817 328 954 384 conditio·
964 337 993 413 Α
1003 326 1132 399 iecerint,
1152 327 1176 383 si
1191 328 1272 401 juxta
1291 327 1451 399 priscorum
1468 343 1614 385 canonum
1635 328 1810 399 institambi

136 436 188 483 nes
201 418 362 497 iudaeorum
377 434 447 492 quas
455 418 553 490 jurare
566 419 689 477 debeant
697 420 738 489 hi,
751 420 801 495 qui
814 437 849 477 ex
862 421 902 477 eis
915 421 953 477 ad
1003 419 1052 493 qui
1076 436 1125 476 eos
1152 423 1289 493 repetunt
1307 437 1418 477 sacram
1436 421 1629 490 reddiderint,
1647 427 1678 478 et
1696 425 1811 482 sacerdos

135 513 221 570 iidem
243 511 398 582 venientes,
412 512 606 586 professiones
628 530 693 570 sues
714 514 857 571 dederint.
880 516 953 571 item
1003 513 1129 571 ecclesie
1149 514 1248 586 ipsius,
1270 514 1305 570 ab
1320 514 1438 571 ecclesie
1453 531 1510 571 non
1532 516 1704 572 abstraxerit
1716 511 1813 574 loribus

135 607 171 662 de
184 605 353 663 Christianis
363 606 512 679 mancipiis
522 607 687 669 ludaeorum
696 624 761 681 quoe
775 624 805 664 se
818 625 876 665 non
889 625 954 682 pro-
1002 611 1052 664 aut
1064 608 1144 680 luga,
1159 607 1261 664 talium
1273 607 1297 663 si
1310 608 1438 664 evenerit
1449 608 1592 666 secerdoti
1601 611 1756 683 querenda
1766 617 1813 683 est,

55 684 60 692 ’
133 699 259 761 diderint
280 699 457 757 Christianos
472 699 531 757 sire
553 700 588 758 de
603 701 826 773 publicatoribus
840 719 952 760 eorum.
1002 704 1053 758 aut
1061 702 1235 758 damnorum
1248 702 1389 759 senhntie
1398 702 1559 759 secundum
1567 703 1739 761 electionem
1748 707 1815 778 prin·

136 795 206 850 ltem
227 809 265 856 ne
279 794 368 850 ludaei
392 812 410 851 a
430 795 559 868 quolibet
572 797 714 868 potestate
736 800 853 868 accepta
872 800 954 855 extra
1002 795 1072 868 cipis
1085 795 1251 867 hujusmodi
1265 795 1458 853 sacerdotibus
1471 796 1633 869 irroganda.

134 888 249 961 regiam
260 887 466 947 ordinationem
482 888 675 947 Christianum
696 907 842 963 quemque
860 890 952 964 impe·
1038 889 1081 945 xi.
1096 891 1241 962 Praecepta
1262 889 1378 945 Domini
1389 893 1458 946 sunt
1468 889 1589 947 dicentis
1604 907 1612 946 ι
1629 912 1645 942 ιι
1660 891 1723 947 Non
1738 892 1817 948 iacies

134 986 206 1052 tere,
221 983 345 1055 plectere
359 983 404 1039 rel
424 982 597 1056 distringere
616 983 752 1042 audeant.
778 986 859 1056 ltem,
880 988 914 1040 ut
930 984 954 1040 si
1003 982 1057 1038 tibi
1070 983 1208 1054 sculptile,
1229 999 1323 1056 neque
1339 999 1458 1039 ornnem
1470 983 1691 1040 similitudinem
1705 1001 1768 1058 ane
1778 990 1819 1041 est

133 1076 299 1133 iudeorum
312 1075 396 1146 servi,
410 1077 534 1133 necdum
548 1077 643 1133 adhuc
656 1077 786 1134 conversi
801 1078 837 1135 ad
849 1078 953 1135 Christi
1003 1076 1033 1132 in
1047 1077 1118 1133 coelo
1134 1076 1267 1149 desuper,
1280 1080 1385 1150 atquae
1398 1076 1428 1133 in
1443 1080 1531 1146 terra,
1547 1077 1696 1147 aeonum,
1710 1095 1763 1136 nec
1773 1097 1818 1135 eo·

70 1147 79 1163 ’
121 1170 257 1242 gratiam
280 1169 498 1227 convolaverint
512 1170 638 1229 libertati
652 1171 806 1230 donentur.
823 1173 903 1241 item,
916 1188 953 1229 ne
1003 1187 1068 1226 rum
1081 1187 1146 1242 quae
1161 1175 1227 1226 sunt
1247 1170 1278 1225 in
1298 1170 1446 1244 aquissub
1459 1175 1547 1242 terre,
1564 1187 1616 1228 nec
1634 1171 1828 1243 adorabisea,

101 1293 107 1300 ⁵
134 1264 225 1320 iudai
250 1263 488 1321 administratorio
507 1281 561 1320 usu
585 1265 615 1320 in
642 1265 771 1322 ordinem
794 1266 954 1323 villicorum
1002 1281 1096 1338 neque
1119 1264 1194 1321 coles
1216 1265 1315 1335 (Daod.
1330 1266 1409 1334 ΠΛ
1430 1269 1456 1322 ct
1478 1265 1515 1337 5).
1530 1286 1544 1316 n
1560 1266 1632 1323 lteru
1646 1283 1654 1325 z
1670 1288 1685 1318 «
1699 1267 1753 1333 oni
1769 1268 1829 1324 im—

135 1363 221 1430 etque
240 1363 368 1414 actorum
390 1359 583 1415 Christianam
596 1359 736 1416 familiam
755 1361 884 1433 redigere
900 1377 953 1417 au·
1003 1358 1095 1415 molat
1106 1358 1170 1429 diis,
1179 1357 1333 1427 occidetur,
1341 1359 1834 1434 praeterquemDominosohlssood.

134 1452 229 1523 deant,
244 1457 273 1508 et
292 1452 327 1509 de
347 1452 459 1510 damnis
471 1470 572 1510 eorum
592 1454 641 1527 qui
661 1454 728 1510 talia
740 1454 896 1511 ordinanda
909 1455 952 1512 in·
1003 1469 1070 1523 1111,
1084 1453 1139 1524 20).
1155 1473 1169 1503 n
1184 1453 1277 1508 Item:
1297 1474 1311 1504 n
1322 1451 1372 1508 Vir
1385 1456 1436 1508 aut
1447 1452 1551 1510 mulier
1571 1454 1620 1528 qui
1634 1455 1747 1513 iaciunt
1763 1473 1834 1513 ma-

131 1546 292 1618 junrerint.
315 1549 384 1604 Item
398 1547 512 1603 tndaeus
528 1564 561 1602 er
574 1547 636 1602 aliis
650 1547 802 1620 provinciis
815 1549 952 1606 velterri·
1002 1548 1064 1603 lum
1079 1546 1146 1602 ante
1161 1551 1345 1618 conspectum
1365 1546 1479 1603 Domini
1500 1547 1550 1605 Dei
1568 1548 1834 1624 sai,ett1ensgre-

134 1640 215 1700 toriis
228 1640 263 1696 ad
276 1640 452 1713 regisnoatri
464 1641 602 1698 ditionem
614 1642 824 1713 pertinentibus
836 1644 954 1699 veniens
1004 1639 1122 1695 diuntur
1145 1644 1262 1712 paetum
1282 1638 1369 1710 illius,
1391 1644 1425 1695 ut
1445 1640 1560 1712 vedent,
1581 1646 1610 1698 et
1629 1643 1757 1700 serviant
1772 1644 1834 1706 diis

135 1733 270 1806 episcopo
284 1735 348 1806 loci,
361 1736 406 1791 vel
419 1735 785 1808 sacerdotisepraesentare
797 1754 856 1793 non
871 1712 1114 1804 dille-Batiana,
1139 1738 1168 1789 et
1195 1733 1314 1791 adorent
1336 1750 1395 1804 eos,
1421 1735 1465 1790 rel
1491 1734 1582 1791 solem
1608 1740 1640 1792 ot
1665 1738 1777 1808 lanam,
1794 1746 1832 1801 et

15 1833 28 1857 ”
134 1832 190 1897 rat,
213 1827 326 1901 utquid
349 1828 542 1886 sciateumin
556 1833 617 1886 toto
630 1831 780 1886 observare
794 1832 952 1888 conveniat.
1004 1844 1121 1886 omnem
1134 1826 1267 1883 militiam
1281 1828 1355 1898 coeli,
1370 1844 1433 1900 quae
1448 1845 1506 1884 non
1521 1831 1647 1903 percepi,
1661 1833 1691 1888 et
1704 1831 1828 1895 hoctibi

133 1923 214 1992 item,
236 1927 269 1978 ut
288 1939 443 1979 concursus
461 1924 630 1980 iudeorum
644 1924 746 1980 diebus
769 1925 905 1982 institutis
917 1926 955 1983 ed
1003 1921 1091 1980 inerit
1109 1920 1285 1991 nuntiatum,
1300 1921 1479 1995 audiensque
1490 1922 1660 1996 inquisieris
1674 1923 1825 1998 diligenter

133 2017 300 2088 episcopum
325 2016 389 2073 fieri
418 2017 552 2074 debeant.
575 2020 645 2074 item
666 2022 700 2074 ut
718 2018 880 2091 quicunque
903 2021 953 2076 tu·
1004 2020 1145 2071 atterum
1159 2030 1219 2070 esse
1240 2014 1392 2088 repereris,
1407 2019 1435 2072 et
1449 2015 1626 2074 abominatio
1649 2017 1726 2074 facte
1738 2020 1818 2081 estin

133 2111 229 2166 dueum
244 2127 341 2166 secum
355 2117 556 2184 assequentem
578 2111 721 2180 hebuerit,
743 2116 892 2185 expetente
909 2130 953 2170 sa·
1004 2108 1087 2169 lsrael
1101 2124 1109 2165 :
1125 2108 1227 2165 educes
1238 2108 1332 2165 virum
1347 2125 1381 2164 ao
1396 2109 1548 2166 mulierem
1562 2111 1611 2184 qui
1630 2126 1694 2168 rem
1708 2112 1815 2172 scelera·

135 2204 250 2260 cordele
265 2220 331 2259 eum
350 2205 425 2275 apud
438 2221 467 2260 se
480 2205 606 2261 retinere
619 2222 676 2261 non
696 2206 809 2262 audeat.
828 2209 908 2276 item,
921 2210 955 2264 ut
1002 2202 1142 2260 tissimum
1156 2206 1396 2276 perpetraverunt
1409 2203 1446 2259 ad
1459 2209 1558 2274 portas
1572 2203 1704 2276 civitatis,
1718 2211 1748 2264 et
1757 2207 1811 2281 lapi

134 2313 200 2354 cura
220 2297 313 2352 omnis
336 2296 528 2368 distringendi
541 2298 654 2354 ludaeos
671 2299 738 2355 solis
759 2301 955 2358 sacerdotibus
1003 2297 1086 2354 dibus
1109 2296 1268 2353 obruentur
1288 2296 1376 2370 (Dent.
1402 2313 1468 2368 xvn,
1482 2301 1499 2354 2
1514 2298 1629 2372 etseq).
1647 2322 1662 2352 n
1683 2302 1808 2374 meent

47 2424 50 2429 ·
135 2390 283 2448 debeatur.
299 2392 379 2459 item,
394 2391 429 2447 de
443 2392 554 2447 demnis
564 2393 754 2462 sacerdotum,
768 2395 812 2450 rel
821 2395 953 2467 judicum
1003 2390 1116 2450 Domini
1125 2390 1187 2446 haec
1200 2389 1424 2459 noniuultione,
1435 2391 1644 2450 sedinterrore
1657 2393 1806 2468 delinques

135 2483 183 2554 qui
205 2484 308 2539 ludaeis
332 2484 460 2541 instituta
482 2486 581 2557 legum
601 2486 757 2559 adimplere
779 2488 953 2546 distulerint.
1003 2484 1077 2545 tium
1090 2488 1265 2557 apponentes
1279 2501 1338 2542 non
1350 2484 1451 2541 mortis
1471 2487 1643 2543 sententiam
1658 2489 1803 2561 promulga-

136 2577 217 2644 ttem,
231 2594 268 2632 ne
278 2577 390 2649 judices
404 2577 543 2651 quidquid
556 2579 591 2635 de
604 2580 780 2651 perfidorum
794 2582 954 2638 excessibus
1003 2595 1077 2649 mus,
1093 2576 1144 2633 sed
1165 2578 1288 2634 cultores
1308 2577 1460 2648 idolorum,
1480 2584 1665 2638 veneratores
1683 2582 1802 2656 lapidum,

136 2675 214 2726 entra
239 2671 418 2727 sacerdotum
449 2671 660 2729 conniventiam
682 2675 813 2745 judicare
844 2692 953 2748 praesu·
1003 2672 1352 2743 accensorcsfucularum,
1369 2677 1398 2729 ct
1411 2674 1572 2730 excultores
1585 2675 1712 2733 tonnam
1725 2676 1802 2733 edne

28 2782 31 2786 ·
135 2768 224 2827 mant.
249 2765 329 2832 item,
350 2769 383 2821 ut
401 2766 524 2838 episcopi
546 2771 615 2822 tunc
636 2767 779 2824 immunes
793 2769 955 2827 habeantur
1002 2782 1115 2836 nemus,
1131 2768 1424 2840 utagnosoentquod
1439 2768 1493 2839 ipsi
1512 2772 1720 2841 spontaneaese
1737 2769 1802 2827 morti

134 2857 282 2927 adamnis,
296 2875 362 2914 oum
377 2876 479 2915 eortrm
491 2861 824 2935 presbyterosedeaquae
833 2863 886 2935 ipsi
895 2880 955 2920 non
1003 2856 1167 2928 subjiciunt,
1183 2856 1233 2929 qui
1253 2855 1369 2914 diabolo
1388 2859 1547 2914 sacrificare
1562 2857 1710 2930 videntur,
1723 2859 1803 2916 mortis

135 2952 321 3020 correxerint,
334 2952 495 3011 remiserint
504 2953 686 3027 corrigenda.
699 2956 782 3025 ltem,
796 2957 832 3012 de
842 2960 956 3015 servata
1003 2949 1082 3015 enim
1096 2949 1213 3006 nomine
1228 2949 1359 3007 diabolus
1379 2953 1550 3025 appellitur,
1564 2951 1641 3008 situi
1651 2953 1687 3010 dt
1702 2971 1735 3010 00
1753 2952 1802 3009 ttri-

134 3045 310 3119 principibus
333 3046 490 3103 miserendi
518 3050 658 3120 potestate
683 3050 715 3105 in
740 3050 785 3105 his
809 3050 858 3122 qui
884 3068 951 3107 con·
963 3084 992 3162 C
1003 3046 1085 3115 ptum
1098 3049 1150 3111 0⁸2,
1165 3046 1194 3099 θῑ
1209 3048 1271 3100 etti
1283 3044 1324 3100 illi
1337 3060 1445 3101 nomen
1455 3061 1544 3102 mort·
1558 3048 1597 3102 Ac
1610 3047 1728 3119 prOVide
1738 3061 1803 3103 omns

133 3139 209 3194 versi
230 3139 267 3195 ad
289 3139 377 3220 iidem
398 3141 501 3197 Christi
525 3141 663 3199 veraciter
682 3143 798 3199 luerint.
820 3145 902 3213 Item,
923 3150 955 3201 ut
1002 3136 1184 3210 sacrilegium
1199 3136 1350 3208 idolatriae,
1364 3140 1409 3194 rel
1423 3138 1563 3210 quidquid
1582 3139 1654 3197 illud
1669 3146 1713 3197 est
1725 3145 1802 3197 conha

135 3233 259 3305 episcopi
274 3250 374 3291 omnes
386 3235 490 3291 ludmis
505 3235 540 3291 ad
556 3252 585 3291 se
604 3237 812 3308 pertinentibus
825 3237 958 3297 libellum
1003 3235 1127 3287 sanctim
1138 3229 1233 3304 137
1243 3231 1379 3299 fidemsiss
1388 3248 1446 3304 ‘11¹⁰
1458 3232 1630 3305 i¹¹³5}lielltet
1639 3235 1802 3292 hominesne

135 3326 171 3382 dc
185 3327 242 3383 suis
256 3327 365 3384 editum
381 3329 524 3385 erroribus
539 3331 663 3399 tradent,
680 3334 709 3388 et
721 3335 753 3388 ut
764 3332 953 3404 professiones
1002 3324 1101 3398 ptivati
1112 3324 1258 3380 diabolicis
1266 3325 1384 3381 culturis
1392 3325 1561 3397 inserviunt,
1571 3328 1802 3400 sacerdotisvolju

134 3436 245 3493 eorum,
264 3421 308 3478 vel
324 3422 493 3479 conditones
506 3423 536 3480 in
549 3424 659 3481 scriniis
673 3426 797 3482 ecclesiae
818 3427 952 3484 condant.
1004 3417 1074 3473 dieis
1085 3417 1223 3474 instantia
1235 3417 1384 3475 intentum
1395 3423 1426 3475 ui
1435 3420 1585 3493 sacrilegia
1592 3423 1800 3493 circumtenet

135 3513 263 3578 Quarum
284 3515 415 3573 omnium
429 3516 527 3588 legum
541 3519 734 3592 promulgatio
748 3519 868 3592 gravida
881 3520 955 3578 sicut
1003 3510 1193 3568 exterminata
1202 3516 1382 3569 truncentur·
1394 3514 1524 3570 Eosvero
1537 3515 1588 3588 qui
1600 3516 1639 3572 nd
1648 3517 1734 3573 telem
1746 3529 1800 3573 tnt-

135 3607 265 3678 synodali
283 3608 392 3680 judicio
414 3611 609 3683 comprobata,
623 3611 662 3667 ita
674 3613 800 3684 generali
821 3614 953 3671 omnium
1003 3621 1066 3662 rem
1079 3610 1240 3674 accurrunt,
1257 3611 1286 3662 et
1299 3606 1464 3664 verberibus
1476 3615 1637 3679 coerceant,
1659 3616 1689 3667 et
1707 3612 1798 3667 onaan

133 3703 300 3757 nostrorum
314 3702 479 3760 delinitione
492 3704 522 3761 in
535 3720 635 3760 eorum
648 3706 703 3761 erit
717 3705 851 3780 deinceps
861 3724 955 3766 exces-
1004 3700 1080 3757 ier1'0
1093 3698 1217 3755 d⁰mifli⁸
1231 3700 1289 3756 ⁸⁰1⁵
1302 3701 1428 3769 tradem,
1448 3702 1472 3758 ti
1484 3705 1582 3759 limen
1597 3703 1711 3761 d⁰mini
1720 3716 1796 3761 somn

135 3812 182 3851 sus
197 3797 367 3854 exercenda.
1003 3810 1055 3866 per
1072 3793 1275 3866 jusjurandum
1300 3795 1511 3853 attestationem
1531 3797 1705 3870 promittant
1723 3816 1750 3856 se
1763 3810 1797 3852 sot

142 3934 150 3941 .
169 3891 200 3946 X.
211 3891 265 3953 Pro
280 3891 323 3952 his
337 3891 387 3964 qai
399 3892 527 3965 quolibet
540 3898 619 3950 metu
629 3894 672 3950 vel
684 3897 795 3951 terrore
807 3896 954 3953 eeclesiam
1003 3887 1190 3944 tamwllitiit
1203 3887 1357 3959 custodire,
1372 3894 1405 3946 ut
1426 3890 1500 3947 ultra
1520 3889 1561 3948 eis
1581 3907 1642 3949 non
1663 3893 1745 3950 liceat
1757 3888 1796 3946 tiit

133 3987 281 4056 epipetunt,
292 3985 490 4042 consentiente
501 3987 610 4058 pariter
620 3988 824 4061 gloriosissimo
835 3989 955 4046 Domino
1004 3981 1084 4036 nefas
1096 3980 1290 4038 0⁰mmitiert·
1304 3983 1386 4049 0⁰⁰1!
1395 3982 1418 4039 εἰ
1427 3983 1537 4040 domini
1550 4000 1653 4043 eorum
1666 3986 1754 4044 nolint
1762 3985 1798 4040 ht·

135 4082 230 4133 nostro
254 4077 373 4149 Eringio
394 4095 475 4151 rege,
487 4079 541 4135 hoc
562 4085 692 4137 sanctum
715 4082 869 4139 concilium
883 4083 952 4138 dell·
1000 4074 1127 4146 jusmodi
1149 4091 1213 4131 reos
1234 4075 1265 4132 in
1283 4075 1341 4132 fide
1362 4094 1413 4132 sua
1432 4078 1587 4150 suscipere,
1604 4082 1674 4137 tnnc
1698 4080 1733 4137 ab
1749 4079 1798 4135 cist

135 4171 215 4238 nivit,
231 4173 264 4225 ut
284 4171 378 4225 nullus
400 4172 508 4227 audeat
522 4174 720 4246 confugientes
742 4175 780 4231 ad
795 4175 952 4246 ecclesiam,
1003 4168 1106 4241 quibus
1120 4169 1236 4225 coerciti
1249 4174 1317 4225 sunt
1325 4171 1413 4243 regiis
1426 4172 1589 4244 aspectibus
1601 4176 1797 4246 presentantur.

134 4262 179 4317 acl
194 4262 350 4318 residentes
366 4263 543 4334 abstrahere,
559 4271 609 4323 aut
621 4268 809 4341 quodcunque
822 4269 954 4327 nocibili·
1004 4265 1036 4318 nt
1054 4262 1187 4336 princepe
1208 4263 1407 4320 auctoritatem
1420 4282 1452 4321 nc
1467 4266 1589 4323 liberam
1602 4267 1640 4325 de
1653 4269 1753 4327 talibus
1762 4266 1798 4323 dt·

133 4355 201 4415 tatis
210 4356 254 4414 vel
267 4355 377 4426 damni,
385 4374 436 4416 seu
445 4359 528 4430 spolii
539 4360 731 4418 residentibus
742 4363 772 4418 in
784 4364 953 4420 locosancto
1003 4355 1132 4411 minandi
1143 4360 1317 4433 p0t0⁵tatem
1331 4358 1467 4416 0btinent·
1484 4361 1601 4418 Domini
1613 4365 1713 4421 umen
1723 4373 1800 4421 somn

134 4450 252 4518 interro,
274 4450 324 4509 sed
347 4466 408 4508 esse
422 4451 519 4523 potius
531 4453 576 4509 his
589 4454 658 4526 ipsis
678 4456 728 4528 qui
742 4457 888 4513 ecclesiam
905 4474 953 4532 pe·
964 4461 994 4538 Ι)
1005 4450 1054 4522 qni
1066 4449 1214 4507 nuntiatos
1236 4450 1290 4506 tibi
1310 4451 1412 4509 talium
1427 4470 1577 4510 servorum
1600 4472 1715 4514 errores
1727 4448 1802 4514 nai

133 4550 207 4613 tunt,
219 4545 379 4616 peremnia
386 4546 498 4604 licitum
508 4547 538 4604 in
549 4548 669 4621 triginta
679 4565 777 4622 pessus
785 4551 821 4607 ab
829 4553 954 4610 ecclesiae
1004 4543 1168 4613 millesimi,
1183 4548 1212 4600 ei
1226 4546 1526 4603 e¹c⁰mmttniceti0nis
1540 4551 1716 4608 sententiam
1728 4546 1803 4625 petit·

130 4634 227 4703 janius
240 4636 386 4709 progredi.
399 4637 431 4693 ln
444 4637 549 4710 quibus
562 4639 704 4712 tringinta
719 4639 849 4711 passibus
861 4642 955 4697 unius
1003 4639 1078 4706 rant,
1089 4639 1118 4691 et
1127 4637 1195 4708 iura
1207 4639 1366 4695 serviillius
1376 4656 1464 4712 quem
1474 4658 1608 4699 coercere
1619 4646 1803 4709 noluerunttt

134 4727 271 4799 cujusque
283 4729 408 4787 ecclesiae
422 4730 453 4787 in
468 4737 528 4788 toto
542 4731 662 4788 circuitu
680 4733 842 4798 reverentia
856 4734 953 4791 delen·
1003 4729 1131 4786 amisisse
1145 4737 1333 4811 cognoscant.
1348 4733 1428 4799 Quod
1448 4734 1471 4791 si
1484 4735 1682 4808 ingenuorum
1693 4747 1804 4813 persone

135 4820 230 4889 datur,
244 4821 283 4876 sic
306 4825 403 4879 tamen
424 4827 457 4879 ut
478 4825 507 4880 hi
522 4826 573 4898 qui
591 4826 627 4881 ad
651 4843 715 4882 eam
737 4828 954 4899 confugientia
1003 4824 1048 4888 hii
1058 4823 1203 4881 ermribfls
1215 4826 1324 4882 fuerint
1337 4827 1501 4900 implicates,
1515 4835 1544 4887 et
1557 4835 1802 4906 perpetuaexoon·

133 4914 275 4987 extraneis
293 4916 335 4970 rel
357 4916 444 4989 longe
467 4919 605 4990 separatis
624 4919 660 4975 ab
679 4922 798 4977 ecclesia
811 4922 952 4991 domibus,
1003 4917 1205 4974 manicationis
1218 4920 1359 4977 sententie
1382 4922 1532 4995 ferientur,
1545 4929 1576 4982 et
1596 4927 1714 4984 arctiori
1727 4921 1804 4984 exibo

132 5007 213 5066 nullo
229 5007 314 5063 modo
325 5006 488 5080 abscedant,
500 5012 551 5067 sed
563 5011 593 5067 in
601 5013 655 5069 hoc
665 5013 804 5087 tringinta
817 5032 953 5086 passuum
1004 5013 1186 5076 ulciscantur·

132 5116 255 5156 numero
268 5089 377 5172 absque
393 5102 546 5159 domorum
559 5110 759 5163 extranearum
772 5110 952 5180 receptaculo
1037 5106 1091 5161 Xil.
1117 5106 1227 5162 Placuit
1247 5106 1313 5162 huic
1333 5111 1432 5167 sancto
1453 5110 1583 5182 concilio,
1597 5117 1632 5170 nt
1650 5113 1736 5186 juxta
1746 5109 1805 5188 prii·

132 5193 352 5267 progredientes
371 5194 482 5263 editum
503 5196 697 5268 obstinebunt,
713 5204 745 5255 ut
758 5201 795 5257 ad
808 5202 953 5274 requisitae
1002 5216 1067 5256 rum
1081 5199 1280 5273 episcoporum
1301 5201 1493 5275 singularium
1508 5204 1722 5277 provinciarum
1735 5219 1805 5264 ceno·

132 5290 244 5344 naturas
266 5304 349 5343 usum
368 5286 471 5343 debitis
493 5295 595 5346 exeant
613 5293 692 5348 locis.
712 5295 746 5351 at
766 5294 845 5350 nullo
868 5295 952 5351 modo
1000 5310 1072 5349 num
1086 5293 1216 5350 institute
1230 5293 1807 5374 ennissingulisinunaquequeprorineit

131 5384 289 5459 teneantur
302 5387 406 5438 eventu
423 5383 651 5453 necessitudinis,
673 5387 722 5459 qui
743 5387 898 5444 Dominicis
920 5406 952 5446 se
1001 5387 1134 5443 Kalendis
1158 5388 1323 5444 Novembris
1345 5389 1497 5448 concilium
1521 5391 1696 5452 celebraturi
1718 5408 1808 5453 coare

132 5474 304 5535 diffidendos
317 5474 516 5533 commiserint
525 5477 665 5535 claustris.
680 5482 707 5537 Si
718 5481 781 5554 quis
791 5487 888 5538 autem
897 5482 951 5540 hoc
1000 5480 1091 5551 nient,
1104 5480 1232 5554 quisquis
1246 5485 1343 5539 autem
1356 5484 1388 5540 in
1401 5485 1544 5558 predictis
1555 5487 1696 5547 Kalendis
1706 5490 1810 5548 Novem·

130 5568 279 5625 decretum
291 5569 446 5628 tentamrit
456 5570 571 5642 violare,
584 5578 613 5630 et
625 5573 819 5631 ecclesiastices
833 5592 950 5634 excom·
1000 5574 1059 5630 bris
1076 5591 1130 5646 pro
1149 5575 1339 5634 celebratione
1361 5579 1463 5652 synodi
1483 5580 1580 5638 venire
1601 5581 1758 5655 distulerit,
1774 5595 1813 5640 ex·

130 5661 318 5745 manicationi
332 5663 492 5738 subjaceat,
502 5667 709 5737 etaereritetis
725 5668 813 5743 regiae
834 5669 951 5738 ferietur
1000 5668 1256 5752 communicationi
1268 5670 1362 5730 debite
1376 5673 1544 5747 subjacebit

123 5755 281 5829 mutanda,
298 5757 376 5831 ipsos
388 5747 485 5834 husen
496 5760 545 5837 qni
560 5761 597 5820 ad
612 5763 767 5850 Ecclesiam
781 5763 949 5852 coniugium
1005 5816 1012 5824 .
1034 5764 1100 5851 lttll.v
1120 5764 1341 5846 Premisaishia
1368 5768 1503 5839 emamus
1517 5769 1712 5847 aynqddlbaa
1733 5771 1816 5850 gestia
