3870 6150
818 241 1073 297 aautuuuitsua.
1750 264 1786 303 xv·

90 370 213 440 judices
229 370 258 425 in
272 370 419 442 provincia
433 371 476 425 rei
488 370 623 442 delegare
636 370 776 440 debuisse,
791 382 886 439 neque
899 367 1008 422 licitum
1022 368 1109 423 fuisse
1126 367 1235 438 dicunt,
1253 368 1331 440 quod
1347 369 1431 426 toties
1443 370 1496 442 (56)
1511 369 1652 427 declamat
1663 372 1786 428 Pseudo·

96 459 299 515 isidorusante
314 458 404 514 latam
419 460 591 515 sententiam
602 463 747 530 suspectos
753 456 864 531 judices
879 456 1068 528 appellatione
1085 458 1159 513 facta
1172 458 1331 515 excludere.
1344 462 1450 516 Verum
1464 460 1545 532 prius
1556 461 1662 532 oppido
1672 461 1787 517 falsissi-

95 565 182 603 mum
199 552 252 615 est,
267 564 333 603 cum
352 547 528 604 Sardicensis
550 564 644 604 canon
659 551 675 603 8
692 562 823 618 expresse
839 544 934 601 dicat:
952 564 967 598 u
982 546 1012 601 si
1034 547 1251 619 proclamaverit
1271 549 1418 620 agendum
1437 549 1490 605 sibi
1512 550 1661 621 negotium
1675 552 1706 605 in
1720 552 1786 607 urbe
1807 614 1810 619 ¹

96 642 195 702 Romu,
204 659 220 691 e
229 656 326 712 neque
334 638 610 696 desintcreberrima
620 636 799 710 antiquitatis
808 635 949 707 exempla.
958 636 1057 707 Neque
1068 635 1165 691 minus
1174 637 1297 691 alterum
1306 641 1390 708 caput
1398 637 1584 708 rejiciendum
1594 644 1646 708 est,
1658 655 1724 694 cum
1734 640 1787 695 hu-

92 729 145 798 jus
156 728 242 799 juris,
257 728 335 801 quud
350 746 382 784 ex
400 728 462 801 ipsa
475 729 670 800 cujuscunque
682 724 785 797 judicii
799 727 903 779 natura
916 725 1057 796 sequitur,
1071 724 1192 797 vestigia
1202 725 1265 796 jam
1286 725 1493 797 antiquissimis
1504 726 1693 799 temporibus,
1710 734 1786 784 certe

96 818 232 890 exempla
240 818 304 889 jam
317 822 381 873 ante
396 818 552 874 decretales
566 816 609 872 vei
623 814 757 871 confictas
769 814 812 870 vel
826 814 1019 886 undequaque
1033 830 1146 886 sparsas
1160 818 1320 870 occurrant.

135 964 192 1019 Leo
205 965 238 1019 lv
253 980 279 1017 a.
297 966 349 1019 856
362 964 413 1034 (57)
429 962 465 1018 de
474 962 592 1034 judiciis
604 962 802 1034 episcoporum
819 974 907 1030 agens
917 959 979 1029 jam
992 959 1054 1015 iraec
1069 964 1206 1017 statuerat
1220 979 1225 1015 :
1243 982 1257 1012 «
1271 963 1340 1018 Etsi
1354 963 1429 1017 inter
1447 978 1505 1032 eos,
1518 979 1590 1034 quos
1605 962 1784 1020 damnandos

95 1069 159 1108 esse
174 1053 309 1108 homines
322 1053 467 1121 dixerunt,
476 1053 565 1109 fuerit
577 1052 735 1123 episcopus,
747 1049 797 1121 qui
806 1064 887 1103 suam
900 1063 1015 1103 causam
1028 1049 1219 1120 inpraesentia
1233 1053 1372 1106 lfomana}
1383 1051 1457 1107 sedis
1471 1050 1597 1123 episcopi
1610 1052 1726 1123 petierit
1735 1042 1785 1109 au·

96 1141 165 1211 diri,
180 1142 278 1197 nullus
291 1158 379 1213 super
391 1141 473 1196 illum
486 1142 625 1196 finitivam
637 1143 794 1212 praesumat
807 1140 874 1194 dare
891 1140 1075 1209 sententiam,
1090 1142 1140 1197 sed
1154 1141 1271 1197 omniuo
1287 1142 1382 1197 audiri
1397 1158 1463 1197 eum
1477 1141 1669 1208 decernimus,
1680 1163 1694 1192 o
1708 1144 1784 1215 quod

97 1234 239 1285 statutum
254 1231 317 1301 jam
330 1234 398 1285 ante
414 1230 510 1285 datam
524 1231 694 1286 sententiam
711 1228 943 1301 appellationem,
958 1229 1001 1283 vel
1013 1246 1107 1285 causae
1121 1229 1332 1286 devolutionem
1347 1230 1484 1296 admittit,
1498 1230 1647 1302 ipsamque
1661 1230 1783 1287 auditio·

97 1336 176 1386 nem,
191 1321 246 1375 hoc
262 1326 304 1376 est
316 1336 462 1393 processus
480 1320 712 1375 informationem
726 1321 857 1384 ftomam,
872 1316 894 1371 si
909 1316 1030 1372 voluerit
1043 1318 1099 1388 ifle,
1117 1320 1260 1375 amandat.
1279 1321 1357 1375 idem
1371 1319 1526 1391 Gregorius
1539 1320 1572 1373 iv
1587 1336 1614 1375 a.
1630 1322 1681 1376 865
1697 1320 1727 1374 in
1740 1321 1784 1377 fa·

98 1426 197 1465 vorem
207 1410 311 1466 Aldrici
324 1411 555 1478 Cenomanensis,
567 1410 616 1482 qui
629 1426 646 1464 a
658 1407 755 1463 multis
768 1406 934 1470 vexabatur,
947 1409 1102 1462 statuerat:
1116 1409 1168 1477 (68)
1180 1431 1193 1457 a
1204 1409 1380 1478 idandamus,
1392 1408 1495 1480 inquit,
1507 1412 1538 1463 ut
1551 1408 1573 1462 si
1582 1407 1695 1479 aliquis,
1707 1410 1785 1481 quod

98 1517 156 1554 ivon
165 1504 311 1571 optamus,
321 1515 439 1554 suorum
450 1500 620 1554 amulorum
630 1497 775 1553 aldricum
784 1492 982 1553 Cenomanicoe
992 1495 1118 1549 ecclesias
1129 1496 1295 1569 episcopum
1306 1513 1439 1553 accusare
1450 1496 1653 1552 damnabiliter
1663 1501 1783 1554 attenta·

99 1592 181 1658 verit,
198 1596 230 1645 ut
240 1592 401 1646 honoretur
415 1590 444 1643 Β.
460 1588 534 1644 Petri
549 1586 743 1659 apostolorum
759 1583 895 1657 principis
911 1584 1061 1652 memoria,
1077 1584 1265 1658 Ecclesiaeque
1288 1588 1435 1655 Romanae,
1450 1587 1495 1642 cui
1514 1586 1649 1658 praesedit
1669 1586 1783 1659 privile·

99 1682 179 1751 pium
193 1685 222 1734 et
235 1679 328 1734 nostri
342 1677 467 1733 nominis
480 1677 644 1744 auctoritas,
659 1676 743 1730 liceat
756 1674 796 1729 iffi
817 1676 880 1746 post
902 1673 1081 1729 auditionem
1103 1676 1261 1748 primatum
1283 1678 1447 1746 dioeccseos,
1463 1676 1486 1731 si
1508 1693 1619 1732 necesse
1632 1677 1720 1733 fuerit
1732 1693 1784 1733 nus

98 1769 246 1840 appellare
261 1771 290 1822 et
303 1770 399 1822 nostra
411 1765 578 1821 auctoritate
589 1768 639 1819 aut
649 1767 716 1820 ante
732 1780 793 1832 nos,
805 1767 854 1818 aut
866 1770 931 1817 ante
942 1765 1051 1838 legatos
1064 1774 1162 1824 nostro
1176 1787 1208 1824 ex
1219 1771 1307 1825 latere
1322 1771 1431 1838 missus,
1439 1770 1522 1842 juxta
1536 1771 1654 1826 Patrum
1669 1771 1786 1827 decreta

100 1880 164 1916 suas
177 1877 311 1917 exercere
324 1866 410 1931 atque
425 1858 508 1913 finire
523 1855 916 1929 actiones,nu11usqueiilum
931 1859 997 1909 ante
1012 1856 1072 1910 hauc
1084 1857 1202 1928 judicet,
1216 1863 1265 1913 aut
1274 1859 1404 1930 J'udicare
1419 1861 1583 1931 prasumat.
1601 1858 1655 1914 Sed
1667 1858 1690 1912 si
1702 1857 1784 1931 quid,

99 1951 176 2023 ‹lriod
186 1951 268 2016 absit,
280 1966 366 2021 grave
378 1948 650 2018 intolerandumque
661 1946 687 2000 ei
698 1947 840 2018 objectum
851 1943 948 2012 fuerit,
960 1949 1057 1999 nostra
1071 1946 1324 2018 eritexspectanda
1334 1964 1466 2014 censura,
1480 1950 1511 2000 ut
1522 1947 1592 2002 nihil
1602 1947 1682 2018 prius
1691 1946 1727 2001 de
1738 1961 1783 2014 eo,

103 2039 154 2111 iqui
166 2040 204 2093 ad
217 2040 308 2093 sinum
320 2040 427 2093 sancta·
441 2037 571 2093 Ecclesia
586 2038 687 2091 Romae
707 2035 845 2105 confugit,
859 2034 976 2104 ejusque
992 2033 1128 2106 implorat
1141 2037 1287 2107 auxilium,
1302 2037 1483 2104 decernatur,
1499 2052 1586 2109 quam
1606 2035 1641 2089 ab
1655 2034 1783 2105 ejusdem

106 2129 239 2182 Ecclesiae
250 2126 414 2182 auctoritate
424 2127 509 2182 fuerit
522 2132 709 2199 praeceptum,
720 2140 785 2197 qum
799 2123 837 2177 sic
846 2123 920 2177 vices
931 2136 994 2176 suas
1009 2121 1070 2176 aliis
1082 2122 1240 2195 impartivit
1253 2125 1392 2195 Ecclesiis,
1404 2129 1435 2180 ut
1448 2125 1478 2180 iu
1491 2130 1601 2197 partem
1611 2124 1667 2179 sint
1676 2127 1782 2180 vocatae

102 2215 310 2282 sollicitudinis,
322 2231 382 2270 non
397 2216 425 2270 in
440 2214 647 2286 plenitudinem
663 2212 818 2286 potestatis.
837 2234 850 2259 o
865 2210 958 2278 Vides,
973 2213 1117 2282 quomodo
1137 2214 1248 2270 Aldrico
1262 2215 1399 2271 concedat
1412 2218 1452 2283 ut,
1469 2214 1491 2269 si
1505 2213 1581 2284 velit,
1596 2215 1655 2269 sola
1673 2212 1781 2270 auditio

99 2320 191 2376 penes
202 2304 342 2375 synodum
358 2308 514 2373 remaneat,
529 2304 673 2359 sententia
688 2302 739 2358 sibi
760 2305 931 2356 reservetur.

136 2451 176 2504 Ea
185 2466 290 2521 nempe
304 2452 396 2505 fuerat
411 2455 574 2521 temporum
589 2450 725 2519 conditio,
741 2454 772 2504 ut
784 2464 898 2504 necesse
912 2453 985 2503 esset
998 2464 1096 2504 causas
1110 2451 1310 2522 episcoporum
1322 2451 1416 2521 magis
1430 2457 1514 2523 atque
1530 2452 1622 2525 magis
1637 2453 1783 2508 adsedem

100 2539 288 2609 apostolicam
300 2538 417 2594 deferri.
435 2542 622 2596 Praecesserat
634 2542 790 2610 tempestas
805 2536 883 2593 rudis
897 2541 983 2608 atque
996 2537 1127 2606 barbara,
1143 2540 1173 2595 in
1185 2557 1242 2613 qua
1256 2557 1310 2613 per
1323 2541 1469 2612 octoginta
1480 2557 1571 2597 annos
1585 2542 1615 2596 in
1629 2541 1727 2597 Galliis
1736 2558 1784 2613 sy-

99 2627 168 2681 nodi
182 2627 287 2683 habitae
300 2644 357 2682 non
370 2629 492 2697 fuerant,
506 2632 536 2683 ut
550 2630 672 2683 testatur
684 2628 711 2683 S.
728 2625 887 2681 bonifacius
896 2626 960 2697 (69),
971 2629 1021 2699 qui
1034 2630 1212 2701 synodorum
1225 2630 1447 2687 celebrationem
1458 2647 1493 2686 ex
1506 2630 1649 2686 oblivione
1666 2646 1782 2687 revoca-

102 2717 149 2769 vit.
162 2716 302 2770 Restituto
314 2718 411 2771 autem
426 2717 545 2789 pristino
559 2715 668 2783 ordine,
678 2715 833 2787 sepissime
849 2716 1060 2788 metropolitani
1073 2734 1125 2773 suo
1135 2718 1201 2789 J‘ure
1210 2720 1413 2789 abutebantur,
1426 2720 1586 2791 prasertim
1596 2736 1662 2775 cum
1674 2720 1781 2775 multo·

101 2806 183 2859 tissa
197 2805 325 2861 saecuiari
339 2810 477 2878 potestate
491 2807 650 2879 penderent
665 2805 705 2860 vel
722 2804 850 2859 insontes
861 2804 937 2858 tueri
951 2821 1009 2860 nun
1025 2807 1160 2863 valerent.
1174 2808 1236 2873 Qua
1248 2809 1284 2863 de
1298 2826 1383 2864 causa
1395 2808 1560 2865 consultum
1571 2808 1632 2879 jam
1648 2825 1706 2864 uon
1722 2815 1784 2865 urat

102 2895 252 2966 episcopos
264 2895 305 2951 ita
316 2912 555 2969 quorumcunque
568 2893 686 2950 arbitrio
701 2893 825 2961 tradere,
840 2895 873 2947 ut
884 2892 980 2948 nullus
995 2897 1070 2949 essct
1082 2913 1117 2950 ax
1132 2896 1273 2968 angustiis
1287 2897 1388 2954 exitus.

136 3041 195 3095 tice
204 3041 265 3113 ipso
274 3042 360 3098 modo
370 3041 456 3097 veiim
470 3041 521 3097 tihi
536 3041 636 3108 solvas,
649 3056 714 3113 qua
724 3038 787 3095 aliis
796 3038 996 3094 difficultatem
1008 3040 1134 3112 pariunt,
1146 3042 1176 3096 in
1188 3058 1222 3097 eo
1233 3058 1338 3115 nempe
1347 3045 1395 3115 jus
1405 3060 1513 3099 novum
1523 3044 1673 3100 inductum
1682 3042 1781 3110 fuisse,

102 3132 178 3203 quod
192 3132 429 3188 Pseudoisidorus
444 3149 541 3187 causas
555 3131 754 3203 episcoporum
769 3127 853 3199 plane
868 3143 977 3196 omnes,
991 3146 1044 3184 nec
1057 3131 1150 3185 solum
1166 3131 1278 3201 dubias,
1293 3133 1330 3187 ad
1349 3150 1448 3189 causas
1462 3134 1586 3205 majores
1605 3131 1786 3205 pontificibus

103 3226 261 3276 reservatas
286 3222 433 3283 amandat.
460 3220 673 3291 sententiasque
699 3218 729 3273 in
752 3216 897 3288 ejusmodi
921 3218 1015 3273 causis
1038 3234 1055 3273 a
1079 3219 1207 3290 synodis,
1227 3220 1341 3277 nonnisi
1363 3222 1540 3279 concedente
1561 3221 1693 3294 pontifice
1714 3219 1784 3277 ferri

103 3328 183 3380 posse
200 3313 266 3381 (66).

141 3458 341 3510 t'emmtameu
351 3457 379 3510 id
396 3461 464 3511 tunc
477 3456 613 3527 temporis
627 3472 686 3510 non
700 3455 777 3510 solus
792 3454 917 3509 isidorus
929 3453 1085 3524 requisivit.
1096 3454 1229 3525 Synodus
1241 3455 1397 3512 Tricassiua
1410 3474 1460 3513 sex
1473 3455 1685 3530 provinciarum
1694 3474 1719 3512 a.
1731 3458 1783 3512 867

109 3544 212 3612 babila,
225 3546 270 3599 cui
287 3545 347 3616 ipse
364 3545 534 3600 Hincmarus
547 3543 687 3612 interfuit,
702 3561 719 3599 a
732 3543 847 3599 Nicolao
862 3543 976 3614 lpetiit,
992 3561 1028 3599 ne
1042 3544 1205 3616 episcopum
1221 3545 1326 3618 absque
1343 3546 1417 3602 sedis
1432 3548 1572 3603 lfomana
1587 3563 1726 3602 consensu
1738 3548 1786 3603 de·

103 3634 170 3703 poni
183 3637 340 3705 pateretur.
352 3635 433 3699 Quod
446 3650 514 3690 sane
527 3651 586 3691 non
601 3633 856 3705 deprimendorum
869 3631 1158 3702 metropolitanorum
1172 3634 1407 3706 synodorumque
1422 3652 1516 3705 causa,
1526 3636 1575 3693 sed
1591 3638 1626 3693 ad
1640 3636 1786 3693 declinan-

103 3725 169 3777 dain
183 3740 287 3795 regum
300 3740 511 3797 procerumque
524 3724 591 3793 nm,
611 3728 642 3780 ut
654 3722 775 3779 validius
797 3721 826 3777 in
849 3721 976 3775 Romanu
997 3723 1129 3793 pontifice
1144 3723 1311 3793 presidium
1325 3724 1476 3794 haberent,
1491 3727 1597 3782 factum
1612 3744 1672 3783 esse
1692 3727 1783 3782 mani·

102 3816 207 3868 festrrm
219 3819 273 3869 est.
285 3814 439 3886 Appellant
448 3815 566 3886 quidem
576 3814 612 3869 ad
622 3813 783 3870 Decretales
795 3829 802 3877 3
814 3811 862 3868 sed
875 3828 909 3866 ex
922 3809 990 3882 ipsis
1004 3810 1173 3865 flincmarus
1185 3812 1233 3882 qui
1243 3810 1305 3881 jam
1316 3827 1416 3866 earum
1426 3816 1624 3869 auctoritatem
1635 3816 1784 3885 rejecerat,

102 3920 195 3975 neque
208 3904 284 3959 ullus
292 3921 325 3960 ex
340 3904 401 3976 rJus
411 3904 557 3961 sodalibus
569 3903 596 3960 id
604 3903 679 3976 juris
689 3900 868 3974 suscepisset,
881 3898 939 3955 imo
950 3899 1128 3971 postulasset,
1140 3899 1162 3954 si
1173 3915 1206 3955 ex
1219 3899 1285 3954 solis
1299 3899 1487 3955 decretalibus
1498 3902 1527 3956 id
1538 3907 1678 3969 secutum,
1688 3919 1783 3975 neque

102 4009 133 4047 er
148 3998 208 4048 tota
220 4000 387 4064 temporum
402 3995 562 4050 conditione
579 3992 769 4048 necessarium
782 3992 874 4047 visum
888 3983 997 4045 fuisset.
1008 3989 1069 4043 lam
1083 3988 1162 4043 idem
1178 3987 1333 4060 Gregorius
1349 3989 1381 4042 iv
1393 3988 1423 4043 in
1439 4006 1484 4057 ea,
1499 3990 1534 4045 de
1547 4007 1604 4063 qua
1619 4008 1706 4062 supra
1716 3992 1784 4048 dixi·

102 4099 169 4136 mus
183 4081 315 4153 epistola,
332 4083 513 4155 praestiterat.
529 4084 600 4138 Nam
616 4081 742 4138 concessi
758 4080 869 4137 ildrico
886 4077 1096 4134 Cenomanensi
1115 4077 1257 4150 privilegii
1270 4077 1415 4133 rationem
1435 4079 1501 4136 inde
1516 4080 1603 4152 longa
1619 4081 1783 4137 tractatione

101 4172 229 4239 deducit,
239 4172 315 4244 quod
325 4173 448 4245 majores
458 4190 549 4228 causas
561 4189 595 4227 ex
607 4174 726 4228 Petrum
736 4171 852 4226 decreto
866 4167 1000 4224 Romanis
1010 4168 1192 4239 pontificibus
1200 4168 1257 4223 sint
1265 4169 1445 4224 reservandae
1458 4187 1464 4225 :
1476 4192 1490 4218 o
1501 4172 1685 4243 Exspectandi
1696 4175 1783 4243 atque

100 4261 269 4332 corrigendi
283 4263 377 4334 magis
390 4268 456 4318 sunt
467 4267 594 4318 rectores
604 4260 744 4329 Ecclesiae,
757 4275 844 4331 quam
855 4257 950 4313 statim
964 4257 1107 4330 etabsquc
1123 4263 1219 4314 nostro
1233 4259 1360 4313 consulto
1370 4259 1530 4330 judicandi,
1540 4277 1606 4317 cum
1614 4261 1726 4334 majora
1737 4278 1784 4315 aa

102 4354 181 4411 cotia
196 4357 226 4408 et
239 4353 413 4408 difficiliores
428 4368 579 4408 causarum
592 4351 693 4417 exitus,
704 4354 867 4404 sanctorum
880 4348 996 4403 Patrum
1011 4363 1133 4403 canones
1146 4347 1248 4418 spiritu
1265 4348 1316 4401 uei
1328 4349 1438 4404 conditi
1449 4355 1477 4405 et
1488 4350 1576 4405 totius
1592 4351 1692 4406 mnndi
1702 4366 1781 4406 reve·

102 4443 199 4496 tantia
212 4441 380 4508 consecrati,
393 4442 517 4513 J'ubeant
535 4440 587 4495 sub
609 4444 715 4495 ricrstres¹
739 4437 886 4493 sententiae
902 4436 1114 4508 exspectatione
1136 4436 1281 4508 suspendi,
1298 4440 1450 4510 nostroque
1475 4439 1676 4494 moderamine
1695 4438 1782 4493 finiri.

103 4573 158 4584 .....
173 4532 237 4585 Non
253 4547 358 4585 novum
370 4530 480 4602 aliquid
493 4529 627 4602 praesenti
638 4527 767 4600 jussione
779 4527 974 4600 praecipimus,
988 4524 1110 4592 sedilia,
1124 4540 1189 4596 qum
1201 4525 1414 4581 eiimvidentur
1428 4526 1538 4583 indulta
1551 4527 1707 4593 firmamus,
1718 4544 1783 4581 cum

103 4621 174 4674 troili
189 4619 310 4674 dubium
325 4619 370 4684 sit,
387 4619 461 4690 quod
475 4635 533 4673 non
550 4618 643 4673 solum
660 4617 830 4690 pontificalis
844 4617 978 4686 causatio,
990 4616 1041 4671 sed
1055 4613 1148 4670 omnis
1162 4618 1267 4670 sauctae
1280 4615 1425 4686 religionis
1440 4616 1548 4684 relatio,
1560 4617 1596 4671 ad
1610 4615 1707 4671 sedem
1718 4632 1785 4688 apo-

101 4710 244 4777 stoticam,
260 4709 342 4780 quasi
356 4709 391 4764 ad
406 4714 490 4779 caput
501 4706 792 4764 Ecclesiarum-debet
805 4704 917 4761 referri.
933 4726 947 4753 o
963 4705 1046 4777 Apud
1060 4705 1179 4771 Grecos,
1193 4702 1243 4775 qui
1256 4707 1332 4758 certe
1345 4703 1539 4759 Decretalibus
1553 4704 1607 4759 iilis
1619 4704 1711 4776 decipi
1727 4721 1784 4759 non

102 4802 270 4870 potuerunt,
280 4799 342 4870 jam
356 4797 455 4853 eadem
470 4797 619 4869 disciplina
634 4797 803 4863 invaluerat,
816 4799 849 4851 ut
861 4810 954 4851 causae
967 4796 1167 4866 episcoporum
1182 4793 1350 4865 patriarchis
1365 4799 1576 4849 reservarentur
1588 4796 1621 4849 ut
1633 4811 1649 4849 a
1664 4793 1784 4849 concilio

100 4886 419 4959 tiorrstantinopolitauo
436 4886 550 4942 ruenni
566 4889 618 4943 869
632 4888 769 4941 statutum
784 4883 877 4939 fuerat
890 4883 956 4954 (61).

137 5144 192 5209 1’36)
211 5141 299 5196 Anitii
320 5157 364 5212 ep.
387 5139 586 5195 saltatoris
609 5155 655 5210 ep.
674 5143 696 5193 1.
714 5156 738 5192 c.
753 5142 779 5195 3.
803 5138 874 5193 Sixti
895 5138 917 5191 fl
1006 5136 1059 5207 (61)
1079 5138 1128 5207 Ep.
1149 5139 1175 5190 2.

101 5239 148 5292 op.
172 5222 195 5276 f.
218 5220 285 5275 lulii
308 5235 353 5292 ep.
369 5222 398 5274 9.
415 5236 440 5274 c.
456 5221 482 5274 9.
497 5235 523 5274 v.
540 5221 581 5274 to.
601 5218 685 5273 Felic.
703 5218 725 5271 11
744 5234 791 5290 ep.
808 5219 831 5286 t,
845 5232 871 5271 c.
886 5218 917 5271 19
1004 5215 1058 5286 (58)
1078 5215 1129 5285 Ep.
1147 5218 1172 5269 1.

104 5302 140 5352 'in
154 5297 262 5371 quibus
274 5298 342 5354 locis
355 5295 589 5352 Pseudoisidoros
603 5312 685 5351 conc.
699 5295 831 5350 Chalced.
850 5312 873 5350 c.
887 5297 915 5349 8.
1002 5295 1056 5364 (69)
1076 5296 1126 5364 Ep.
1144 5294 1177 5348 tu
1197 5294 1232 5349 ad
1246 5295 1424 5350 Zachariam.

104 5383 134 5432 t'i
156 5377 312 5447 imitatur).
337 5376 453 5432 Fabiani
472 5392 519 5448 ep.
544 5379 570 5431 3.
597 5392 622 5431 c.
647 5378 673 5430 9.
696 5376 807 5431 Felici
829 5390 873 5446 ep.
900 5377 916 5430 2
1003 5375 1054 5443 (60)
1078 5373 1233 5428 Eleutherii
1255 5390 1300 5446 ep.
1326 5378 1351 5431 1.
1373 5392 1399 5432 c.
1422 5380 1448 5433 t.
1463 5378 1580 5434 Victoris
1605 5394 1649 5449 ep.
1677 5382 1699 5433 f.
1723 5380 1783 5435 ct

99 5458 168 5514 Sixti
182 5458 218 5514 lif
233 5473 279 5528 ep.
293 5460 309 5513 3
323 5457 398 5529 (quie
411 5455 577 5512 adverbum
592 5455 742 5527 desumpta
754 5459 820 5510 sunt
830 5470 864 5509 ex
875 5455 917 5509 ln·
966 5450 1119 5524 zephyrini
1142 5467 1188 5523 ep.
1211 5456 1236 5507 1.
1250 5454 1318 5509 Sixti
1339 5456 1373 5510 lff
1389 5474 1435 5530 ep.
1453 5460 1476 5512 1.
1490 5456 1612 5513 fdarcelii
1631 5473 1677 5528 ep.
1693 5460 1718 5511 1.
1732 5458 1783 5512 lu-

100 5542 220 5609 terprct.
233 5553 257 5591 c.
269 5539 296 5592 2.
309 5541 352 5592 f5.
362 5536 391 5592 C.
400 5535 452 5592 Th.
464 5535 499 5591 de
514 5535 607 5608 appell
617 5536 672 5604 (11.
688 5534 744 5604 86).
763 5531 915 5589 Eleutherii
966 5532 995 5586 lii
1011 5548 1057 5603 ep.
1078 5534 1100 5585 1.
1115 5546 1139 5585 c.
1155 5534 1183 5586 9.
1206 5533 1270 5587 tulii
1287 5550 1333 5605 ep.
1360 5540 1384 5591 t.
1402 5552 1521 5608 prooem.
1545 5534 1645 5591 Felicis
1658 5537 1679 5592 ll
1693 5553 1740 5610 ep.
1757 5554 1783 5596 c.

99 5637 144 5689 op.
163 5622 188 5672 1.
203 5634 228 5671 r.
244 5620 270 5671 6.
284 5616 369 5671 Eeiic.
395 5616 403 5669 l
428 5632 474 5687 ep.
501 5619 524 5671 1.
540 5631 564 5670 c.
582 5618 598 5670 8
614 5614 657 5685 (ex
677 5615 828 5684 interpret.
845 5613 914 5669 Nou.
968 5613 1010 5665 17.
1029 5611 1072 5665 18.
1087 5610 1167 5664 bam.
1183 5626 1228 5680 ep.
1247 5612 1273 5667 f.
1289 5628 1314 5667 c.
1331 5616 1356 5668 2.

100 5699 232 5754 liertiani
246 5698 268 5753 l.
283 5697 318 5752 fil
331 5697 361 5752 T.
373 5702 398 5751 7.
416 5700 438 5751 f.
1003 5690 1056 5763 (61)
1075 5692 1104 5745 t.
1119 5692 1164 5745 96.
