3870 6150
570 236 805 308 oacnarauou
826 253 1020 310 correano.
1582 254 1634 315 aea·

103 356 254 430 privilegiis
268 358 509 429 presbytororum.
780 372 872 445 Apro
887 364 930 417 his
938 363 1014 418 ferre
1022 365 1206 420 sententiam.
1218 365 1341 422 Concilio
1349 365 1530 434 arrmmssant,
1541 382 1631 424 notun

103 450 146 508 his
155 452 207 525 qui
220 468 238 507 a
252 453 338 512 Paulo
357 454 541 510 samosateno
563 455 599 510 ad
621 456 767 513 ecclesiam
818 457 934 530 quidem
947 462 1013 513 ante
1027 458 1279 530 quadragesimam
1294 461 1420 528 Paschae,
1441 465 1473 516 nt
1486 461 1564 516 omui
1578 479 1630 534 pu·

819 549 1013 607 sillanimitate
1025 552 1146 619 sublato,
1156 569 1259 609 uranus
1268 554 1407 609 mundum
1418 555 1554 610 offeratur
1564 558 1631 625 lloo,

103 638 238 696 dccmndo
252 657 337 712 genu.
818 644 976 700 secundum
990 650 1086 701 autem
1099 645 1175 700 circa
1185 649 1298 719 tempus
1312 649 1452 704 autumni.

108 733 306 791 observatione
327 736 434 790 Nicoeni
451 736 573 804 concilii,
588 738 713 793 utnulla
733 738 768 795 de
854 741 880 794 6.
910 737 1090 811 auaquicres
1117 739 1263 795 obtineant
1291 741 1339 811 qui
1371 743 1447 813 apud
1479 745 1632 816 AEgyptum

103 829 199 885 metas
211 829 319 884 oriatur
331 829 361 883 in
374 829 507 885 aeclesiis.
818 834 895 898 sunt,
911 833 939 886 et
954 831 1080 903 hyblam,
1096 834 1126 889 ct
1140 832 1316 903 Pentapolim
1332 834 1370 888 ite
1382 840 1415 891 ut
1427 837 1632 895 Alexandrinus

117 923 147 979 Si
169 923 232 994 quis
254 939 306 996 per
327 923 495 994 languorem
508 940 524 977 a
538 923 656 979 medicis
677 928 768 980 sectus
818 924 965 996 episcopus
979 925 1084 983 horum
1103 925 1232 981 omniurn
1253 926 1384 982 exhibeat
1402 929 1630 1002 sollicitudinem,

103 1056 107 1071 .
123 1016 254 1073 barbaris
275 1016 414 1071 abscissus
427 1023 479 1084 ast,
496 1017 548 1072 ists
563 1022 713 1073 remaneat
737 1017 767 1074 in
818 1019 884 1090 quia
897 1021 925 1074 et
937 1018 1015 1075 urbis
1029 1019 1126 1076 Roma
1140 1019 1272 1092 episcopo
1285 1020 1383 1077 similis
1396 1037 1459 1077 mos
1471 1028 1522 1080 est.
1545 1023 1632 1080 Simi-

103 1110 158 1183 1uis
172 1114 268 1165 autem
280 1126 365 1164 sanus
384 1127 415 1165 se
438 1110 565 1179 abscidit,
591 1111 679 1166 istum
694 1117 722 1168 et
737 1113 768 1168 in
817 1112 884 1167 liter
896 1117 992 1168 autem
1012 1117 1041 1168 et
1063 1113 1138 1168 eirea
1159 1113 1338 1169 Antiochiam
1354 1119 1383 1170 et
1396 1115 1425 1169 in
1441 1116 1549 1172 ceteris
1562 1133 1631 1190 pro·

103 1208 166 1259 tum
176 1203 317 1259 abstinere
329 1207 449 1275 oportet,
459 1208 489 1258 et
500 1204 535 1259 da
543 1207 646 1260 caetero
655 1204 768 1260 nullom
817 1205 916 1260 vinciis
928 1205 1076 1278 privilegia
1084 1205 1389 1278 propriareserventur
1402 1209 1632 1282 metropolitanis

103 1296 171 1353 bere
186 1297 357 1369 promoveri.
372 1296 450 1353 Sicut
463 1301 559 1353 autem
580 1299 633 1353 hoc
647 1300 767 1357 manite-
818 1299 957 1355 Ecclesiis.
973 1298 1096 1354 Omnino
1111 1303 1209 1355 autem
1222 1300 1404 1356 manifestum
1418 1308 1461 1357 est
1474 1302 1554 1373 illud,
1566 1304 1633 1375 quia

110 1391 178 1463 quia
191 1391 226 1446 de
240 1391 285 1446 his
299 1393 350 1463 qni
365 1391 438 1447 hanc
453 1409 514 1447 rem
528 1393 700 1464 excogitant,
715 1410 767 1449 au·
818 1393 842 1448 si
857 1393 920 1465 quis
933 1397 1039 1465 prater
1049 1393 1204 1448 concilium
1218 1394 1431 1465 metropolitani
1445 1396 1535 1453 iactus
1546 1396 1634 1454 trient

103 1484 199 1556 eipsos
211 1484 379 1539 abscindere
392 1485 499 1539 dictum
515 1485 560 1553 sit,
575 1486 614 1541 sic
628 1503 677 1541 eos
690 1487 768 1559 quia
818 1487 979 1560 episcopus,
994 1487 1072 1542 hunc
1096 1485 1249 1542 concilium
1272 1503 1411 1559 magnum
1430 1489 1558 1547 delinivit
1575 1508 1633 1547 non

111 1581 162 1633 aut
179 1578 336 1634 adominis
355 1579 466 1633 castrati
487 1584 562 1646 sunt,
584 1579 769 1635 inveniuntur
819 1581 923 1637 debera
938 1597 999 1637 esse
1020 1580 1195 1653 episcopum,
1212 1580 1236 1634 si
1257 1596 1325 1636 vero
1339 1583 1486 1639 communi
1502 1585 1634 1642 omnium

103 1686 131 1726 rs
143 1671 233 1743 digni,
249 1671 321 1726 tales
335 1670 371 1726 ad
386 1671 493 1727 clerum
506 1671 629 1749 applicat
647 1689 749 1729 canon.
819 1672 1261 1731 decretorationabilisecundum
1267 1676 1633 1735 canonemecclesiaeticnm

116 1765 209 1818 malta
231 1769 280 1818 aut
302 1763 481 1832 necessitate,
505 1769 554 1819 aut
566 1765 648 1819 aliter
666 1739 807 1836 eogaen-B
819 1767 1013 1839 comprobato,
1030 1767 1087 1823 duo
1104 1773 1153 1823 aot
1167 1771 1225 1822 tres
1237 1770 1356 1840 propter
1366 1769 1497 1840 proprias
1510 1769 1634 1828 inimici·

103 1856 206 1913 unibus
228 1858 303 1912 lacta
325 1862 393 1913 scint
415 1862 511 1913 contra
524 1875 663 1914 monem
677 1860 768 1915 eccle·
818 1860 871 1914 tias
883 1861 1115 1927 contradixerint,
1135 1861 1264 1917 obtineat
1280 1862 1423 1917 sententia
1435 1862 1633 1932 plurimorum.

103 1991 108 2016 ,
128 1954 160 2005 ut
181 1952 312 2007 homines
327 1968 362 2007 ex
379 1950 478 2024 gentili
494 1952 549 2006 rita
572 1968 665 2023 nuper
689 1968 768 2008 acce·
854 1958 881 2008 7.
894 1954 1147 2026 hierosolymitana
1170 1956 1346 2011 consuetudo
1362 1955 1478 2026 antiqua
1495 1961 1632 2026 servetur,

118 2043 215 2109 iidem,
235 2050 262 2100 et
283 2045 313 2098 in
334 2061 420 2116 parvo
443 2048 574 2116 tempore
592 2045 767 2115 catechizati,
819 2052 851 2102 ut
877 2047 943 2103 Elia
970 2046 1118 2119 episcopus
1144 2049 1303 2104 honoretur
1327 2053 1357 2103 et
1376 2048 1480 2104 habeat
1502 2049 1632 2106 ordinem

104 2137 231 2209 spiritale
242 2137 388 2193 lavacrum
401 2137 552 2206 ducantur,
567 2142 596 2193 et
606 2139 690 2193 simol
704 2156 769 2194 cum
819 2141 945 2210 honoris,
961 2141 1150 2198 salvatamen
1165 2141 1378 2212 metropolitani
1399 2142 1539 2214 dignitate
1560 2143 1634 2216 ejbs·

103 2231 207 2287 luerint
218 2235 442 2302 promoveantur
453 2230 489 2285 ad
504 2231 708 2303 episcopatum,
719 2235 769 2288 aot
818 2233 883 2290 dem
897 2234 1060 2304 provinciae.

103 2324 222 2393 tarium,
238 2323 343 2396 placuit
358 2326 509 2380 decaetero
527 2325 599 2380 nihil
622 2327 679 2381 tale
694 2326 766 2383 fleri.
854 2330 880 2383 8.
899 2327 928 2383 si
951 2327 1104 2400 aliquando
1128 2327 1259 2383 venerint
1283 2328 1317 2384 ad
1342 2327 1512 2384 catholicam
1536 2330 1634 2387 Eccle-

103 2433 211 2490 tmpore
232 2435 303 2489 opus
324 2423 367 2473 ast
391 2419 418 2473 oi
441 2418 489 2491 qui
513 2418 714 2487 catechizatur,
739 2423 769 2474 et
819 2421 891 2475 siam
910 2419 1036 2489 cathari,
1058 2419 1165 2491 placuit
1182 2421 1254 2475 sicut
1275 2424 1305 2475 et
1324 2437 1437 2492 magnas
1454 2422 1564 2494 synodo
1585 2441 1634 2480 eos

103 2528 167 2568 ama
190 2512 356 2583 approbatio
371 2512 503 2584 amplior,
524 2511 672 2567 manifesta
691 2513 768 2570 enim
818 2513 962 2569 ordinatos
977 2513 1016 2569 sic
1032 2529 1151 2569 manere
1172 2513 1203 2568 in
1223 2514 1309 2569 clero.
1334 2515 1406 2569 Ante
1429 2515 1523 2570 omnia
1537 2521 1635 2573 autem

103 2602 160 2661 »lica
171 2606 321 2676 scriptura,
333 2621 397 2677 quie
407 2605 476 2660 dicit
489 2622 496 2660 :
512 2606 573 2660 Non
585 2606 766 2677 neophitum,
818 2607 877 2663 haec
886 2605 1016 2678 profiteri
1024 2606 1099 2677 ipsos
1109 2622 1161 2678 per
1172 2606 1344 2678 scripturam
1355 2610 1468 2678 oportet
1481 2609 1557 2680 quod
1568 2626 1635 2666 con·

103 2699 310 2770 hasuperbiam
333 2698 422 2753 elatus
442 2699 472 2752 in
494 2699 636 2771 judicium
648 2699 766 2770 incidat,
817 2700 941 2756 sentiant
955 2705 983 2756 et
996 2703 1152 2772 sequantur
1172 2699 1311 2755 catholica
1333 2705 1362 2756 et
1384 2701 1538 2771 apostolica
1559 2702 1634 2776 dog-

103 2809 126 2848 n
139 2791 255 2848 diaboli.
271 2792 299 2848 Si
316 2795 422 2861 autem,
440 2791 613 2862 procedente
626 2795 766 2864 tempore,
817 2796 902 2851 mata.
918 2795 973 2850 iloc
987 2798 1029 2849 est
1038 2797 1067 2849 et
1076 2792 1198 2864 bigamis
1211 2794 1436 2863 communicare,
1450 2796 1480 2849 et
1489 2794 1534 2852 his
1543 2797 1593 2868 qui
1602 2797 1633 2852 in

103 2886 169 2941 nimi
183 2889 331 2957 paccatum
345 2885 506 2941 inveniatur
515 2886 590 2940 circa
601 2886 768 2958 hujusmodi
817 2887 1014 2959 perseeutione
1024 2886 1094 2958 lapsi
1105 2889 1181 2953 scint,
1193 2887 1267 2942 cirea
1277 2903 1349 2958 quos
1364 2892 1393 2943 et
1406 2892 1519 2960 tempus
1531 2890 1633 2946 consti·

103 2995 193 3045 anam,
209 2983 239 3034 et
251 2979 439 3035 convincatur
451 2997 469 3035 a
481 2978 593 3035 duobos
614 2984 663 3035 aut
676 2979 768 3036 tribus
816 2984 911 3036 tutum
921 2983 964 3034 est
972 2981 1002 3034 et
1014 2979 1074 3034 dies
1085 2978 1231 3047 definitus,
1241 2981 1270 3034 et
1280 2983 1437 3050 sequantur
1448 2980 1478 3037 in
1489 2981 1635 3051 omnibus,

103 3088 156 3144 pse
169 3077 258 3127 cesset
271 3089 288 3126 a
301 3073 386 3127 clero.
402 3073 430 3128 Si
454 3073 517 3144 quis
540 3077 636 3127 autam
660 3077 806 3176 praetere
819 3090 883 3145 epra
906 3073 1075 3145 placuerunt
1095 3072 1242 3127 catholicae
1267 3072 1400 3127 Ecclesiae
1422 3073 1566 3146 episcopo,
1589 3076 1634 3131 vel

103 3165 185 3238 quasi
197 3165 330 3220 adversus
343 3182 479 3237 magnum
493 3165 646 3222 concilium
657 3183 687 3221 se
699 3166 766 3222 elie·
819 3167 992 3239 presbytero,
1007 3165 1168 3238 ubicunque
1182 3169 1278 3221 autem
1294 3182 1405 3233 omues,
1419 3167 1475 3222 sire
1494 3167 1523 3225 in
1537 3169 1636 3224 castel·

116 3259 324 3331 periclitabitur
340 3258 473 3313 declaro.
818 3260 862 3328 lis,
879 3259 935 3314 sive
955 3259 984 3314 in
1000 3258 1157 3314 civitatibus
1179 3258 1232 3330 ipsi
1247 3258 1341 3330 juncti
1362 3259 1478 3327 facerint,
1500 3261 1633 3331 ordinati,

103 3352 172 3409 dixit
184 3352 349 3407 omnimodo
359 3356 490 3407 sanetum
500 3352 662 3421 concilium,
673 3369 768 3426 neque
818 3353 868 3428 qui
881 3353 1065 3409 inveniuntur
1073 3350 1102 3407 in
1115 3353 1192 3407 clero
1207 3351 1305 3408 sintin
1320 3351 1422 3413 eodem
1434 3352 1545 3422 habitu,
1555 3360 1635 3427 quot·

103 3446 769 3519 o,nequepresbyternm,nequadiaconum,ne·
817 3450 887 3518 quot
899 3448 996 3502 autem
1010 3445 1155 3500 catholica
1170 3442 1300 3501 Ecclesia
1314 3445 1499 3516 episcoporcl
1513 3445 1632 3518 presby·

103 3555 183 3596 reum
191 3540 239 3611 qui
245 3541 274 3594 in
280 3541 357 3595 clero
363 3540 522 3606 esthabere
528 3557 622 3595 secum
628 3540 769 3596 subintro-
817 3544 878 3595 tero
891 3540 1016 3594 exstante
1030 3538 1179 3607 accedunt,
1189 3536 1374 3592 manifestum
1387 3537 1514 3609 estquod
1528 3538 1635 3611 episco-

103 3633 297 3701 .alierem,nisi
308 3634 381 3688 forte
393 3637 769 3700 matremautsororem,aut
817 3649 870 3704 pus
884 3631 1009 3688 eeclesia
1018 3630 1138 3688 habebit
1147 3629 1316 3701 dignitatem
1329 3629 1526 3702 episcopioui
1536 3637 1632 3687 autem

103 3743 229 3782 senonas
239 3727 459 3798 quaeralugiunt
471 3743 571 3782 omnes
581 3726 766 3797 suspiciones.
817 3726 983 3782 nominatur
995 3725 1070 3796 apud
1086 3740 1133 3779 eos
1148 3718 1297 3794 episcopus
1311 3723 1467 3794 presbyteri
1489 3724 1630 3780 honorem

103 3837 195 3892 opum
220 3823 333 3891 oportet.
348 3820 475 3876 maxime
497 3821 611 3891 quidem
626 3819 661 3874 ab
674 3819 765 3875 omni·
817 3818 943 3885 habebit,
959 3817 1015 3872 nisi
1030 3818 1102 3872 lorte
1116 3816 1256 3887 placuerit
1271 3815 1403 3887 episcopo
1425 3816 1543 3871 honoris
1564 3833 1631 3872 eum

103 3918 149 3969 ant
167 3913 242 3968 intra
265 3914 440 3985 provinciam
464 3914 601 3984 episcopis
622 3913 765 3983 ordinari3
818 3912 933 3968 nomine
947 3911 1014 3979 frui,
1030 3911 1073 3966 sin
1083 3926 1151 3964 vero
1165 3925 1223 3964 non
1237 3908 1290 3962 hoc
1303 3908 1329 3964 ei
1342 3909 1487 3980 placuerit,
1498 3908 1631 3982 provida·

103 4007 156 4062 hoc
170 4007 285 4061 difficile
307 4008 403 4072 inerit,
417 4011 467 4061 aut
486 4012 602 4079 propter
615 4012 768 4078 urgentem
817 4006 859 4060 bit
873 4005 899 4060 ci
912 4006 1006 4060 locum
1020 4007 1070 4060 aut
1084 4019 1133 4060 cor
1155 4001 1332 4074 episcopatus
1343 4007 1393 4058 aut
1406 4002 1586 4074 presbyterii,
1600 4007 1632 4059 ut

103 4116 159 4170 em,
187 4104 236 4156 aut
262 4104 380 4171 propter
404 4100 614 4171 longitudinem
643 4100 766 4170 itineris,
817 4100 847 4154 in
859 4100 933 4154 clero
946 4098 1063 4154 omnino
1075 4113 1135 4153 esse
1149 4098 1285 4168 videatur,
1299 4099 1439 4169 quatenus
1451 4112 1509 4152 non
1521 4095 1551 4152 in
1563 4096 1630 4152 civi-

102 4195 130 4250 lo
146 4197 204 4248 tres
218 4195 246 4248 in
260 4210 351 4248 unam
367 4194 565 4248 convenientes
589 4194 768 4248 consentien-
817 4197 875 4248 late
888 4193 945 4248 diro
960 4191 1017 4247 sint
1030 4192 1164 4264 episcopi.

103 4288 197 4360 eisqui
210 4288 416 4343 absentessunt
430 4287 567 4358 episcopis
582 4291 609 4342 et
623 4288 764 4358 sponden·
853 4290 879 4343 a.
897 4287 924 4343 si
948 4285 999 4358 qui
1020 4286 1080 4340 sine
1105 4285 1316 4341 examinatione
1337 4284 1462 4356 promoti
1483 4287 1551 4338 sunt
1570 4284 1629 4356 epi·

122 4381 237 4452 scripta,
252 4385 320 4435 tnnc
345 4398 446 4436 manus
467 4381 678 4452 impositionem
690 4380 764 4436 fieri.
818 4380 895 4453 scopi
914 4383 963 4434 aut
985 4379 1152 4451 presbyteri,
1164 4380 1209 4434 rel
1225 4395 1288 4434 cum
1306 4377 1497 4433 discutiuntur
1508 4364 1632 4432 confessi

103 4475 135 4530 io
148 4479 243 4529 autem
258 4491 357 4530 eorum
373 4491 437 4546 quae
449 4474 523 4528 liunt
537 4474 632 4529 danda
645 4477 689 4530 est
700 4473 765 4528 uni·
775 4472 805 4544 Ι)
816 4477 883 4529 sunt
902 4490 966 4546 qnae
989 4472 1244 4545 peccaveruntne]
1257 4472 1281 4526 si
1292 4472 1327 4526 ab
1342 4471 1404 4526 aliis
1416 4471 1629 4537 convincantur,

103 4584 152 4624 aaa
165 4568 316 4639 provincia
331 4568 559 4638 metropolitano.
815 4570 843 4622 et
857 4567 1058 4623 confitentibus
1071 4571 1170 4622 contre
1184 4579 1323 4621 canonem
1342 4562 1475 4620 homines
1494 4563 1631 4618 commoti

103 4662 196 4733 isqui
218 4662 515 4728 excommunicantur,
540 4660 597 4714 sire
625 4661 660 4715 de
688 4661 765 4716 clero
815 4660 972 4716 manassis
988 4660 1196 4730 imposuerunt,
1220 4659 1290 4712 tales
1310 4672 1402 4711 canon
1421 4672 1477 4710 non
1503 4656 1629 4727 arscipit,

103 4755 136 4811 de
147 4755 219 4810 laico
234 4754 357 4826 agmine,
372 4755 407 4809 ab
423 4753 563 4825 episcopis
576 4753 766 4824 persingulas
815 4754 863 4808 sed
877 4753 985 4824 abjicit,
1001 4753 1054 4807 hoc
1068 4752 1147 4807 enim
1161 4751 1238 4824 quod
1251 4747 1500 4822 irreprehensibile
1514 4753 1566 4817 est,
1580 4748 1629 4804 de·

103 4872 106 4900 r
119 4848 247 4904 obtineat
261 4848 412 4914 sententia,
425 4848 508 4919 juxta
523 4862 646 4900 canones
657 4846 765 4917 eosqui
815 4847 907 4903 tendit
921 4845 1058 4901 catholica
1072 4844 1205 4901 Ecclesia.
1250 4846 1262 4866 ⁹

103 4941 262 5014 bjiciuntur,
282 4943 318 4997 ab
337 4941 397 4996 aliis
416 4957 473 4994 non
496 4939 684 5011 recipiendos.
709 4939 764 4993 Re·
853 4943 896 4996 l0.
911 4939 1078 5011 Quicunque
1088 4938 1123 4993 de
1132 4937 1219 5009 lapsis
1227 4937 1347 4992 ordinati
1358 4938 1484 5007 santper
1494 4937 1629 5007 ignoran-

103 5040 195 5091 autem
217 5051 252 5089 ne
277 5034 519 5105 pusillanimitate,
536 5035 585 5086 aut
598 5032 764 5102 pertinacia,
815 5035 886 5090 tiam
910 5037 960 5088 aut
984 5031 1239 5088 dissimulationem
1264 5029 1470 5097 ordinantium,
1494 5030 1549 5085 hoc
1570 5045 1629 5085 non

103 5129 169 5184 ¹alia
179 5127 308 5183 molestia
320 5128 446 5199 episcopi
453 5124 764 5181 sintexcommunicati.
815 5126 992 5199 prejudicat,
1008 5124 1109 5181 canoni
1121 5124 1321 5193 ecclesiastico,
1335 5123 1443 5197 cogniti
1459 5124 1567 5180 etenim
1580 5123 1628 5178 de·

103 5239 134 5279 oc
144 5221 291 5279 decentius
304 5220 465 5292 requiratur
479 5219 552 5274 bene
574 5218 690 5290 placuit,
706 5217 764 5272 sin·
814 5225 969 5291 ponuntur.

103 5332 182 5389 sper
194 5315 322 5386 singulas
335 5313 494 5386 provincias
507 5313 551 5368 bis
564 5313 594 5368 in
608 5328 684 5369 anno
697 5327 763 5366 con·
852 5317 895 5369 ll.
911 5315 950 5369 lla
965 5311 1009 5367 his
1024 5311 1074 5383 qui
1088 5310 1266 5383 prevaricati
1278 5316 1344 5367 sunt
1355 5316 1462 5384 praeter
1475 5309 1627 5366 necessita·

106 5409 240 5466 omnibus
252 5408 336 5464 simul
346 5407 483 5479 episcopis
496 5406 526 5461 in
540 5422 629 5461 anum
642 5420 764 5477 congre·
813 5410 873 5463 tem
886 5409 936 5462 aut
951 5410 1056 5478 preter
1068 5405 1241 5460 oblationem
1262 5405 1440 5473 facultatum,
1455 5406 1504 5457 aut
1525 5403 1631 5474 praeter

103 5503 173 5560 tales
195 5503 365 5575 quaestiones
387 5501 581 5572 requirantur.
597 5501 631 5554 Et
651 5500 691 5554 ita
714 5497 765 5571 qui
814 5500 984 5572 periculum,
998 5499 1042 5555 vel
1057 5499 1114 5554 tale
1128 5498 1236 5571 aliquid
1248 5497 1325 5570 quod
1343 5498 1447 5553 lactum
1461 5494 1568 5550 estsub
1583 5497 1627 5564 ty·

113 5596 289 5654 offenderint
300 5596 478 5668 episcopum,
492 5592 702 5649 rationabiliter
715 5607 763 5647 ex·
815 5593 933 5649 rannide
947 5592 1057 5659 Licinii,
1070 5591 1177 5664 placuit
1188 5595 1286 5647 sancto
1301 5590 1422 5645 concilio
1432 5587 1509 5658 (licet
1518 5585 1630 5658 indigni

103 5697 150 5754 ati
161 5695 239 5769 apud
250 5711 354 5750 omnes
376 5710 437 5749 esse
460 5695 607 5765 putentur,
632 5689 760 5762 quandin
815 5687 880 5756 sint]
896 5685 1074 5742 humanitate
1087 5689 1186 5741 umen
1197 5682 1348 5740 subvenire
1363 5682 1415 5751 eia,
1428 5684 1567 5752 quotquot
1578 5678 1630 5751 igi·

103 5807 206 5858 anana
220 5793 271 5846 aut
284 5788 418 5860 episcopo
436 5786 548 5862 placeat
566 5784 766 5843 humaniorem
815 5780 984 5839 tursincere
991 5780 1143 5854 peniteat,
1154 5773 1628 5839 tmannoeinetauaientesstm.
