3870 6150
121 222 174 279 887·
560 222 702 278 ΑΡΡΕΝΙ).
721 222 765 277 ΑΙ)
784 221 863 278 SAEC.
885 220 927 276 lx.
944 248 979 262 -
998 218 1125 277 lainam
1144 218 1359 277 MERCATORIS
1756 222 1810 277 aaa

121 328 209 385 nostri
231 326 355 402 episcopi
374 329 483 399 latoni,
506 333 644 402 utrasque
665 347 742 386 nunc
761 346 814 385 nos
832 329 938 386 referre
949 341 979 416 Α
1025 331 1058 385 Et
1072 329 1231 400 mulierem,
1251 329 1336 385 idest
1354 328 1480 399 viduam,
1504 326 1623 384 clericus
1644 345 1704 384 non
1727 328 1814 385 ducat

123 422 266 494 suggestio
281 423 395 491 indicat,
411 424 461 479 has
470 424 586 479 recitari
600 424 712 480 donate.
723 424 851 496 Episcopi
865 424 940 479 dixe-
992 440 1118 479 uxorem.

122 520 206 573 runt:
227 516 392 572 Recitenlur
408 517 536 589 epistolae
552 518 721 573 uenerabilis
737 519 885 574 memoriae
898 517 939 574 Si·
1027 519 1062 573 Ut
1076 517 1161 590 isqui
1181 517 1268 572 laicus
1287 517 1401 573 viduam
1421 516 1545 586 duxerit,
1567 532 1627 573 non
1642 515 1814 573 admittatur

121 610 191 676 ricii,
214 615 246 666 ut
264 610 426 666 noverimus
452 611 519 683 quid
547 628 645 667 earum
672 615 767 668 textus
786 611 940 668 contineat.
991 612 1158 667 adalanum.

121 705 248 777 Cumque
263 704 588 774 traderentur,Pi·iratus
601 706 943 762 notariusdixitzExem·
1027 708 1061 761 Ut
1083 706 1117 761 de
1150 705 1243 761 aliena
1263 705 1381 761 ecclesia
1401 706 1534 762 ordinare
1556 706 1696 762 clericum
1722 706 1814 761 nullus

121 798 201 872 plum
214 799 352 855 uectoria
366 799 490 872 episcopi
505 800 582 855 urhis
600 801 709 880 Itomae.
993 805 1120 871 usurpet,
1148 803 1178 855 ut
1202 799 1344 872 abjectum
1373 800 1507 858 clericum
1535 800 1591 857 alia
1613 801 1736 858 ecclesia
1756 818 1813 857 non

327 897 402 957 Item,
416 886 736 966 epistolastitcii'pupae.
993 893 1136 949 admittat.

160 988 353 1043 Dilectissimis
368 987 502 1043 fratribus
517 992 545 1044 et
564 989 740 1062 coepiscopis
754 1004 806 1062 per
818 988 943 1045 Africam
1029 989 1064 1042 Ut
1085 984 1232 1043 venientes
1251 1004 1268 1042 a
1288 987 1450 1044 Noratianis
1477 990 1522 1044 iel
1545 988 1743 1045 Montensibus
1766 1005 1813 1062 per

124 1083 248 1140 Sinicius.
993 1098 1097 1137 manus
1115 1080 1331 1155 impositionem
1343 1081 1545 1156 suscipiantur,
1565 1087 1674 1155 praeter
1687 1100 1811 1156 eosquos

161 1177 278 1231 Diversa
299 1177 428 1248 quamvis
451 1192 515 1231 curn
535 1178 565 1231 in
586 1192 673 1232 unuin
703 1174 820 1248 plurimi
843 1177 943 1232 fratres
993 1176 1179 1248 rebaptizant.

124 1270 355 1326 convenissemus
374 1271 411 1326 ad
433 1271 523 1325 sancti
551 1270 673 1341 apostoli
697 1269 773 1325 Petri
798 1269 942 1341 reliquias,
1030 1271 1171 1326 Praeterea
1186 1271 1263 1343 quod
1277 1270 1398 1343 dignum
1415 1275 1445 1327 et
1460 1271 1598 1344 pudicum
1613 1274 1643 1327 et
1662 1273 1809 1328 honesturn

126 1381 288 1437 perquem
314 1365 489 1436 apostolatus
518 1371 547 1420 et
578 1364 755 1435 episcopatus
779 1363 808 1418 in
834 1363 946 1420 Christo
995 1369 1038 1419 est
1055 1363 1218 1431 suademus,
1239 1364 1669 1433 utsacerdotesetleiitaecum
1686 1367 1807 1421 uxoribus

127 1460 203 1530 cepit
223 1458 384 1526 exordium,
410 1459 603 1532 placueritque
627 1461 745 1530 propter
766 1463 945 1530 emergentes
995 1458 1054 1512 suis
1068 1474 1128 1512 non
1143 1464 1251 1527 coeant,
1273 1458 1342 1530 quia
1354 1459 1384 1514 in
1399 1459 1557 1515 ministerio
1581 1459 1710 1515 ministri
1723 1460 1805 1531 quoli-

126 1553 265 1624 plurimas
278 1568 376 1608 causas
388 1568 452 1624 quae
466 1553 497 1607 in
510 1551 660 1624 aliquantis
676 1567 734 1607 non
747 1557 828 1607 erant
842 1568 944 1622 causas,
997 1551 1088 1605 diariis
1096 1551 1311 1608 necessitatibus
1321 1556 1504 1625 occupantur.
1513 1553 1555 1609 Ad
1568 1552 1732 1609 Corinthios
1740 1570 1806 1609 nani·

128 1647 175 1702 sed
190 1647 319 1714 crimina,
336 1652 365 1701 ul
381 1647 415 1701 de
430 1651 532 1701 caetero
544 1645 700 1701 sollicitudo
709 1648 782 1701 esset
791 1644 946 1718 unicuique
998 1661 1052 1716 que
1081 1644 1183 1700 Paulus
1210 1645 1306 1701 scribit
1323 1646 1437 1701 dicens:
1463 1667 1477 1696 α
1489 1647 1637 1703 Abstinete
1657 1651 1692 1702 ut
1713 1648 1804 1703 vacetis

130 1742 158 1796 in
173 1739 293 1795 Ecclesia
305 1757 404 1795 curam
423 1739 589 1811 hujusmodi
605 1739 721 1806 habere,
735 1739 819 1794 sicuti
838 1715 985 1812 aposto-B
998 1738 1119 1794 orationi
1133 1738 1154 1810 ll
1167 1739 1227 1795 Cor.
1247 1756 1296 1810 vn,
1317 1741 1353 1810 5).
1370 1762 1384 1790 ιι
1408 1740 1434 1797 Si
1452 1756 1521 1812 ergo
1544 1740 1622 1795 laicis
1647 1740 1804 1796 abstinentia

130 1836 173 1888 lus
187 1833 323 1905 predicat
340 1834 457 1888 Paulus:
483 1834 605 1888 «Talem
621 1834 679 1889 Deo
701 1832 852 1889 Ecclesiam
870 1833 948 1889 erhi—
998 1828 1155 1904 imperatur
1177 1836 1211 1888 ut
1230 1833 1339 1905 possint
1371 1833 1557 1905 deprecantes
1581 1833 1686 1903 audiri,
1711 1839 1801 1907 quanto

130 1927 253 1982 bendum
270 1944 329 1983 nou
348 1928 500 1982 habentem
524 1927 663 1982 maculam
678 1931 727 1982 aut
748 1943 849 1999 rugam
869 1927 948 1998 (pr.
998 1926 1090 1997 magis
1104 1927 1234 1983 sacerdos
1249 1927 1348 2000 utique
1362 1927 1440 1983 omni
1454 1931 1603 1984 momento
1622 1931 1740 2000 paratus
1753 1945 1801 1984 esse

130 2037 156 2088 v,
181 2020 234 2093 27).
250 2040 265 2072 ιι
294 2021 333 2077 Ne
357 2038 408 2093 per
428 2021 547 2092 alicujus
569 2020 709 2076 morbidae
731 2020 862 2077 afflatum
890 2021 950 2076 oris
1000 2019 1802 2095 debetmunditiaepuritate169sccarus,neautsaeri·

131 2114 300 2170 conscientia
314 2119 411 2170 nostra
425 2114 614 2170 contaminata
629 2114 783 2184 videretur,
800 2131 857 2186 qua
871 2114 949 2170 dere
1000 2115 1096 2169 licium
1114 2114 1225 2179 offerat,
1241 2119 1291 2169 aiit
1305 2115 1450 2188 baptizare
1457 2116 1599 2186 cogatur?
1616 2117 1669 2187 qui
1684 2116 1800 2172 siconia·

131 2208 249 2263 meliore
263 2207 416 2263 consilioid
431 2208 512 2275 sedit,
525 2211 645 2280 propter
657 2224 705 2263 eos
719 2209 846 2263 maxime
857 2208 907 2280 qui
921 2208 950 2263 in
1000 2207 1124 2264 minatus
1150 2211 1191 2263 est
1212 2208 1320 2263 carnali
1350 2208 1590 2281 concupiscentia,
1614 2210 1685 2282 quid
1707 2209 1800 2266 faciat

133 2302 265 2374 piraesenti
288 2303 446 2357 valetudine
460 2302 587 2373 eorporis
600 2306 649 2356 aut
667 2302 746 2357 lesse
761 2302 852 2358 etatis
867 2318 951 2357 causa
1001 2301 1168 2357 excusabit?
1181 2318 1238 2374 quo
1252 2301 1371 2372 pudore,
1391 2319 1448 2374 qua
1463 2307 1560 2359 mente
1576 2303 1742 2377 usurpabit?
1758 2319 1801 2374 qun

135 2395 230 2452 adesse
244 2395 361 2451 minime.
380 2399 544 2467 potuerunt.
560 2397 620 2460 Quo
635 2400 770 2468 perpetua
792 2396 952 2452 istiusmodi
1001 2395 1181 2464 conscientia,
1195 2411 1251 2468 quo
1266 2396 1369 2451 merito
1383 2395 1430 2450 hie
1443 2396 1572 2452 exaudiri
1585 2413 1614 2453 se
1629 2397 1738 2452 credit?
1750 2412 1801 2451 cuni

134 2491 226 2545 forma
239 2496 376 2558 servetur,
390 2491 496 2545 litteras
515 2489 587 2545 tales
599 2489 666 2546 darc
685 2489 799 2560 placuit,
813 2507 872 2546 non
887 2507 952 2562 quse
1001 2489 1110 2544 dictum
1126 2489 1180 2544 sit:
1206 2511 1220 2539 (ι
1237 2488 1342 2544 Omnia
1356 2489 1466 2545 munda
1486 2490 1613 2560 mundis,
1632 2489 1801 2562 coinquinatis

134 2601 206 2640 nora
227 2587 367 2657 praecepta
391 2585 488 2656 aliqua
513 2584 668 2655 imperent,
694 2584 743 2639 sed
766 2600 800 2639 ea
817 2600 881 2656 quae
902 2600 953 2657 per
1002 2589 1098 2640 autem
1122 2586 1150 2639 et
1170 2583 1331 2639 infidelibus
1352 2583 1423 2639 niliil
1446 2585 1586 2640 mundum
1603 2585 1667 2651 (rit.
1686 2601 1705 2654 i,
1727 2583 1800 2653 til.»

135 2679 280 2748 ignaviam
294 2678 488 2750 desidiamque
503 2677 665 2748 aliquorum
680 2678 810 2747 neglecta
822 2683 888 2733 sunt
900 2678 951 2733 ob·
1003 2677 1064 2742 Qua
1080 2676 1158 2733 dere
1173 2678 1284 2748 hortor,
1300 2693 1413 2745 moneo,
1429 2694 1508 2750 rogo,
1525 2678 1642 2733 tollatur
1654 2679 1707 2734 hoc
1716 2693 1800 2749 oppio

135 2773 241 2828 servari
260 2773 416 2844 cupiamus,
431 2789 495 2843 quai
512 2775 609 2826 tamen
624 2771 777 2842 apostoliea
792 2777 820 2827 et
833 2774 951 2827 Petrum
1002 2771 1097 2826 brium
1116 2772 1192 2843 quod
1216 2774 1307 2843 potest
1321 2773 1388 2842 jure
1403 2771 1489 2826 etiam
1510 2772 1657 2842 gentilitas
1679 2787 1800 2837 acanum,

136 2866 336 2921 constitutione
348 2871 414 2920 sunt
428 2865 590 2920 constituta.
606 2863 748 2936 Scriptum
763 2867 824 2920 est:
840 2888 852 2913 ιι
866 2866 952 2935 State,
1003 2866 1077 2920 forta
1091 2865 1216 2921 creditur
1227 2866 1293 2938 quia
1310 2865 1447 2937 scriptum
1461 2869 1522 2920 est:
1540 2888 1555 2916 ιι
1567 2865 1658 2921 Unius
1671 2865 1760 2921 uxoris
1770 2863 1801 2917 ri·
1836 2916 1838 2921 .

137 2967 165 3014 et
178 2964 272 3015 tenete
288 2958 453 3014 traditiones
467 2962 586 3028 nostras,
601 2957 659 3012 sive
680 2958 874 3029 perverbum,
896 2960 954 3016 sire
1004 2976 1068 3014 rum
1093 2960 1116 3025 (l
1131 2962 1199 3014 Tim.
1222 2976 1263 3027 iii,
1280 2958 1308 3031 2)
1328 2980 1342 3008 ιι
1359 2975 1418 3015 ιιοιι
1435 2965 1654 3031 permanentem
1673 2960 1701 3014 in
1716 2974 1800 3014 concu-
1836 2960 1838 2989 ⁵

137 3069 190 3125 per
200 3051 348 3125 epistolam
362 3051 386 3121 (l
403 3053 492 3108 Tliess.
509 3068 538 3118 ii,
555 3052 608 3122 ll).
623 3073 636 3101 ιι
1005 3053 1143 3124 piscantia
1156 3053 1312 3125 generandi
1327 3052 1407 3121 dixit,
1422 3052 1472 3108 sed
1488 3056 1609 3126 propter
1621 3053 1800 3109 continentiam

174 3147 245 3204 lllud
266 3151 343 3202 certe
368 3150 492 3200 vestram
513 3145 599 3201 debet
620 3148 759 3215 mentem,
778 3146 956 3202 dilectissimi
1005 3147 1132 3202 futuram
1144 3147 1194 3219 qui
1210 3146 1259 3217 ait,
1278 3163 1374 3218 neque
1389 3146 1467 3202 enirn
1481 3146 1612 3219 integros
1627 3164 1685 3203 non
1698 3145 1798 3209 admisit,

139 3239 452 3305 l1·atres,rehementius
466 3244 643 3308 excuterent
652 3239 687 3294 ab
698 3240 776 3295 ouini
788 3239 852 3296 labe
862 3240 956 3297 saeculi
1007 3241 1107 3296 sellem
1133 3256 1233 3295 ornnes
1267 3240 1398 3296 homines
1432 3241 1471 3296 sic
1504 3258 1564 3296 esse
1597 3241 1682 3297 sicuti
1710 3245 1736 3296 et
1760 3255 1797 3309 ago

139 3335 218 3391 istius
231 3335 375 3390 immunes
383 3334 418 3389 ad
433 3334 482 3388 llei
497 3338 679 3404 conspectum
693 3333 785 3389 securi
798 3335 955 3404 veniamus,
1007 3334 1029 3407 (l
1049 3334 1108 3391 Cor.
1126 3351 1176 3402 in,
1196 3336 1233 3405 7).
1258 3336 1292 3390 Et
1313 3334 1439 3407 apertius
1458 3335 1583 3391 declarat
1602 3335 1714 3391 dicens:
1735 3332 1796 3397 «dri

139 3447 190 3485 noc
199 3429 276 3485 enim
290 3428 395 3484 erimus
408 3427 632 3499 iminunes,quia
644 3444 804 3500 praesumus
814 3428 956 3500 plebibus,
1008 3434 1106 3484 autem
1120 3429 1248 3484 incarne
1263 3432 1339 3497 sunt,
1354 3429 1411 3485 [leo
1424 3431 1538 3502 placere
1554 3446 1612 3485 non
1626 3433 1749 3502 possunt.
1759 3428 1795 3480 l'os

140 3541 205 3578 euin
223 3523 361 3595 scriptum
380 3523 436 3578 sit:
455 3523 534 3577 «Cui
560 3522 682 3577 multum
701 3522 839 3577 creditum
861 3522 956 3591 fuerit,
1008 3527 1104 3579 alitem
1116 3522 1176 3594 jam
1192 3539 1249 3578 non
1265 3523 1330 3578 estis
1345 3523 1375 3578 in
1391 3540 1485 3595 carne,
1500 3523 1549 3579 sed
1570 3525 1601 3578 in
1619 3524 1717 3596 spiritu
1734 3525 1792 3589 (flou.

140 3619 204 3689 plus
217 3617 361 3673 mendam
376 3615 539 3689 requiretur
552 3617 625 3673 (buc.
640 3632 689 3684 ru,
704 3617 758 3684 48).
775 3635 788 3667 ι
803 3618 877 3688 Ergo
892 3633 958 3688 quo
1009 3634 1068 3684 rui,
1083 3620 1110 3685 8,
1124 3619 1161 3686 9).
1177 3638 1192 3666 ιι

141 3713 217 3767 niam
231 3729 289 3767 non
303 3728 355 3784 pio
369 3711 451 3765 nobis
466 3713 590 3777 tantum,
602 3710 651 3765 sed
667 3726 720 3781 pro
737 3711 840 3782 populo
853 3711 959 3766 credito
1044 3713 1108 3766 llaec
1121 3711 1229 3782 itaque,
1243 3711 1356 3781 fmtres,
1373 3711 1396 3765 si
1412 3711 1497 3784 plena
1509 3711 1662 3784 rigitantia
1675 3705 1791 3767 iuen'ntd

141 3806 272 3878 cogimur
286 3808 422 3878 prestare
438 3803 590 3872 rationem,
611 3803 751 3874 populum
779 3803 960 3876 disciplinam
1009 3805 1141 3861 omnibus
1155 3805 1313 3873 observata,
1328 3806 1448 3861 cessabit
1462 3805 1591 3874 ambitio,
1606 3806 1736 3862 dissensio
1746 3816 1790 3858 eoi·

142 3901 283 3968 deificam,
305 3899 445 3956 humilem
476 3897 589 3953 erudire
609 3897 757 3953 debemus.
787 3898 960 3954 Exstiterunt
1010 3899 1144 3971 quiescet,
1179 3899 1300 3955 hereses
1339 3904 1367 3954 et
1402 3899 1553 3954 schismata
1592 3917 1652 3956 non
1680 3893 1791 3968 emergant

142 3997 218 4050 euim
233 3993 374 4063 nonnulli,
388 3993 438 4065 qui
454 3997 560 4047 statuta
574 3992 716 4063 majorum
733 3995 959 4061 contemnentes,
1010 3995 1104 4048 locum
1119 4010 1177 4049 non
1190 3993 1309 4065 accipiet
1322 3993 1448 4048 diabolus
1461 3993 1608 4061 saeviendi,
1619 3992 1739 4049 manebit
1750 4001 1790 4042 uua

142 4089 302 4144 rustitatem
315 4087 446 4142 Ecclesiae
459 4085 679 4158 praesumptione
691 4085 846 4154 violarunt,
862 4084 959 4140 volun·
1010 4087 1135 4156 nimitas,
1167 4086 1301 4158 iniquitas
1332 4089 1461 4159 separata
1498 4086 1664 4142 calcabitur.
1698 4081 1790 4142 Cbsritd

141 4187 230 4237 tutem
244 4181 342 4252 populi
355 4184 516 4252 sequentes,
534 4179 581 4233 llei
590 4178 732 4249 judicium
745 4195 802 4234 nou
815 4180 959 4235 timentes.
1011 4181 1130 4253 spiritali
1142 4181 1252 4236 fervore
1269 4180 1412 4253 llagrabit,
1429 4197 1486 4253 pax
1500 4180 1655 4253 praedicata
1667 4178 1740 4237 labiis
1750 4185 1790 4230 cum

179 4277 300 4347 Ergone
314 4274 376 4345 pari
389 4289 469 4328 more
479 4272 591 4328 silentio
604 4272 765 4341 connivere,
780 4278 864 4345 atque
879 4273 959 4329 adhi-
1010 4276 1156 4331 roluntate
1171 4275 1361 4331 concordabit.
1378 4276 1435 4330 Pax
1449 4275 1550 4347 utique
1565 4275 1616 4330 Dei
1629 4274 1715 4330 nostri
1727 4269 1789 4328 Sala·

145 4371 211 4425 liere
226 4384 395 4424 consensum
415 4366 519 4421 talibus
537 4365 697 4435 videamur,
721 4365 798 4422 unde
822 4367 961 4439 gehenna.
1012 4369 1081 4424 toris
1096 4385 1183 4441 quani
1196 4370 1342 4441 proximus
1356 4368 1479 4441 passioni
1495 4369 1666 4425 servandam
1679 4375 1790 4437 esseut&¹

144 4462 390 4537 poenaspossimus
401 4460 557 4529 incurrere,
566 4460 679 4516 dicente
691 4460 808 4515 Domino
818 4478 825 4516 ι
836 4481 850 4513 «
860 4462 961 4518 Furem
971 4462 1001 4537 Ι)
1013 4463 1098 4536 repit,
1113 4466 1142 4517 el
1151 4463 1360 4519 hereditariam
1371 4463 1452 4518 nobis
1461 4463 1526 4534 jure
1537 4462 1698 4535 dereliquit,
1712 4460 1790 4516 deas:

142 4559 267 4626 ridebas,
281 4562 310 4613 et
324 4557 458 4613 currebas
471 4572 537 4610 aum
552 4572 598 4621 eo,
620 4558 649 4610 et
666 4571 732 4610 euni
751 4555 884 4611 adulteris
899 4573 962 4628 por·
1013 4580 1026 4605 «
1042 4559 1144 4613 Pacem
1161 4556 1197 4612 do
1211 4558 1300 4627 vobis,
1316 4573 1415 4628 pacem
1433 4556 1563 4629 relinquo
1576 4557 1655 4612 vobis
1671 4558 1746 4627 lJoaa.
1756 4560 1790 4611 iu,

144 4656 250 4708 lioneni
268 4655 345 4707 tuam
368 4650 494 4724 ponebas
519 4649 601 4720 (Psoi.
618 4666 689 4717 xiix,
712 4647 765 4721 la).
780 4668 793 4700 ιι
814 4650 879 4705 Haec
895 4652 963 4705 sunt
1011 4651 1066 4721 il),
1083 4671 1096 4699 ιι
1107 4656 1136 4705 et
1149 4650 1256 4705 dictum
1264 4651 1404 4722 Apostoli:
1418 4651 1693 4708 «Unanimesunum
1705 4644 1792 4706 eiua

145 4765 208 4819 quai
220 4747 353 4818 deinceps
367 4744 471 4801 intuitu
484 4743 572 4798 divini
581 4743 683 4814 judicii
695 4759 797 4798 omnes
810 4743 962 4800 catholicos
1011 4751 1053 4799 tes
1069 4760 1287 4816 permaneamus
1301 4745 1331 4799 in
1341 4744 1460 4812 Christo,
1471 4744 1544 4800 nihil
1555 4762 1610 4817 per
1619 4742 1791 4801 contentionem

144 4840 293 4913 episcopos
309 4839 423 4911 expedit
434 4838 587 4894 custodire.
1013 4838 1103 4906 uobis,
1127 4855 1220 4911 neque
1233 4856 1286 4913 per
1300 4840 1418 4894 inanem
1440 4838 1559 4911 gloriam
1575 4839 1750 4901 vindicantes,
1759 4840 1793 4884 ¹1⁶⁰

179 4935 317 5004 Primum,
332 4939 364 4989 ut
381 4938 460 4989 extra
477 4930 680 4987 conscientiam
699 4931 772 4986 sedis
787 4931 961 5004 apostoliea,
1013 4932 1187 5001 horninibus,
1213 4933 1263 4988 sed
1288 4934 1345 4987 ileo
1375 4935 1472 4988 nostro
1502 4932 1642 4988 Salvatori
1668 4932 1792 5006 pneuma

144 5032 198 5085 lioe
213 5034 255 5084 est
268 5027 411 5100 primatis,
434 5042 519 5081 nenio
541 5024 645 5081 audeat
656 5025 801 5081 ordinare.
818 5027 962 5098 integrum
1013 5028 1095 5097 (ΡΜ).
1113 5042 1142 5093 ιι,
1162 5030 1188 5095 2,
1201 5026 1237 5098 3).
1256 5049 1269 5076 ιι
1294 5027 1340 5082 llis
1354 5025 1505 5098 preceptis
1524 5026 1659 5082 omnibus
1671 5026 1693 5081 si
1706 5017 1794 5079 fideliler

145 5124 223 5179 euim
234 5121 375 5194 judicium
387 5124 439 5188 est,
457 5119 533 5192 quod
546 5119 736 5191 plurimorum
748 5119 888 5175 sententia
898 5135 963 5175 con·
1013 5121 1184 5176 uoluerimus
1209 5120 1335 5188 obedire,
1369 5120 1508 5176 custodiet
1541 5120 1680 5176 Dominus
1709 5121 1794 5186 corptll

145 5216 322 5291 sequitur,ne
336 5214 563 5286 unusepiscopus
575 5213 740 5286 episcopum
748 5213 879 5269 ordinare
889 5229 961 5285 prae·
1014 5220 1112 5270 nostra
1132 5217 1160 5268 et
1172 5213 1281 5268 animas
1298 5217 1408 5268 nostras
1429 5213 1589 5286 indiaque
1613 5202 1795 5270 recurrisset

145 5318 247 5382 sumat,
262 5307 637 5385 propterarrogautiam,ne
650 5307 962 5363 furtivumbenelicium
1013 5308 1168 5379 unicuique
1189 5308 1272 5377 juxta
1291 5324 1378 5380 opera
1399 5324 1461 5362 sua.
1480 5308 1507 5364 Si
1532 5308 1596 5380 quis
1624 5325 1690 5364 sane
1715 5301 1795 5361 inflatu

144 5408 305 5480 praestitum
327 5404 467 5461 videatur.
489 5404 546 5458 Hoc
571 5401 648 5458 enim
676 5400 829 5475 insynodo
851 5401 964 5456 Nicoena
1013 5406 1109 5457 mente
1133 5400 1227 5456 carnis
1242 5418 1300 5457 suae
1314 5402 1348 5456 ab
1364 5401 1418 5456 hac
1436 5401 1548 5456 ratione
1570 5401 1691 5457 voluerit
1704 5385 1796 5467 eragffl·

145 5504 256 5557 «winstat
268 5515 328 5556 esse
340 5497 500 5555 definitum.
1014 5496 1083 5551 sciat
1102 5512 1131 5550 se
1145 5500 1173 5551 et
1195 5499 1320 5551 anostra
1340 5495 1544 5551 communione
1564 5497 1717 5563 seclusum,
1734 5494 1797 5555 clicm

181 5597 262 5664 item,
283 5594 307 5651 si
320 5592 384 5667 quis
404 5595 467 5665 post
479 5588 674 5646 remissionem
696 5594 879 5661 peccatorum
903 5587 962 5645 cin·
1014 5590 1117 5644 hennae
1142 5606 1238 5662 poeqas
1264 5589 1443 5646 habiturum.
1471 5590 1612 5645 Praeterea
1638 5574 1800 5645 misericordi²

147 5689 246 5758 gulam
256 5687 366 5745 militiae
380 5685 522 5744 secularis
535 5681 717 5756 habueritne
730 5682 838 5742 clerum
851 5682 964 5741 admitti
1014 5701 1079 5739 cum
1089 5684 1198 5755 judicio
1211 5700 1270 5739 esse
1284 5683 1379 5753 debet,
1394 5681 1499 5738 talibus
1513 5682 1591 5739 enim
1605 5687 1718 5757 oportet
1731 5677 1801 5734 labet·

138 5791 204 5836 'uon
218 5781 313 5839 debet.
1014 5777 1090 5836 tibus
1114 5794 1233 5836 manuni
1257 5777 1416 5855 porrigere,
1440 5776 1489 5852 qui
1516 5776 1557 5835 sic
1582 5779 1742 5835 amrentsm
1764 5776 1804 5826 ¹1⁰¹l
