3870 6150
54 262 57 266 ⁸
139 302 190 361 eor
578 298 719 357 manno.
741 301 785 356 ιιι
802 295 884 357 sac.
906 300 948 355 n.
964 327 1000 340 -
1019 294 1143 356 tsrnom
1162 294 1375 354 unncxrorus
1776 297 1827 351 cos

174 410 282 467 Sanctis
303 415 332 464 et
354 411 409 465 beo
436 408 546 481 placitis
566 410 726 466 clementias
747 413 848 464 vestroe
862 409 961 465 studiis
971 412 1071 496 Alata
1092 409 1197 464 calcata
1213 407 1342 462 alienum
1353 407 1402 478 jus
1425 405 1494 462 aella
1507 404 1678 478 praeripere,
1697 406 1782 474 atque
1799 411 1830 465 nt

139 505 285 560 defensam
296 507 395 559 contra
405 503 552 559 haereticos
567 504 740 559 catholicam
753 504 851 573 tidem,
861 509 888 559 et
902 503 961 558 uni·
1013 503 1096 558 nnius
1115 508 1223 558 crescat
1242 500 1369 573 dignitas
1394 504 1438 556 tot
1462 499 1754 571 metropolitanorum
1776 498 1827 551 im·

138 614 224 653 versia
248 596 380 652 Ecclesiae
401 597 540 653 redditam
567 614 668 668 pacem
687 596 870 652 ineffabiliter
895 613 961 651 cum
1011 613 1140 669 pugnare
1163 595 1315 668 primatus,
1338 594 1499 667 quietisque
1520 591 1686 667 provinciis,
1711 597 1742 644 ct
1765 591 1828 645 olim

137 696 232 746 vestra
243 691 349 762 pietate
363 691 532 769 gaudemus,
551 691 658 763 gratias
673 697 791 763 agentes
804 691 961 745 misericor·
1011 693 1117 746 sanctor
1124 689 1224 762 synodi
1232 689 1354 744 Nicaenaa
1367 688 1560 743 moderatione
1569 684 1717 758 dispositis
1725 683 1826 740 bellum

138 785 191 840 dim
207 783 412 856 omnipotentis
433 785 492 852 Dei,
512 785 597 857 quod,
613 786 735 857 exceptis
750 785 794 839 his
806 785 855 857 qui
870 784 962 855 magis
1011 801 1091 839 novae
1108 783 1329 855 perturbationis
1343 782 1461 851 inferre,
1479 787 1565 851 atque
1580 783 1611 833 ut
1625 777 1827 833 venerabilium

137 879 299 934 dilexerunt
322 878 456 934 tenebras
469 895 558 950 quam
575 880 680 946 lucent,
700 879 846 934 neminem
862 894 961 949 passus
1011 879 1127 932 Patrum
1140 878 1255 933 decreta
1268 877 1413 930 solvantur
1425 874 1616 947 quorumdam
1630 871 1825 944 episcopomm

138 976 181 1028 est
195 973 357 1044 evangelica
369 972 486 1027 veritate
503 972 641 1040 fraudari,
659 976 700 1043 ut,
718 973 846 1027 abstersa
857 971 961 1027 erroris
1011 973 1138 1043 prolerre
1152 987 1332 1038 consensum,
1345 969 1392 1024 cui
1405 975 1446 1025 tot
1458 985 1602 1024 annorum
1613 966 1706 1021 series
1721 966 1825 1036 negavit

139 1067 270 1139 caligine,
290 1067 320 1121 in
344 1067 475 1121 omnium
499 1066 631 1122 cordibus
655 1066 840 1138 purissimum
863 1067 960 1121 lumen
1011 1066 1153 1122 effectum.
1178 1066 1250 1119 Nam
1272 1063 1462 1136 sexagesimus
1486 1064 1665 1117 fercannus
1688 1060 1775 1131 hiajus
1788 1060 1824 1130 ja·

139 1162 273 1230 oriretur,
294 1177 346 1216 nee
361 1161 396 1216 de
409 1160 532 1215 infirmis
551 1161 745 1232 quorumdam
766 1161 869 1215 animis
884 1167 959 1216 tene
1011 1160 1125 1216 ctantiae
1146 1176 1207 1215 esse
1226 1159 1359 1230 jactatur,
1376 1175 1432 1230 qua
1454 1175 1483 1213 se
1507 1155 1665 1229 praedictus
1685 1154 1825 1226 episcopus

137 1255 238 1309 brosus
261 1254 308 1309 ille
332 1254 488 1309 exsultaret
507 1254 649 1324 inimicus,
673 1271 760 1326 quem
788 1271 846 1309 non
869 1254 961 1309 solum
1011 1255 1132 1309 aestimat
1150 1254 1289 1325 adjuvari,
1309 1253 1414 1308 frustra
1426 1251 1542 1323 cupiens
1564 1250 1594 1305 id
1613 1249 1670 1304 sibi
1689 1248 1824 1320 prodesse,

139 1349 168 1403 hi
182 1349 231 1420 qui
250 1348 333 1402 illaesi
351 1351 498 1416 steterant,
515 1347 564 1403 sed
584 1349 671 1403 etiam
686 1364 759 1419 quos
779 1349 887 1403 fecerat
906 1365 958 1401 nu·
1012 1348 1190 1421 quodetiam
1212 1348 1235 1403 si
1248 1348 1400 1420 quisquam
1421 1362 1505 1401 ausus
1519 1348 1561 1400 est
1576 1345 1660 1411 velle,
1679 1343 1776 1397 nullus
1790 1346 1825 1395 ta·

139 1446 211 1512 tare,
234 1446 450 1514 superaverunt,
473 1445 516 1510 ut,
534 1458 631 1497 errore
655 1442 770 1511 abolito,
795 1459 847 1513 per
867 1448 961 1497 totum
1011 1459 1078 1498 men
1091 1443 1184 1514 potuit
1195 1442 1337 1497 obtinere.
1352 1442 1497 1513 Agnoscat
1513 1439 1559 1494 cni
1570 1437 1711 1493 successit
1725 1437 1791 1506 ruo,
1804 1442 1826 1489 ct

141 1537 281 1591 mundum
303 1536 372 1592 fides
393 1553 459 1590 vera
479 1541 625 1607 regnaret,
655 1559 668 1586 ι
692 1540 721 1590 et
746 1536 840 1591 omnis
863 1534 960 1608 lingua
1011 1538 1125 1608 repulso
1139 1536 1219 1591 omni
1235 1535 1337 1608 spiritu
1355 1535 1496 1602 elationis,
1514 1532 1644 1588 Flaviani
1655 1530 1823 1596 modestiam,

140 1631 319 1698 confiteatur,
343 1630 480 1702 quoniam
506 1631 645 1685 Dominus
670 1632 749 1686 lesus
776 1629 904 1685 Christus
930 1629 959 1684 in
1011 1630 1136 1685 Flaviani
1151 1629 1354 1700 bumilitatem,
1377 1645 1441 1700 ques
1456 1628 1536 1683 illum
1556 1641 1649 1698 usque
1669 1624 1707 1680 ad
1725 1624 1823 1680 contes-

140 1725 233 1796 gloria
253 1729 296 1779 est
316 1725 364 1780 Ilei
388 1724 477 1779 Patris
495 1724 605 1796 trttttp.
628 1742 658 1793 ιι,
674 1725 727 1796 ιι).
751 1746 764 1773 ιι
787 1723 959 1779 confirmato
1011 1723 1080 1778 soris
1111 1725 1233 1796 gloriam
1258 1723 1397 1794 provexit,
1434 1723 1574 1777 imitetur.
1600 1719 1692 1790 Cujus
1717 1720 1741 1773 si
1769 1719 1824 1773 velit

140 1826 236 1874 autem
254 1818 284 1874 in
299 1819 408 1873 unitate
430 1818 578 1890 Evangelii
590 1819 723 1874 universo
745 1818 864 1885 mundo,
886 1823 914 1873 et
930 1818 959 1872 in
970 1823 998 1896 Β
1009 1818 1157 1890 splendere
1172 1818 1335 1885 virtutibus,
1349 1817 1499 1872 laudabilis
1508 1816 1572 1882 erit,
1589 1819 1620 1870 et
1635 1815 1666 1869 in
1678 1812 1760 1868 omni
1771 1813 1823 1867 loco

141 1913 245 1970 eodem
268 1914 373 1985 Spiritu
403 1928 499 1967 sensus
535 1913 650 1967 directis
671 1913 801 1968 cordibus
828 1911 959 1967 omnium
1008 1912 1166 1985 plurimum
1180 1911 1339 1968 dilectionis
1362 1911 1501 1982 acquiret,
1524 1926 1583 1963 non
1600 1906 1762 1962 ambiendo
1779 1907 1821 1960 liu·

141 2006 237 2080 199
250 2008 428 2062 sacerdotum
437 2007 562 2079 optimus
574 2008 669 2062 tuerat
682 2023 768 2079 supra
781 2007 829 2061 illa
843 2013 959 2078 propter
1008 2022 1104 2077 mana,
1120 2007 1170 2060 sed
1192 2004 1385 2078 promerendo
1400 2003 1505 2059 divina.
1530 2005 1610 2057 lianc
1624 2005 1727 2057 autem
1739 2000 1823 2055 obser·

127 2118 204 2173 1quae
217 2106 312 2156 sancta
332 2106 373 2155 est
390 2101 515 2172 synodus
535 2107 718 2172 congregata,
739 2104 768 2155 et
781 2117 845 2173 quaa
858 2117 956 2156 secun·
1009 2101 1136 2156 tantiam
1149 2116 1216 2155 cum
1230 2115 1352 2172 quasque
1363 2099 1403 2153 illi
1419 2098 1548 2152 animum
1563 2096 1691 2168 spondet
1704 2094 1825 2167 copulan

140 2195 210 2251 dum
220 2194 331 2266 pietatis
341 2198 442 2249 vestrae
457 2193 584 2249 studium
596 2194 738 2266 probabili
745 2199 813 2249 sunt
823 2195 880 2250 tine
889 2211 958 2250 con·
1009 2194 1088 2262 dum,
1105 2198 1134 2249 et
1157 2194 1319 2265 apostolicae
1335 2193 1418 2250 Sedis
1438 2191 1634 2258 dilectionem,
1655 2206 1750 2262 quam
1762 2191 1825 2245 Con·

140 2289 227 2357 clusa,
248 2288 319 2342 nihil
333 2288 411 2360 quod
431 2291 510 2342 tanto
530 2288 606 2343 bono
625 2288 800 2342 contrarium
819 2291 894 2342 esset
913 2288 957 2342 in·
1009 2287 1271 2360 stantinopolitanae
1285 2287 1416 2344 Ecclesia
1424 2283 1826 2358 semperimpendimus,nulla

140 2382 218 2450 terri,
236 2399 287 2437 nec
300 2399 352 2454 per
369 2381 547 2437 occasionem
566 2382 730 2455 episcopalis
753 2382 867 2437 concilii
888 2382 917 2436 id
929 2383 959 2436 in
1010 2382 1167 2437 mobilitate
1182 2381 1326 2437 violanda.
1350 2381 1420 2446 Quia
1438 2380 1461 2435 si
1483 2379 1631 2435 interdum
1651 2376 1827 2433 immoderati

140 2493 294 2532 commune
309 2477 415 2549 appeti,
430 2477 506 2548 quod
518 2492 577 2531 non
592 2476 671 2531 licuit
687 2477 858 2549 concupisci,
871 2476 959 2532 frater
1009 2477 1145 2548 praesules
1155 2476 1265 2547 aliquas
1273 2475 1406 2531 incidunt
1414 2474 1520 2545 culpas,
1536 2473 1734 2528 Ecclesiarum
1742 2475 1827 2526 tamen

140 2572 218 2626 enim
239 2576 268 2626 et
280 2571 464 2643 coepiscopus
485 2587 568 2625 meus
581 2571 727 2626 Anatolius
749 2588 852 2643 parurn
864 2571 958 2625 consi·
1009 2569 1112 2626 Christi
1125 2571 1237 2640 integra
1250 2570 1343 2642 gratia
1360 2573 1533 2640 perseverat.
1548 2567 1761 2622 consensiones
1771 2580 1827 2619 vcro

140 2666 249 2721 derasit
261 2671 369 2738 quanto
392 2665 507 2736 pietatis
524 2670 623 2720 vestroe
639 2665 789 2730 beneficio,
806 2665 905 2720 etmel
919 2665 959 2718 la·
1010 2664 1210 2736 episcoporum
1234 2668 1398 2718 sanctorum
1421 2677 1566 2717 canonum
1590 2660 1671 2732 apud
1692 2660 1827 2715 uicenam

138 2760 212 2814 voris
228 2776 342 2814 assensu
357 2759 677 2831 Constantinopolitanae
689 2759 819 2814 Ecclesiae
834 2758 960 2813 sacerdo
1010 2758 1193 2814 conditorum
1213 2759 1320 2831 regulis
1340 2762 1544 2830 repugnantes,
1575 2755 1660 2809 unita
1688 2754 1827 2809 nobiscum

140 2853 212 2908 tium
226 2853 314 2908 luerit
332 2856 507 2920 consecutus,
522 2869 580 2907 non
597 2857 654 2907 tam
673 2853 708 2908 de
722 2852 833 2924 adeptis
848 2852 960 2924 gavisus
1010 2858 1110 2907 vestras
1134 2852 1199 2907 fidei
1217 2853 1325 2923 pietate
1347 2852 1377 2906 in
1404 2851 1518 2906 irritum
1542 2849 1702 2920 mittimus,
1732 2854 1761 2903 et
1783 2862 1828 2919 per

141 2963 228 3019 quam
250 2947 284 3001 de
309 2946 467 3001 immodicis
491 2946 659 3018 appetendis
681 2963 768 3018 snpra
794 2963 959 3002 mensuram
1010 2946 1211 3001 auctoritatem
1232 2946 1308 3001 beati
1328 2945 1405 3000 Petri
1422 2944 1553 3016 apostoli,
1571 2943 1707 3015 generali
1721 2957 1827 3014 prorsus

140 3042 185 3097 sui
206 3041 325 3096 honoris
339 3041 484 3096 abscessus
508 3044 560 3110 est,
575 3040 693 3095 credens
711 3041 778 3095 huic
797 3047 856 3096 tam
871 3041 960 3113 impe
1010 3040 1173 3095 definitione
1195 3056 1346 3095 cassamus.
1369 3041 1400 3095 ln
1422 3038 1554 3094 omnibus
1569 3036 1770 3092 ecclesiasticis
1789 3035 1827 3088 his

140 3136 214 3192 ronti
227 3136 373 3208 cupiditati
393 3151 476 3207 posse
493 3134 628 3207 prodesse
651 3135 701 3207 qui
720 3136 745 3191 ci
770 3137 960 3207 quorumdam
1010 3135 1121 3206 legibus
1133 3135 1404 3207 obsequentes,quas
1414 3133 1451 3188 ad
1464 3132 1700 3204 pacificationem
1709 3129 1826 3185 omnium

140 3245 312 3285 consensum
335 3230 491 3301 praebuisse
518 3229 623 3283 dicitur
641 3233 752 3284 extorta
780 3199 1202 3301 subscriptio,Csaccrdotu1n,
1226 3245 1278 3300 per
1288 3231 1432 3283 trecentos
1454 3227 1553 3282 decom
1568 3231 1600 3281 et
1612 3230 1678 3280 octo
1699 3225 1826 3280 antistites

140 3342 206 3382 cum
227 3328 287 3378 tam
312 3320 492 3379 destruendis
512 3339 580 3378 mox
602 3323 752 3378 conatibus
776 3323 963 3379 contradictio
1013 3322 1133 3395 Spiritus
1153 3328 1266 3378 sanctus
1289 3323 1423 3391 instituit,
1446 3323 1487 3377 ita
1512 3325 1545 3376 ut
1569 3322 1662 3375 etiam
1694 3321 1719 3375 si
1743 3317 1824 3374 multo

140 3419 272 3486 fratrum,
299 3423 328 3473 et
346 3417 581 3489 coepiscoporum
607 3434 738 3473 meorum
758 3419 849 3473 vicem
869 3434 963 3472 meam
1013 3417 1110 3488 plures
1131 3417 1179 3471 alii
1201 3433 1290 3489 quam
1308 3417 1352 3471 illi
1373 3420 1497 3470 statuere
1518 3416 1689 3485 decernere,
1713 3414 1743 3468 in
1758 3412 1824 3467 nulla

140 3513 297 3586 agentium,
313 3511 437 3566 fideliter
450 3515 480 3565 et
491 3511 672 3568 laudabiliter
685 3512 819 3568 obviaret.
1013 3511 1173 3566 reverentia
1192 3511 1228 3565 sit
1245 3504 1419 3578 babendum,
1443 3509 1583 3582 quidquid
1613 3509 1705 3564 fuerit
1725 3526 1742 3563 a
1760 3521 1822 3579 pre·

177 3607 423 3672 Quoniamcontra
432 3608 537 3661 statuta
548 3611 735 3678 paternorum
743 3623 888 3661 canonum
899 3623 964 3679 quaa
1014 3605 1152 3660 dictorum
1173 3606 1373 3660 constitutione
1394 3605 1548 3660 diversum.
1568 3604 1765 3658 Prolixitatem
1780 3601 1821 3655 ita·

141 3706 208 3757 ante
230 3700 395 3773 longissime
408 3699 598 3755 astatisannos
615 3701 646 3754 in
660 3700 731 3755 urbe
754 3701 867 3756 Nicaena
884 3701 964 3773 spiri·
1015 3715 1071 3771 que
1095 3699 1223 3772 epistola
1253 3716 1325 3754 meaa
1358 3715 1414 3772 qua
1444 3714 1558 3754 necesse
1591 3697 1683 3752 habui
1698 3695 1821 3769 explicare

143 3796 266 3852 tualibus
278 3798 346 3849 sunt
359 3794 491 3849 fraudata
510 3795 640 3864 decretis,
656 3794 726 3849 nihil
740 3795 844 3867 cuique
858 3794 963 3851 addere
1014 3793 1084 3865 quid
1099 3794 1232 3863 sentiam,
1246 3810 1316 3866 rogo
1332 3798 1363 3848 ut
1382 3810 1436 3865 per
1453 3793 1576 3847 tratrem
1589 3795 1620 3846 et
1632 3792 1821 3864 coepiscopum

142 3888 314 3946 conceditur.
330 3891 372 3944 lta
382 3890 414 3942 ut
427 3887 521 3960 siquis
533 3888 678 3944 diversum
691 3889 800 3960 aliquid
813 3889 965 3945 decernere
1015 3904 1113 3943 meum
1127 3888 1293 3956 lucianum,
1308 3888 1368 3960 qui,
1383 3891 1523 3960 quantum
1536 3886 1567 3941 in
1579 3886 1643 3957 ipso
1657 3892 1714 3954 est,
1731 3880 1819 3940 sollici·

141 3985 250 4040 vetitae
265 3982 360 4055 potius
375 3982 485 4036 minuat
497 3998 584 4054 quam
598 3983 646 4037 illa
660 3986 836 4054 corrumpat,
851 3999 916 4055 quaa
929 3982 963 4047 si,
1015 3981 1146 4037 tudinem
1166 3987 1304 4054 susceptae
1330 3981 1480 4053 legationis
1503 3985 1546 4037 cst
1572 3981 1702 4036 fideliter
1725 3990 1818 4035 exsear

144 4082 175 4133 ut
199 4083 323 4149 oportet,
344 4092 362 4130 a
382 4076 491 4131 cunctis
516 4077 696 4150 pontilicibus
714 4076 884 4132 intemerata
910 4093 966 4132 ser·
1015 4080 1070 4145 tus,
1092 4080 1121 4132 et
1133 4093 1186 4149 per
1199 4077 1291 4132 lilium
1313 4093 1411 4132 meum
1431 4074 1565 4130 Basilium
1580 4073 1736 4130 diaconem
1747 4072 1818 4146 pieta

143 4176 254 4239 ventur,
273 4186 325 4242 per
346 4170 491 4225 universas
504 4170 636 4225 ecclesias
657 4171 813 4242 tranquilla
826 4170 881 4225 erit
899 4188 963 4243 pax,
1015 4176 1110 4229 restra
1132 4174 1285 4245 dignanter
1297 4173 1427 4246 accipiat.
1451 4174 1485 4228 Et
1498 4172 1565 4243 quia
1584 4171 1678 4227 moris
1696 4168 1775 4226 vestri
1785 4168 1817 4221 etl

143 4269 172 4321 et
186 4264 272 4318 lirma
291 4263 453 4330 concordia,
470 4265 556 4319 nullae
572 4265 607 4319 de
625 4265 767 4320 mensuris
787 4265 891 4320 harum
908 4265 964 4320 dis-
1015 4284 1068 4340 pro
1076 4285 1145 4340 pace
1153 4272 1182 4324 et
1190 4268 1300 4323 unitate
1311 4267 1443 4323 Ecclesia
1454 4267 1729 4338 laborare,fratrem
1739 4274 1815 4319 meum

144 4358 299 4428 sensiones,
324 4358 410 4413 nullas
429 4358 465 4413 de
485 4357 712 4413 ordinationibus
734 4358 806 4428 lites,
826 4359 911 4415 nullae
930 4360 966 4415 de
1015 4364 1178 4418 Anatolium
1200 4363 1365 4436 episcopum
1388 4379 1424 4418 ex
1446 4367 1541 4416 restra
1566 4361 1760 4416 insinuatione
1782 4353 1814 4408 di-

143 4453 299 4528 privilegiis
310 4452 522 4524 ambiguitates,
537 4452 614 4508 nulla
628 4456 714 4508 erunt
731 4453 766 4509 de
786 4454 872 4509 alieni
888 4471 966 4509 usur·
1015 4457 1132 4528 lectum,
1155 4457 1306 4512 salubriter
1323 4457 1354 4511 in
1371 4456 1416 4511 his
1437 4472 1502 4528 quae
1523 4455 1579 4528 ipsi
1606 4457 1757 4528 protutura
1773 4449 1814 4504 stul

143 4550 257 4623 palione
272 4547 441 4618 certamina,
456 4548 507 4603 scd
519 4564 552 4603 ea
567 4563 633 4620 que
643 4547 709 4618 jure
723 4548 869 4603 charitatis
882 4548 967 4604 ratio
1016 4551 1167 4619 continete,
1182 4557 1215 4607 ιιι
1228 4551 1488 4623 gloriaclementiae
1502 4554 1615 4621 vestra,
1631 4550 1708 4606 sicut
1721 4541 1813 4617 magni·

145 4644 248 4700 nabilis
258 4648 310 4713 est,
327 4649 355 4698 et
367 4659 492 4711 morum,
508 4645 536 4697 et
549 4641 708 4696 officiorum
723 4643 883 4697 servabitur
897 4660 967 4698 una·
1016 4645 1118 4699 licetur
1139 4645 1174 4701 de
1195 4645 1257 4701 lide
1272 4649 1412 4717 reparata,
1433 4644 1472 4700 ita
1494 4644 1673 4716 praedicetur
1693 4645 1728 4700 de
1743 4637 1812 4696 anbi-

146 4737 272 4792 nimitas.
292 4738 326 4791 Et
347 4737 393 4791 ille
417 4754 483 4792 vere
502 4737 557 4792 erit
570 4752 691 4808 magnus
712 4736 760 4808 qui
778 4737 865 4792 fuerit
880 4738 966 4792 totius
1016 4740 1094 4795 tione
1106 4755 1278 4811 compressa.
1294 4741 1365 4795 Data
1377 4756 1406 4796 xi
1424 4739 1560 4794 Kalendas
1573 4739 1664 4807 Junii,
1681 4734 1813 4795 tteeuuu

145 4831 307 4888 ambitionis
327 4829 447 4898 alienus,
465 4830 577 4885 dicente
596 4829 736 4886 domino:
762 4831 966 4904 «Quicumque
1016 4833 1076 4888 viro
1087 4833 1244 4889 clarissimo
1258 4835 1382 4890 consule.

146 4925 270 4982 voluerit
291 4925 367 4980 inter
386 4942 435 4980 vos
448 4925 539 4996 major
557 4926 618 4980 lieri
638 4926 674 4980 sit
685 4930 777 4981 vester
789 4925 928 4982 minister.
951 4948 964 4975 ιι
1189 4929 1275 4984 lllllll.
1289 4959 1323 4968 —
1338 4929 1386 4984 Ad
1398 4930 1567 4984 dicationem
1584 4930 1662 5000 Auq.

147 5021 182 5076 Et
198 5043 212 5071 a
227 5019 390 5092 quicunque
407 5019 530 5074 voluerit
542 5018 617 5075 inter
632 5037 682 5074 vos
700 5019 811 5092 primus
824 5037 895 5088 csse,
913 5019 967 5076 erit
1052 5023 1108 5078 Lao
1122 5023 1271 5095 episcopus
1283 5024 1425 5080 llanrrxno
1442 5024 1581 5095 Augusto.

148 5120 240 5172 vester
260 5129 366 5169 seruus.
389 5112 468 5169 Sicut
491 5112 565 5168 tilius
587 5114 712 5169 hominis
732 5131 790 5169 non
815 5114 893 5170 venit
916 5114 967 5169 mi·
1051 5118 1136 5173 Multa
1157 5117 1228 5172 milri
1241 5119 1272 5172 in
1293 5118 1426 5174 omnibus
1450 5117 1612 5173 clementiae
1634 5124 1737 5176 vestrae
1756 5116 1814 5172 litte·

148 5208 273 5277 nistrari,
296 5208 346 5263 sed
369 5206 531 5262 ministrare
560 5210 666 5278 (natta.
692 5224 736 5277 xx,
763 5209 866 5281 26-28).
889 5231 903 5259 ιι
933 5210 968 5264 Et
1017 5214 1056 5269 ris
1076 5228 1162 5268 causa
1186 5211 1284 5283 gaudii
1305 5218 1358 5282 est,
1382 5212 1453 5267 dum
1473 5228 1629 5285 exmagna
1651 5208 1815 5287 pandentia

148 5311 244 5361 tamen
263 5303 324 5358 haec
346 5301 400 5357 illis
419 5305 487 5356 tunc
501 5301 734 5372 insinuabuntur,
747 5303 797 5376 qui
814 5302 849 5358 de
864 5303 967 5375 pusillo
1017 5307 1119 5363 divina
1141 5306 1337 5362 misericordia
1358 5308 1517 5380 praestitum
1535 5307 1673 5363 humanis
1690 5309 1769 5365 iabus
1781 5316 1815 5357 ει·

147 5400 279 5458 volebant
296 5412 432 5463 crescere,
448 5399 476 5452 et
488 5396 523 5451 de
536 5396 642 5452 intimis
656 5397 693 5452 ad
708 5413 821 5453 summa
836 5398 965 5452 transire.
1017 5401 1120 5474 perior,
1145 5402 1224 5474 qnod
1246 5402 1463 5458 ecclesiasticam
1487 5417 1590 5473 pacem
1606 5402 1684 5475 tque
1703 5417 1760 5459 non
1777 5392 1816 5452 nia

147 5492 469 5565 Constantinopolitanae
496 5507 561 5547 vero
593 5493 697 5565 praesul
729 5491 868 5560 Ecclesiae,
902 5492 968 5564 quia
1016 5495 1128 5565 unitate
1149 5495 1360 5568 predicationis
1382 5495 1552 5568 evangelicae
1574 5496 1745 5568 custoditur)
1763 5489 1815 5566 piis·
1860 5494 1862 5561 ξ

150 5588 272 5661 amplius
291 5603 377 5660 quam
400 5591 545 5642 assecutus
564 5591 608 5641 est
626 5585 809 5658 concupiscit,
834 5592 884 5642 ant
900 5587 968 5659 quid
1018 5590 1309 5663 simostudiojuvare
1325 5590 1485 5663 dignamini
1511 5581 1818 5662 uttldeivestregloria
1860 5656 1862 5663 Ι

148 5683 190 5738 illi
201 5681 362 5750 satisfaciet,
382 5681 406 5735 si
427 5684 514 5736 tante
539 5680 616 5735 urbis
637 5680 849 5752 magnificantia
869 5687 898 5739 et
916 5682 969 5737 cla·
1018 5702 1075 5740 non
1088 5687 1181 5741 solum
1192 5685 1314 5742 utilitate
1328 5666 1503 5760 reipublice,
1517 5685 1569 5743 sed
1583 5686 1673 5743 etiam
1693 5676 1818 5757 Quoia
1860 5686 1862 5741 l

135 5775 235 5830 ritudo
255 5792 315 5832 non
329 5775 447 5833 sufficit.
470 5773 637 5850 Superbum
652 5774 739 5833 nimis
760 5780 803 5833 est
819 5779 848 5832 et
867 5776 969 5833 immo·
1017 5780 1191 5854 profectibus
1200 5786 1350 5854 augeatur,
1365 5780 1570 5855 gloriosissime¹
1580 5769 1818 5857 imperator,me
1859 5752 1862 5827 l

120 5867 259 5926 demtum
283 5871 362 5940 nltrp
385 5873 462 5945 dnes
492 5872 778 5965 propriosltandere
805 5877 837 5932 et
856 5873 979 5951 antiqni-
1025 5871 1817 5967 instabilitarbsograt'iasagoguitsmpofibnsquibtt
