3870 6150
60 199 114 256 945
686 200 921 258 uacuefactus
940 201 1138 259 deutherio.
1696 208 1747 264 946

58 309 208 363 Postremo
216 303 239 363 si
252 324 371 380 corpore
386 308 544 365 sauciatum
556 309 681 364 fortassis
691 313 742 365 aut
753 310 878 366 debilem
890 320 919 395 Α
930 314 1034 379 certus,
1048 315 1076 367 et
1093 311 1166 367 fixus
1179 317 1231 380 est,
1247 316 1277 368 et
1288 312 1443 369 districtius
1461 313 1515 369 ista
1528 317 1705 386 quaerantur,
1719 318 1748 372 et

59 417 246 473 nequaquam
259 405 357 457 sancta
370 402 538 475 contingere
557 403 603 459 lex
615 402 711 458 divina
729 403 879 475 permittit,
928 421 945 459 a
960 405 1064 477 quibus
1077 405 1186 460 fuerint
1200 409 1289 478 gesta,
1298 406 1465 478 prodantur,
1477 407 1615 481 quoniam
1625 407 1696 465 sicut
1703 409 1745 466 la·

59 500 169 568 quanto
179 495 272 567 magis
284 496 352 552 doni
366 496 578 567 dispensatores
591 513 651 553 esse
664 514 724 553 nou
735 497 878 567 convenit,
930 498 1057 556 tentibus
1070 499 1100 554 in
1116 499 1170 555 hac
1184 499 1331 556 atrocitate
1344 500 1514 578 nominibus
1530 517 1587 558 non
1605 505 1699 560 exstat
1715 503 1746 560 iu

58 589 140 662 quod
154 592 197 645 est
208 589 335 646 deterius
349 595 445 647 mente
461 607 620 662 percussos.
929 609 1016 665 quem
1030 593 1172 649 sententia
1180 593 1274 650 debita
1283 595 1504 667 proferatur‚ita
1512 612 1578 652 cum
1586 596 1748 654 manifestis

96 683 354 754 Xlill.Virginibus,
367 687 463 740 autem
479 684 567 740 sacris
580 688 688 741 temere
700 701 730 740 se
743 685 880 757 quosdam
929 688 1017 744 fuerit
1044 687 1224 744 documentis
1252 690 1406 761 expositus,
1432 705 1518 762 quem
1540 690 1612 746 tanti
1632 691 1748 747 sceleris

58 777 170 833 sociare
193 777 391 849 cognovimus,
405 781 434 834 et
446 781 512 850 post
524 778 686 835 dedicatum
700 780 758 834 Deo
774 795 878 852 propo·
929 782 1019 854 poscit
1030 781 1205 849 immanitas,
1220 798 1278 837 non
1291 782 1391 838 vitabit
1402 782 1546 840 ullatenus
1557 784 1708 841 ultionem.

58 872 149 927 situm
173 871 282 927 incesta
304 871 413 928 foedera
437 873 630 945 sacrilegaque
653 873 782 929 miscere.
802 873 879 938 Quos
966 877 1074 932 XXVlll.
1090 875 1280 932 Nihilominus
1300 875 1483 948 impatienter
1503 877 1666 934 audivimus
1679 883 1745 935 tan-

58 965 193 1037 protinus
205 982 318 1039 aequum
332 972 403 1022 esta
418 972 513 1022 sancta
531 967 734 1023 communione
752 967 877 1037 detrudi,
932 977 993 1027 tum
1002 969 1164 1027 divinarum
1174 986 1272 1026 rerum
1281 969 1389 1025 subisse
1398 970 1575 1042 despectum,
1586 975 1619 1027 ut
1629 972 1746 1030 feminae

57 1065 88 1116 et
99 1060 155 1115 nisi
168 1076 219 1132 per
230 1060 375 1132 publicam
386 1060 593 1134 probatamque
607 1061 805 1133 poenitentiam
819 1078 880 1117 om·
930 1064 1335 1120 sacrisaltaribusministrare
1346 1062 1507 1133 firmentur,
1517 1070 1674 1138 cunctaque
1683 1083 1747 1139 quae

57 1154 129 1209 nino
153 1170 211 1210 uon
235 1154 332 1227 recipi,
346 1158 396 1210 ant
417 1154 462 1209 his
481 1158 557 1210 certe
575 1154 709 1210 viaticum
722 1154 756 1210 de
777 1155 880 1210 saeculo
929 1175 988 1214 non
1002 1158 1057 1214 nisi
1066 1158 1192 1213 virorum
1204 1157 1354 1214 famulatui
1369 1158 1514 1230 deputata,
1525 1175 1623 1215 sexum
1632 1159 1679 1215 cui
1688 1176 1747 1216 non

57 1249 285 1316 transeuntibus,
301 1248 324 1304 si
339 1251 435 1304 tamen
450 1248 645 1320 poenituerint,
659 1265 719 1305 nou
732 1250 842 1321 negari.
930 1253 1067 1324 competit
1089 1252 1236 1322 exhibere,
1252 1251 1306 1307 nisi
1328 1252 1404 1323 quod
1425 1251 1555 1307 omnium
1578 1251 1748 1310 delictorum

95 1345 185 1400 XXlll.
199 1344 271 1399 Nam
288 1343 324 1398 de
338 1342 431 1399 viduis
451 1343 503 1398 sub
521 1343 599 1397 nulla
618 1343 817 1400 benedictione
830 1360 878 1398 ve·
929 1363 993 1419 quae
1009 1345 1156 1418 sigillatim
1169 1345 1389 1417 perstrinximus
1400 1361 1474 1401 noxa
1487 1346 1582 1401 omnis
1597 1349 1626 1403 et
1637 1346 1747 1404 crimen

56 1438 152 1495 landis
178 1435 311 1509 saperius
334 1436 392 1492 late
417 1437 649 1509 sufficienterque
682 1436 879 1508 prediximus,
931 1456 981 1495 eos
997 1439 1114 1512 respicit
1131 1439 1291 1495 sacerdotes
1305 1439 1355 1512 qui
1368 1440 1410 1496 vel
1427 1439 1482 1495 ista
1496 1439 1689 1512 committunt,
1703 1443 1747 1496 vel

57 1549 124 1605 quae
135 1533 160 1588 si
172 1531 290 1604 propria
304 1532 450 1586 voluntale
460 1531 615 1604 professam
629 1531 742 1604 pristini
752 1530 882 1603 conjugii
931 1533 1142 1589 committentes
1161 1533 1279 1589 minime
1293 1533 1466 1606 publicando
1481 1533 1575 1606 pravis
1587 1534 1748 1590 excessibus

56 1628 221 1684 castitatem
235 1626 367 1682 mutabili
381 1631 478 1682 mente
491 1626 672 1696 calcaverint,
687 1626 806 1698 periculi
820 1626 881 1697 ejus
931 1645 961 1682 se
976 1628 1069 1684 favere
1085 1627 1256 1700 significant,
1269 1627 1291 1683 si
1308 1632 1406 1683 tamen
1421 1628 1603 1684 sacerdotum
1612 1628 1676 1700 J'am
1691 1628 1749 1685 sint

58 1721 201 1790 intererit,
212 1720 288 1793 quali
304 1722 394 1776 Deum
411 1720 535 1776 debeant
547 1720 739 1776 satisfactione
755 1720 879 1793 placare,
890 1693 919 1767 Β
930 1722 1066 1778 vocabulo
1077 1721 1260 1794 nuncupandi
1279 1721 1329 1794 qui
1352 1721 1514 1794 delegatum
1534 1721 1586 1777 sibi
1600 1721 1748 1794 religionis

56 1818 127 1888 quia
145 1816 229 1887 juxta
242 1815 408 1886 Apostolum
427 1815 551 1886 primam
570 1813 658 1870 fidem
678 1815 790 1870 irritam
804 1814 878 1872 fece·
930 1816 1054 1873 ofticiam
1068 1816 1107 1872 sic
1126 1820 1308 1888 prosternere
1330 1815 1500 1883 moliuntur,
1514 1819 1547 1870 ut
1563 1815 1593 1871 in
1612 1831 1747 1888 perversa

56 1914 142 1966 runt:
153 1909 193 1965 sic
203 1909 303 1965 habita
315 1925 412 1964 secum
424 1908 630 1965 deliberatione
641 1909 812 1981 promissam
822 1910 879 1965 Deo
930 1926 1052 1984 quaeque
1065 1909 1240 1982 profanaque
1252 1909 1391 1981 proclives
1407 1909 1468 1964 sine
1483 1909 1540 1964 ullo
1552 1914 1684 1981 respectu
1698 1925 1745 1966 re·

54 2003 206 2076 pudicitiae
220 2003 307 2059 fidem
326 2002 433 2059 debent
457 2003 611 2061 custodire.
629 2004 685 2058 Nos
700 2007 798 2058 autem
812 2002 877 2058 tali·
930 2005 1004 2078 gulae
1017 2003 1186 2060 Christianae
1200 2003 1357 2076 praecipitia
1369 2004 1482 2059 funesta
1497 2007 1650 2060 sectantur.
1664 2003 1747 2060 Cum·

57 2097 112 2152 bus
127 2096 241 2151 nullum
262 2097 399 2169 laqueum
422 2095 558 2152 debemus
577 2095 706 2168 injicere,
721 2096 771 2152 sed
786 2096 879 2152 solum
930 2115 985 2172 que
1007 2098 1146 2170 scriptum
1165 2097 1223 2153 sit:
1240 2119 1254 2148 a
1268 2097 1383 2153 ldiuima
1403 2096 1453 2170 qui
1475 2096 1585 2169 spernit
1606 2096 1746 2169 paulatim

56 2189 273 2245 adhortationes
286 2189 397 2261 praemii
413 2189 593 2261 sempiterni,
607 2206 763 2262 poenasqne
776 2207 878 2262 propo·
929 2191 1033 2249 decidit
1046 2193 1138 2262 (Eccli.
1156 2208 1212 2263 xxx,
1229 2191 1295 2264 tt»
1317 2191 1389 2264 quid
1407 2195 1450 2247 est
1471 2191 1506 2247 de
1524 2190 1628 2246 talibm
1651 2191 1745 2248 existi·

58 2300 129 2340 uere
140 2284 228 2339 divini
238 2283 351 2355 judieii,
362 2288 393 2338 ut
403 2288 432 2339 et
443 2286 541 2339 nostra
551 2284 588 2338 sit
600 2284 729 2339 absoluta
738 2284 880 2340 conscien·
929 2287 1068 2342 mnndum
1082 2286 1131 2359 qui
1146 2285 1294 2341 immensis
1307 2302 1340 2341 ac
1355 2284 1560 2357 multiplicibus
1574 2281 1746 2357 praiitatum

57 2379 142 2433 lieet
161 2377 274 2432 illarum
289 2394 340 2449 pro
356 2395 386 2432 se
404 2377 544 2433 rationem
559 2378 618 2433 Deo
633 2377 736 2433 reddat
748 2377 877 2434 intentio.
929 2381 1052 2436 molibus
1067 2379 1183 2452 ingente
1201 2379 1314 2435 ruinam
1333 2378 1509 2435 multimodis
1527 2378 1747 2452 impulsionibus

57 2471 225 2528 Cavendum
243 2475 285 2527 est
298 2471 405 2543 quippe
420 2488 483 2543 quae
499 2472 533 2528 de
553 2488 654 2527 earum
669 2471 798 2527 moribus
809 2472 877 2528 acti·
930 2473 1159 2530 ediderinthon
1168 2473 1316 2545 ambigant
1325 2473 1375 2545 qui
1385 2473 1446 2529 hec
1455 2473 1516 2528 ausi
1527 2475 1745 2539 suntexercere,

56 2566 170 2638 busque
202 2564 301 2620 beatus
335 2566 437 2620 Paulus
469 2566 614 2637 apostolus
644 2569 773 2632 testatur,
800 2566 879 2638 quod
928 2569 979 2625 sed
995 2568 1080 2624 etiam
1093 2568 1291 2640 quihactenus
1310 2567 1426 2639 cognita
1449 2567 1643 2624 siluerintsub
1656 2567 1747 2624 hono·

57 2658 173 2731 plenius
196 2675 338 2731 exponere
362 2659 553 2731 praeterimus,
577 2676 612 2716 ne
636 2676 720 2716 sexus
740 2658 880 2715 instabilis
928 2663 968 2718 ris
977 2660 1086 2735 proprii
1097 2661 1229 2733 sejacere
1239 2661 1399 2734 dispendio,
1408 2661 1433 2716 si
1441 2669 1616 2733 nonquanta
1624 2660 1745 2733 possint,

56 2769 116 2808 non
131 2756 193 2807 tam
212 2751 353 2808 deterreri
366 2769 454 2824 quam
467 2752 617 2811 admoueri
629 2753 771 2810 videatur.
928 2755 1102 2813 celeritatem
1114 2755 1261 2823 festinent,
1270 2757 1303 2810 ut
1312 2754 1431 2810 lethalia
1441 2754 1560 2811 vulnera
1572 2753 1747 2827 competenti

92 2848 181 2903 XXlV.
205 2846 350 2902 Secundae
372 2846 486 2919 nuptias
508 2846 582 2902 sicut
603 2847 784 2903 saecularibus
806 2847 879 2904 inire
929 2850 1071 2906 medicina
1093 2853 1240 2906 sanentur.
1263 2847 1323 2914 Quo
1345 2848 1422 2904 enim
1442 2865 1523 2904 more
1542 2851 1661 2905 teneant
1678 2848 1747 2920 jura

10 2996 12 3005 ,
57 2940 234 3009 conceditur,
249 2941 286 2995 ita
308 2943 374 3011 post
394 2957 442 2996 eas
462 2941 558 2997 nullus
579 2942 616 2997 ad
630 2941 757 2997 clericale
777 2941 879 2996 sinitur
929 2943 1153 3017 pontificumqui
1163 2941 1372 3015 pontificalibus
1384 2941 1511 2998 excubiis
1521 2946 1641 2999 eatenus
1652 2941 1747 3014 injun-

55 3034 156 3090 senire
170 3034 333 3106 collegium.
349 3034 411 3089 Alia
425 3039 468 3090 est
488 3034 567 3090 enim
581 3035 714 3090 humanae
730 3034 879 3107 fragilitati
928 3042 973 3094 cta
994 3037 1182 3106 dissimulant,
1195 3041 1229 3092 ut
1249 3035 1390 3092 contraria
1412 3035 1510 3092 domui
1524 3035 1575 3091 bei
1587 3035 1633 3091 cui
1645 3035 1745 3107 praesi-

56 3127 232 3199 genexaliter
253 3144 386 3183 concessa
407 3127 532 3197 licentia,
554 3127 611 3183 alia
634 3126 718 3183 debet
737 3143 797 3182 esse
823 3127 879 3184 rita
929 3132 998 3188 dont
1011 3131 1105 3203 potins
1124 3134 1280 3202 operantur
1291 3132 1488 3202 quantumque
1502 3129 1579 3202 apud
1592 3129 1745 3186 Dominum

56 3222 225 3277 divinarum
237 3237 333 3277 rerum
348 3221 463 3278 servitio
477 3220 619 3277 dedicata.
928 3228 1052 3298 possent,
1069 3224 1092 3279 si
1105 3223 1131 3280 ei
1147 3222 1345 3280 convenientia
1357 3225 1557 3294 procurarent,
1567 3225 1665 3278 tamen
1675 3223 1745 3296 quid

92 3316 169 3370 XXV·
192 3315 325 3388 Quisquss
348 3315 463 3388 proprie
486 3314 616 3371 desertor
634 3314 765 3371 Ecclesiae
792 3314 878 3370 nullis
928 3317 1253 3390 mereanturespiciant,
1269 3332 1336 3372 cum
1348 3315 1513 3372 exsecrabili
1527 3315 1620 3371 stadio
1633 3321 1744 3372 secten-

55 3408 235 3466 exstantibus
247 3409 341 3464 causis
353 3409 388 3465 ad
402 3409 488 3464 aliam
507 3408 648 3481 putaverit
660 3408 876 3479 transeundum,
928 3418 975 3469 tur
987 3386 1113 3469 adverse.
1130 3413 1164 3468 Et
1177 3410 1259 3482 quasi
1271 3409 1366 3482 magis
1381 3411 1442 3465 haec
1456 3408 1555 3481 regula
1569 3408 1606 3465 sit
1619 3425 1678 3481 qua
1691 3410 1744 3465 Ec-

56 3508 229 3573 temereque
242 3505 389 3574 susceptus
400 3502 494 3570 fuerit,
507 3505 701 3575 etpromotus,
712 3502 879 3558 reverendo·
928 3506 1023 3563 alesia
1042 3505 1164 3562 debcant
1186 3503 1339 3577 gubernari
1353 3503 1376 3559 si
1395 3501 1535 3575 quidquid
1552 3502 1746 3559 ecclesiasticis

55 3612 123 3651 rum
138 3611 283 3650 canonum
296 3595 341 3650 vel
355 3596 424 3667 ipse,
440 3597 482 3651 vel
499 3601 629 3668 receptor
641 3596 703 3668 ejus
715 3599 801 3668 atque
815 3612 880 3667 pro
929 3600 1079 3657 inimicum
1091 3598 1196 3671 regulis
1205 3600 1395 3670 perpetratur,
1407 3612 1472 3652 cum
1485 3595 1548 3652 etsi
1561 3596 1688 3668 cognitos
1698 3596 1746 3651 ha·

55 3692 155 3745 vector
173 3689 327 3745 constituta
347 3706 407 3745 non
429 3689 558 3762 effugiet,
573 3707 636 3762 quae
660 3689 696 3744 de
712 3689 878 3761 hujusmodi
928 3695 994 3750 beat
1015 3708 1137 3750 canones
1157 3691 1354 3764 unusquisque
1378 3689 1548 3763 pontificum
1572 3689 1744 3746 intemerata

56 3783 315 3856 praesumptoribus
328 3784 477 3856 praefixere
495 3784 645 3839 servanda.
929 3787 1060 3844 debuerit
1072 3789 1170 3842 tenere
1183 3784 1320 3841 custodia.

93 3878 185 3934 XXVI.
206 3877 244 3932 [te
258 3878 405 3933 monachis
416 3877 552 3948 laicisque
571 3876 601 3932 in
621 3877 716 3948 prima
740 3877 879 3948 copiosius
964 3882 1051 3937 XXIX.
1073 3881 1200 3946 Qnatuor
1220 3882 1318 3935 aulem
1340 3882 1400 3934 tam
1423 3878 1458 3934 de
1475 3877 1591 3934 redditu
1609 3876 1745 3950 quamde

57 3970 260 4045 preceptionis
269 3972 355 4043 hujus
367 3976 449 4044 parte
460 3970 603 4042 digestum
614 3975 665 4040 est,
676 3971 722 4026 vet
733 3987 797 4042 quae
807 3988 877 4044 qua·
928 3974 1071 4030 oblatione
1084 3972 1211 4030 fidelium
1224 3972 1360 4030 convenit
1372 3972 1435 4027 lteri
1447 3972 1601 4044 portiones.
1616 3971 1744 4036 Quarum

58 4071 143 4121 tenus
156 4066 202 4121 bis
215 4082 267 4136 pro
279 4082 375 4121 rerum
392 4068 612 4136 temporumque
630 4064 796 4120 necessitate
808 4082 877 4121 con·
929 4069 966 4124 sit
979 4084 1037 4124 nna
1049 4067 1200 4140 pontificis,
1215 4068 1302 4122 altera
1317 4067 1498 4133 clericorum,
1511 4080 1670 4138 pauperum
1685 4067 1745 4120 ter-

56 4175 136 4216 cessa
148 4160 217 4227 sint,
231 4160 273 4214 vel
286 4159 528 4232 quemadmodum
541 4158 590 4213 ubi
603 4157 709 4213 nullius
725 4158 877 4214 necessita·
928 4162 979 4232 tia,
992 4167 1095 4235 quarta
1112 4158 1225 4217 fabricis
1239 4160 1421 4233 applicanda.
1436 4161 1477 4216 lle
1490 4159 1603 4232 quibus,
1616 4158 1690 4214 sicut
1703 4173 1746 4214 sa·

57 4253 93 4308 tis
119 4253 259 4308 interesse
286 4252 432 4323 probatur,
458 4268 516 4307 non
550 4251 605 4307 nisi
631 4256 711 4307 vetus
737 4251 878 4308 institutio
928 4256 1051 4312 cerdotis
1064 4255 1203 4322 intererit,
1217 4255 1361 4326 integram
1376 4253 1513 4310 ministris
1534 4253 1664 4309 Ecclesiae
1681 4268 1743 4308 me·

56 4352 164 4407 debeat
175 4351 320 4406 custodiri.
336 4353 411 4415 Quos
423 4367 491 4405 vero
502 4349 661 4406 constiterit
675 4348 808 4420 indignos
821 4365 879 4405 me-
929 4355 1069 4405 moratam
1085 4348 1247 4420 dependere
1269 4348 1470 4420 quantitatem,
1484 4347 1523 4402 sic
1538 4346 1657 4403 clericus
1669 4347 1746 4402 ultra

57 4444 120 4499 ritis
135 4460 248 4499 sacram
262 4447 401 4499 mercatos
414 4460 473 4499 csse
484 4443 576 4515 pretio
591 4442 775 4514 dignitatem,
786 4436 919 4510 couvi-D
929 4443 1090 4514 delegatam
1103 4442 1156 4498 sibi
1169 4459 1314 4497 summam
1328 4441 1399 4497 nihil
1412 4441 1568 4497 insolenter
1580 4439 1692 4496 noverit
1701 4455 1747 4494 ex·

56 4545 121 4594 ctos
129 4540 245 4609 oportet
254 4538 354 4605 arceri,
363 4554 421 4592 non
431 4536 486 4592 nisi
497 4536 624 4608 periculo
634 4535 744 4591 facinus
751 4536 810 4592 tale
819 4552 880 4608 per·

56 4634 217 4703 patrantes,
231 4630 298 4702 quia
313 4630 430 4685 dantem
442 4631 548 4701 pariter
560 4634 589 4685 et
600 4629 789 4700 accipientem
801 4630 882 4685 dam·

56 4726 140 4781 natio
154 4723 290 4790 Simonis,
306 4740 394 4795 quam
409 4740 489 4778 sacra
508 4723 591 4779 lectio
605 4725 733 4791 testatur,
750 4722 878 4780 involvit.

95 4819 196 4874 aava.
205 4818 377 4873 baiocarum
386 4816 597 4873 consecratione
606 4819 772 4873 sanctorum
782 4834 880 4889 quam-

56 4912 100 4968 vis
122 4911 254 4984 superius
276 4911 397 4969 strictim
422 4911 508 4967 fuerit
530 4910 783 4982 comprehensum,
798 4910 880 4967 uobis

56 5021 177 5079 quoque
189 5005 365 5077 patefactum
376 5009 429 5071 est,
441 5004 516 5078 quod
530 5004 638 5076 absque
651 5006 795 5076 precepto
805 5004 880 5061 sedis

55 5099 222 5174 apostolicae
250 5098 381 5154 nonnulli
414 5100 500 5154 factas
531 5098 662 5154 ecclesias
684 5098 728 5154 vel
757 5098 880 5154 oratoria

55 5209 172 5250 sacrare
187 5197 378 5264 presumant3
395 5192 450 5247 hoc
464 5208 563 5247 sumus
575 5197 672 5248 minen
681 5191 791 5263 judicio
805 5192 880 5248 dete·

56 5286 206 5343 stabiliore
223 5285 359 5358 permoti,
373 5285 449 5358 quod
466 5286 495 5340 in
509 5302 681 5359 quocunque
695 5285 811 5341 nomine
827 5286 878 5342 de·

54 5383 225 5438 functorum
234 5383 264 5435 et
275 5385 414 5452 quantum
426 5378 539 5447 dicitnr,
549 5396 609 5435 non
620 5379 740 5435 omnino
750 5379 878 5435 lldelium

54 5474 289 5533 constructiones
298 5473 449 5530 aedificatas
462 5473 549 5529 sacris
564 5473 880 5544 professionibusauda·

53 5576 119 5627 cter
129 5568 281 5624 instituere
289 5573 496 5624 momorantur.
509 5567 577 5632 Quae
585 5565 723 5638 quoniam
736 5570 795 5622 mm
804 5583 880 5623 acer·

54 5659 880 5733 ba,tamdumsnnt,uteademrixnosterferrepossitae-

53 5759 146 5817 ditus,
154 5755 177 5810 si
185 5771 249 5812 vere
259 5754 476 5812 Christianitatis
485 5754 639 5812 allectusin
650 5754 703 5810 illis
713 5753 880 5826 regionibus

930 4535 1097 4608 petendum.
1130 4537 1169 4590 Ea
1199 4551 1265 4591 vero
1295 4551 1360 4606 quae
1390 4532 1583 4589 ecclesiasticis
1619 4531 1746 4588 aedificiis

929 4630 1066 4685 attributa
1080 4634 1147 4685 sunt
1160 4629 1227 4685 huic
1241 4627 1320 4700 operi
1335 4626 1473 4683 veraciter
1487 4629 1656 4697 prerogatus,
1670 4627 1744 4682 loco·

929 4740 993 4779 rum
1007 4724 1108 4780 doceat
1120 4721 1291 4779 instauratio
1301 4720 1453 4777 manifesta
1467 4723 1642 4789 sanctourm,
1653 4719 1745 4795 ipsam

929 4817 1116 4873 nihilominus
1124 4815 1279 4888 ascriptam
1288 4814 1462 4888 pauperibus
1469 4813 1634 4886 portionem
1645 4830 1746 4887 quam·

929 4911 970 4965 vis
984 4909 1088 4965 divinis
1109 4909 1267 4965 rationibus
1284 4924 1315 4964 se
1336 4908 1514 4979 dispensasse
1535 4912 1746 4965 monstraturus

930 5021 990 5060 esse
1004 5003 1143 5070 videatur,
1159 5005 1255 5058 lamen
1264 5003 1346 5074 juxta
1357 5002 1435 5075 quod
1451 5002 1644 5074 scriptumest
1657 5018 1665 5058 ε
1683 5021 1698 5051 «
1711 5002 1745 5058 tlt

930 5097 1044 5153 videant
1057 5113 1143 5168 opera
1154 5099 1248 5152 restra
1260 5096 1344 5165 bona,
1359 5099 1388 5153 et
1400 5094 1559 5168 glorificent
1572 5098 1685 5152 Patrem
1696 5109 1744 5148 ve-

929 5194 1031 5258 strum,
1043 5190 1092 5263 qui
1107 5190 1137 5246 in
1158 5189 1234 5247 coelis
1246 5196 1289 5247 cst
1301 5191 1409 5263 (Mottb.
1426 5208 1453 5261 v,
1470 5191 1523 5263 td),
1540 5211 1554 5240 u
1572 5203 1644 5260 opus
1657 5186 1743 5242 etiam

928 5283 1107 5358 inpraesenti
1123 5283 1321 5342 testificatione
1340 5284 1497 5358 predicari,
1512 5287 1540 5339 et
1555 5281 1637 5337 bons
1658 5280 1744 5336 lamae

929 5378 1080 5450 preconiis
1093 5394 1151 5433 non
1167 5378 1264 5434 taceri.

963 5473 1038 5529 XXX.
1053 5472 1233 5546 Quapropter
1243 5488 1298 5533 nec
1318 5472 1487 5528 clericorum
1500 5469 1550 5542 qui
1563 5467 1702 5540 sapientia
1714 5486 1744 5526 se

930 5567 1015 5639 hujus
1028 5567 1145 5623 offensae
1158 5567 1288 5623 futurum
1300 5565 1424 5621 confidat
1435 5563 1606 5633 immunem,
1622 5562 1646 5618 si
1660 5562 1690 5619 in
1700 5564 1744 5620 his

929 5676 994 5732 quse
1014 5660 1165 5716 salubriter
1186 5659 1332 5733 sequenda
1354 5657 1593 5731 deprompsimus,
1610 5656 1668 5715 sire
1681 5656 1744 5730 epi-

929 5768 1058 5831 scopum,
1073 5751 1131 5809 sive
1157 5752 1372 5830 presbyterum,
1391 5751 1454 5808 suae
1473 5751 1639 5808 aracaeum
1654 5748 1774 5802 mussat
