3870 6150
128 269 157 321 st
678 310 681 316 .
757 266 993 325 DECRETlLlUll
1011 268 1204 327 COLLECTlO.
1775 287 1808 340 58

127 373 181 427 vult
192 371 273 428 enim
282 387 519 446 unumquemque
531 371 684 441 itaviverc,
698 377 731 428 ut
745 373 941 444 homicidium,
952 375 1047 461 326).
1057 375 1101 430 Ad
1113 376 1253 448 quosdam
1265 394 1335 450 ergo
1348 395 1383 434 ex
1392 379 1470 451 ipsis,
1484 397 1542 437 uon
1555 384 1591 439 ad
1603 400 1713 457 omnes,
1728 387 1806 446 dice·

124 471 150 521 et
168 465 346 522 adulterium
365 466 485 535 neseiat,
504 465 604 521 odium
623 471 652 523 et
671 467 819 523 avaritiam
840 466 941 540 fugiat,
992 468 1064 524 bal:
1079 469 1229 537 levabis,
1245 470 1351 527 Scribe
1370 477 1399 528 et
1412 474 1544 532 Pharisaei
1558 476 1724 550 hypocrite,
1738 481 1808 553 quia

122 560 205 626 iram,
225 559 402 630 superbiam,
415 560 584 631 J'actautiam
598 566 715 633 respuat
729 565 757 617 at
770 564 942 618 exsecretur.
992 561 1138 617 mundatis
1147 562 1240 618 calicis
1252 567 1281 620 et
1291 566 1450 637 paropsidis
1459 568 1536 640 quod
1549 569 1656 626 deforis
1665 575 1718 641 est,
1728 573 1807 630 intus
1867 574 1869 579 '

121 652 260 708 infidiam
278 668 392 725 quoque
410 656 439 708 et
456 657 559 709 cetera
571 654 616 709 his
634 654 739 710 similia
750 655 869 728 penitus
882 671 899 710 a
913 671 943 709 se
993 657 1088 710 autem
1107 657 1193 726 plena
1210 662 1277 714 suut
1296 658 1437 714 sordibus.
1452 660 1591 717 Pharisee
1603 679 1686 732 cece,
1700 668 1807 724 munda

121 746 206 801 ducat
217 745 324 801 aliena.
340 747 389 802 Est
402 763 469 802 sana
482 747 598 820 propria
613 748 745 820 quedam
758 753 861 804 nostre
874 747 942 803 reli-
992 747 1072 820 prius
1084 749 1162 819 quod
1176 749 1253 806 intus
1268 754 1320 818 est,
1336 756 1366 807 at
1380 752 1455 823 quod
1473 753 1577 808 deforis
1592 761 1635 812 est
1648 758 1703 812 erit
1719 774 1804 815 mun·

122 839 215 911 gionis
230 838 499 911 observantiaque
512 856 572 896 non
585 843 642 895 tam
655 839 814 911 imponitur
823 840 944 896 homini·
993 837 1074 895 dum.
1090 841 1160 896 Vere
1179 841 1257 895 enim
1277 841 1301 895 si
1317 856 1399 897 mens
1413 843 1570 898 mundetur
1586 844 1649 901 luce
1669 847 1803 918 scientie,

120 931 172 987 bus
186 933 407 1005 quamproprie
426 933 461 987 ab
476 948 649 1006 unoquoque
667 934 821 989 Dominum
834 934 942 990 colente
992 932 1127 1004 cumipse
1136 933 1222 988 luerit
1234 933 1341 991 munda
1353 951 1385 990 ac
1395 935 1555 1006 splendida,
1565 941 1633 994 tuuc
1646 939 1731 995 etism
1744 943 1805 1013 ejus

121 1041 206 1081 musa
217 1025 352 1098 puritatis
366 1025 515 1098 expetitur,
531 1025 566 1081 de
579 1026 752 1082 castimonie
762 1026 825 1097 dico
836 1027 944 1082 cautela
993 1026 1042 1097 qui
1050 1025 1153 1081 deforis
1161 1027 1335 1082 esthomiuis
1345 1027 1572 1100 ipsonccessario
1580 1047 1676 1086 curam
1684 1033 1804 1105 gerit,id
1844 1099 1848 1106 ,

120 1119 202 1191 cujus
224 1119 335 1192 speeies
355 1119 454 1175 multe
475 1122 550 1175 suut.
575 1119 628 1175 Sed
648 1124 681 1176 ut
699 1120 792 1192 primo
815 1120 944 1176 observet
992 1122 1035 1173 est
1044 1119 1135 1173 carnis
1144 1136 1212 1189 sue,
1220 1125 1251 1175 ut
1261 1120 1320 1191 ipsa
1330 1121 1506 1192 purificetur;
1516 1122 1565 1178 ubi
1573 1128 1669 1180 autem
1679 1125 1732 1181 ista
1740 1143 1805 1200 que

120 1213 330 1285 uuusquisque,
342 1228 379 1268 nc
391 1215 576 1268 menstruate
590 1212 704 1268 mulieri
715 1213 878 1283 misceatur,
889 1213 942 1268 hoc
992 1209 1097 1266 deforis
1115 1215 1159 1267 est
1175 1213 1334 1284 purificatio
1349 1215 1442 1269 carnis
1456 1215 1621 1287 negligitur,
1638 1220 1748 1273 certum
1763 1224 1806 1275 est

121 1304 198 1360 enim
212 1305 386 1361 exsecrabile
394 1305 472 1361 ducit
480 1306 527 1360 lex
537 1305 659 1361 Domini.
670 1305 750 1370 Quod
760 1305 783 1359 si
795 1304 841 1360 lex
851 1304 887 1360 de
897 1305 942 1360 his
992 1319 1084 1376 neque
1097 1304 1132 1360 dc
1147 1305 1272 1377 puritate
1284 1308 1389 1363 mentia
1402 1324 1434 1362 ac
1447 1308 1587 1364 munditia
1599 1310 1692 1365 cordis
1705 1327 1806 1367 curam

120 1414 177 1454 uon
189 1398 377 1469 admouisset,
388 1413 441 1453 nos
451 1402 483 1454 ut
493 1397 581 1454 catuli
590 1397 712 1454 libenter
721 1398 902 1453 volveremur
911 1399 942 1455 in
992 1397 1062 1467 geri.
1079 1399 1120 1451 tta
1135 1414 1203 1470 ergo
1225 1398 1258 1455 lit
1277 1404 1309 1455 ut
1324 1401 1349 1454 is
1367 1400 1417 1472 qui
1435 1400 1605 1457 intrinsecus
1618 1403 1745 1459 mundus
1763 1407 1806 1459 est

120 1495 257 1546 stercore.
274 1491 416 1547 Debemus
433 1490 541 1562 aliquid
558 1491 679 1562 amplius
693 1491 797 1547 habere
812 1491 940 1546 animali·
992 1489 1147 1545 mundetur
1167 1491 1227 1546 siue
1246 1492 1333 1548 dubio
1354 1496 1383 1548 et
1404 1492 1595 1564 extrinsecus;
1613 1512 1672 1551 non
1693 1512 1805 1569 semper

120 1584 183 1652 bus,
196 1588 298 1657 utpote
314 1584 494 1640 rationabiles
507 1583 639 1639 homines
659 1587 688 1639 et
706 1583 863 1640 celestium
876 1600 940 1640 sen·
991 1587 1087 1638 autem
1095 1583 1175 1656 isqui
1185 1585 1340 1641 mundatur
1349 1585 1532 1658 extrinsecus,
1542 1589 1628 1644 etiam
1636 1589 1805 1646 intrinsecus

121 1693 206 1731 snum
228 1692 357 1748 capaces,
377 1676 481 1750 quibm
496 1677 601 1733 summi
622 1676 709 1731 studii
731 1693 791 1732 esse
806 1676 890 1732 debet
906 1676 941 1731 ab
992 1676 1117 1732 muudus
1136 1682 1187 1746 est,
1207 1678 1337 1734 videlicet
1354 1695 1418 1735 cum
1440 1681 1500 1752 agit
1514 1681 1576 1737 hec
1595 1686 1628 1738 ut
1643 1683 1806 1739 homiuibus

121 1769 201 1823 omni
222 1769 441 1841 inquinamento
462 1769 554 1825 cordis
574 1768 773 1825 conscientiam
788 1768 939 1824 custodire.
950 1753 979 1826 B
990 1770 1107 1842 placeat,
1128 1770 1179 1826 sed
1201 1777 1230 1826 et
1247 1772 1297 1828 illa
1315 1774 1422 1844 species
1439 1775 1615 1830 castimonie
1632 1776 1805 1833 observanda

122 1863 236 1917 Bonum
248 1865 400 1918 astantem
414 1867 444 1917 et
457 1862 574 1934 puritati
589 1862 763 1918 conveniens
776 1862 864 1917 etiam
877 1878 939 1917 cor·
990 1866 1042 1930 est,
1056 1863 1100 1918 uti
1115 1880 1151 1919 ue
1168 1864 1274 1936 passim
1292 1869 1321 1920 et
1337 1865 1464 1921 libidinis
1479 1867 1567 1923 solius
1587 1885 1672 1924 causa
1690 1870 1804 1926 feminis

121 1971 175 2026 pus
186 1971 264 2027 aquia
278 1955 395 2012 diluere.
410 1956 522 2011 Bonum
536 1971 603 2010 vero
617 1955 680 2010 dico
694 1971 753 2011 non
767 1955 848 2028 quasi
861 1956 939 2027 prin·
990 1960 1071 2011 coeat
1089 1957 1163 2028 quis,
1180 1957 1229 2012 sed
1245 1957 1418 2029 posteritatis
1435 1959 1602 2030 reparandae
1618 1962 1718 2033 gratia,
1739 1979 1804 2035 que

122 2048 218 2120 cipue
230 2048 298 2104 illud
307 2049 338 2104 in
351 2065 408 2121 quo
419 2065 501 2104 meus
510 2048 686 2120 purificatur,
696 2049 746 2104 sed
756 2048 834 2120 quod
844 2064 942 2121 seque·
991 2048 1239 2104 observantiarum
1247 2048 1805 2123 etiaminnonnullispecudibusinvenia·

125 2141 155 2195 la
167 2142 207 2196 sit
221 2141 292 2197 illius
304 2142 445 2213 bonihoc,
455 2143 486 2197 in
495 2158 553 2214 quo
564 2158 628 2197 caro
643 2141 771 2209 diluitur,
780 2141 855 2197 sicut
864 2141 941 2196 enim
990 2145 1047 2212 tur,
1060 2141 1175 2214 pudoris
1186 2147 1228 2198 cst
1240 2141 1263 2196 si
1277 2159 1336 2199 non
1351 2143 1386 2198 ab
1399 2144 1532 2199 omnibus
1546 2145 1762 2202 rationabilibus
1776 2151 1805 2202 et

124 2239 152 2288 et
163 2234 297 2305 llagistar
310 2240 405 2292 noster
419 2235 559 2308 quosdam
571 2235 777 2290 Pharisaeorum
793 2239 822 2291 et
836 2234 942 2290 Scriba·
991 2233 1081 2290 ileum
1097 2235 1255 2290 colentibus
1269 2236 1445 2292 observetur.
1463 2239 1537 2309 Ergo
1555 2254 1654 2295 omnes
1669 2256 1802 2311 peccave·

124 2344 199 2395 mm,
213 2328 441 2401 quividebautur
452 2345 514 2384 esse
524 2328 634 2384 ceteris
645 2328 776 2383 meliores
789 2331 819 2383 et
830 2327 941 2400 evulgo
990 2333 1068 2398 runt,
1083 2331 1112 2384 et
1121 2332 1209 2401 egent
1218 2329 1323 2386 auxilio
1336 2330 1395 2386 Dei.
1410 2332 1625 2404 propterquod,
1636 2333 1803 2403 charissimi,

125 2421 256 2494 separati,
273 2421 449 2494 increpabat,
465 2421 561 2478 dicens
576 2437 623 2477 cos
638 2421 808 2493 hypocritas,
824 2420 894 2492 quia
909 2437 942 2476 eo
991 2421 1137 2477 sectamini
1148 2438 1262 2496 semper
1275 2422 1443 2479 charitatem
1457 2427 1486 2480 et
1498 2425 1674 2481 emulamini
1686 2425 1806 2481 meliora

127 2515 303 2571 solummodo
326 2531 391 2588 que
411 2515 575 2570 homiuibus
598 2514 784 2582 videbantur,
808 2514 941 2587 purifica·
991 2517 1021 2569 et
1035 2514 1203 2587 spiritualia,
1224 2519 1254 2571 et
1272 2516 1402 2587 aaijuvate
1422 2533 1470 2572 vos
1489 2515 1620 2586 invicem,
1633 2523 1667 2574 ut
1681 2519 1804 2574 Domino

126 2607 204 2678 bant,
224 2608 313 2664 corda
330 2624 409 2680 vcro,
429 2623 494 2681 que
514 2607 591 2663 solus
612 2608 686 2662 Deus
707 2606 823 2679 aspicit,
844 2607 941 2679 inqui·
992 2623 1105 2679 semper
1117 2608 1147 2663 in
1161 2608 1293 2664 omnibus
1307 2608 1419 2680 placere
1433 2609 1555 2666 valeatis.
1570 2613 1671 2668 Amen.

128 2706 192 2757 nata
219 2701 418 2775 relinquebant
442 2705 471 2757 et
500 2700 614 2756 sordida
641 2700 750 2772 (naut.
777 2716 859 2770 xxvn,
887 2705 940 2769 25,

312 3001 591 3096 EPISTULA
624 2944 834 3112 QUINTA
867 3003 1068 3097 SANCTI
1102 2994 1419 3098 Ginnabris
1451 3006 1617 3100 PAPAE

244 3187 294 3252 ne
322 3187 491 3250 communi
513 3189 601 3266 uita,
630 3187 766 3270 reliquiis
785 3188 854 3251 suis
880 3187 1049 3270 discipulis
1073 3190 1194 3272 scriptu
1223 3189 1522 3272 Hierosolymisque
1549 3189 1682 3254 directa.

164 3360 508 3432 dilectissimisfratribus,
525 3366 554 3419 et
569 3362 769 3436 condiscipulis
781 3364 941 3436 llierosoly-
952 3373 980 3450 ρ
992 3365 1090 3421 domos
1099 3365 1141 3421 vel
1155 3381 1238 3437 agros
1247 3364 1429 3438 possidebant
1439 3363 1601 3420 vendebant
1608 3380 1666 3434 eos,
1676 3368 1704 3421 at
1712 3366 1805 3437 pretia

136 3453 182 3509 mis
192 3470 257 3510 oum
272 3454 438 3511 charissimo
452 3455 542 3512 hatre
560 3456 662 3513 lacobo
676 3456 844 3531 coepiscopo
857 3457 938 3513 habi·
990 3475 1090 3516 eorum
1103 3461 1131 3514 et
1144 3458 1270 3531 reliquas
1284 3473 1329 3513 res
1342 3473 1413 3529 quas
1425 3457 1576 3527 habebant,
1586 3456 1743 3513 afferebant
1752 3476 1804 3531 po·

137 3547 261 3618 lantibus,
276 3548 400 3606 Cusum
413 3549 572 3621 episcopus.
990 3555 1091 3609 nentes
1100 3556 1165 3607 ante
1174 3552 1261 3624 pedes
1269 3550 1463 3623 apostolorum
1475 3550 1545 3622 (Act.
1559 3567 1596 3620 iv,
1607 3552 1652 3622 ιι,
1662 3551 1706 3620 st,
1717 3553 1772 3624 35),
1788 3574 1803 3602 n

163 3640 327 3697 Communis
339 3641 406 3712 vita,
416 3641 527 3712 iratres,
539 3641 670 3699 omnibus
679 3641 841 3698 necessaria
850 3645 903 3713 est,
913 3646 942 3699 et
990 3645 1062 3700 sicut
1073 3643 1223 3700 nobiscum
1239 3644 1358 3716 quidam
1370 3647 1496 3700 vestrum
1509 3649 1704 3716 coguoverunt
1721 3648 1750 3701 et
1761 3645 1804 3700 vi-

134 3733 249 3790 maxime
261 3733 307 3790 his
319 3734 370 3807 qui
385 3735 442 3790 lieo
454 3735 744 3809 irreprehensibiliter
755 3735 877 3792 militare
890 3752 940 3791 cu·
990 3737 1147 3807 demnt3et
1154 3735 1318 3792 dividebant
1327 3736 1454 3807 singulis,
1460 3740 1546 3808 prout
1552 3738 1656 3810 cuique
1663 3753 1735 3809 opus
1744 3744 1806 3794 crat

134 3827 218 3897 piunt,
228 3827 357 3884 etvitarn
366 3829 562 3901 apostolorum
571 3845 725 3901 corumque
735 3828 941 3902 discipulorum
990 3830 1069 3902 (ibid.
1086 3831 1141 3902 35).
1158 3828 1310 3883 »Ananias
1326 3831 1423 3883 autem
1435 3829 1479 3883 vir
1491 3835 1631 3898 austerus,
1644 3832 1674 3884 et
1684 3829 1806 3902 zaphira

135 3918 231 3976 imitari
245 3921 355 3978 volunt.
373 3922 538 3978 Communis
553 3923 631 3978 enim
646 3938 713 3978 usus
728 3922 857 3979 omnium
875 3938 941 3995 quae
991 3940 1061 3980 uxor
1072 3923 1143 3995 ejus,
1158 3922 1207 3995 qui
1219 3921 1335 3977 mentiti
1347 3926 1411 3977 sunt
1425 3921 1556 3993 apostolis
1567 3921 1602 3977 de
1614 3922 1705 3993 pretio
1717 3938 1804 3994 agro·

134 4013 234 4069 suntin
245 4014 303 4070 hoc
315 4015 425 4071 mundo
441 4015 572 4071 omnibus
584 4031 644 4072 esse
656 4015 819 4071 hominibus
832 4015 940 4084 debuit,
990 4032 1056 4072 rum
1065 4032 1183 4073 suorum
1193 4032 1264 4088 quos
1272 4013 1472 4086 vendiderant,
1481 4014 1563 4070 nohis
1575 4015 1762 4086 presentibus
1773 4016 1805 4072 in

134 4105 177 4160 sed
191 4123 246 4180 per
264 4108 444 4180 iniquitatem
462 4108 535 4165 alius
548 4124 634 4164 suum
651 4123 711 4164 esse
728 4108 809 4178 dixit,
826 4109 943 4165 elalius
991 4114 1143 4182 conspectu
1155 4108 1284 4165 omnium
1296 4107 1459 4176 astantium,
1471 4124 1488 4163 a
1501 4111 1653 4180 conspectu
1667 4094 1806 4180 apostolo·

134 4198 212 4270 istud,
222 4205 251 4257 et
263 4200 304 4256 sio
317 4201 392 4257 inter
404 4202 539 4258 mortales
551 4202 626 4258 lacta
638 4200 737 4258 divisio
750 4206 801 4257 est.
814 4202 940 4274 Denique
990 4220 1057 4259 rum
1072 4208 1189 4276 propter
1201 4207 1349 4276 peccatum
1364 4218 1474 4271 eorum,
1489 4206 1518 4258 et
1531 4201 1714 4258 mendacium
1728 4204 1805 4274 quod

133 4291 290 4350 Gruterum
313 4294 431 4367 quidem
450 4295 686 4368 sapientissimus,
709 4295 770 4351 heo
792 4295 833 4351 ita
851 4295 942 4352 sciens
990 4294 1806 4369 lecerimt,nrortuidelatisuntambotdctm,luissetce·

134 4401 197 4455 esse,
215 4387 258 4443 ait
272 4388 436 4444 communia
450 4389 554 4446 debere
576 4404 636 4445 ease
658 4388 817 4444 amicorum
835 4388 941 4446 omnia.
991 4394 1053 4445 tera
1060 4389 1279 4463 quedatalibus
1288 4388 1476 4461 cognovimus
1484 4388 1648 4459 etvidimus,
1656 4405 1708 4445 nec
1715 4405 1807 4446 recor·

136 4479 161 4534 lu
178 4481 311 4537 omnibus
332 4486 428 4538 autem
447 4487 513 4540 sunt
526 4483 587 4539 sine
602 4482 688 4539 dubio
703 4485 732 4539 et
748 4482 892 4555 conjuges.
908 4483 943 4538 Et
991 4482 1113 4554 datione,
1125 4498 1177 4538 nec
1187 4482 1427 4538 demonstratione
1440 4481 1528 4554 digna
1541 4485 1618 4538 sunt.
1628 4482 1807 4555 Quapropter

135 4571 198 4629 sicut
210 4591 270 4630 nou
284 4578 389 4647 potest,
407 4576 510 4649 inquit,
533 4576 620 4633 dividi
635 4593 684 4632 aer
696 4592 791 4648 nequa
810 4576 943 4648 splendor
991 4576 1053 4633 hec
1065 4575 1145 4632 vobis
1157 4575 1282 4631 cavenda
1294 4574 1476 4644 mandamus,
1490 4578 1520 4630 et
1529 4575 1662 4631 doctrinis
1672 4581 1700 4631 et
1712 4592 1807 4631 exem·

136 4665 200 4735 solis,
212 4667 255 4723 ita
266 4684 320 4723 uec
333 4668 444 4742 reliqua
456 4686 520 4742 que
529 4670 718 4726 communiter
729 4669 822 4725 inhoc
836 4670 942 4724 mundo
991 4670 1045 4742 plis
1065 4670 1260 4742 apostolorum
1281 4667 1396 4724 obedire
1416 4668 1606 4740 precipimus,
1622 4668 1688 4740 quia
1706 4669 1736 4725 hi
1756 4671 1806 4743 qui

136 4760 340 4817 omuibusdata
354 4764 468 4819 suntad
484 4763 649 4820 habendum
663 4763 750 4820 dividi
763 4763 876 4833 debere,
892 4752 982 4827 sedl)
992 4762 1128 4819 mandata
1152 4778 1253 4818 eorum
1274 4764 1461 4834 postponunt,
1487 4777 1544 4816 non
1568 4761 1661 4816 solum
1681 4762 1733 4831 rei,
1756 4763 1807 4818 sed

136 4851 262 4909 habenda
272 4870 334 4910 esse
346 4857 520 4912 communia.
530 4857 611 4914 Unde
623 4861 652 4913 et
663 4857 802 4914 Dominus
813 4873 866 4928 par
878 4873 944 4929 pro·
992 4860 1120 4913 extorres
1134 4855 1214 4911 liunt.
1234 4855 1303 4920 Quae
1322 4871 1381 4911 non
1401 4855 1493 4910 solum
1510 4854 1592 4911 uobis
1611 4855 1741 4925 cavenda,
1757 4855 1806 4912 sed

135 4945 816 5024 phetamloquitur,dicens:«Eccequambouum,
824 4946 943 5023 etquam
993 4950 1126 5006 omnibus
1137 4948 1318 5023 predicanda
1331 4952 1407 5004 sunt.

133 5039 942 5115 jocundum,habitarelratresinunuthsolmmn,lt»
1028 5044 1159 5100 Relatum
1169 5047 1212 5099 est
1221 5043 1307 5099 etiam
1318 5042 1395 5114 quod
1406 5041 1521 5115 quidam
1531 5042 1560 5098 in
1570 5044 1669 5100 vestris
1678 5041 1806 5117 partibus

135 5136 290 5210 etreliqua.
307 5136 391 5193 latius
405 5138 483 5194 enim
497 5138 712 5195 consuetudinis
726 5154 807 5194 more
822 5141 942 5209 retento,
993 5140 1216 5208 commorantes,
1232 5136 1415 5192 adversantur
1430 5136 1504 5192 sanis
1521 5136 1665 5209 doctrinis,
1679 5141 1707 5193 et
1722 5141 1807 5209 prout

136 5227 213 5285 eliam
221 5231 344 5304 apostoli
354 5247 512 5304 eorumque
523 5232 652 5304 discipuli
663 5232 704 5304 (ut
712 5230 881 5305 predictum
892 5233 943 5304 est)
993 5231 1033 5289 eis
1046 5230 1169 5302 videtur,
1182 5246 1241 5287 non
1252 5230 1408 5287 secumdum
1421 5230 1605 5287 traditionem
1618 5232 1744 5300 Petrum,
1757 5230 1806 5284 sed

136 5323 342 5379 unauobiscum
350 5324 530 5382 atvobiscum
538 5325 815 5382 communemvitam
825 5325 943 5392 duxere,
990 5324 1074 5395 juxta
1088 5340 1205 5380 sensum
1227 5340 1311 5379 suurn
1332 5323 1433 5379 docere
1449 5323 1590 5380 videntur.
1607 5323 1705 5379 Multas
1726 5321 1806 5375 euim

134 5415 204 5472 uude
217 5417 259 5487 tut
270 5417 345 5473 boue
361 5417 458 5491 nostis)
472 5439 487 5470 o
503 5421 566 5474 crat
577 5418 768 5475 multitudinis
783 5434 883 5475 eorum
896 5433 945 5474 cor
993 5417 1121 5491 mudum,
1131 5422 1162 5474 ut
1172 5417 1339 5488 audivimus,
1349 5421 1507 5474 vestramm
1516 5416 1639 5490 partium
1650 5412 1806 5469 secuudum

135 5523 217 5565 unum
234 5516 264 5566 st
276 5510 373 5566 anima
390 5527 457 5580 una,
471 5528 523 5568 nec
541 5512 691 5586 quisquam
708 5528 810 5568 eorum
828 5517 878 5569 aut
890 5529 944 5569 no·
993 5511 1143 5584 ingenium
1155 5510 1306 5567 hominum
1317 5510 1406 5566 exhis
1419 5504 1805 5583 quelegimt,verisimilitu·

132 5605 218 5658 thum
229 5603 266 5660 de
279 5603 324 5659 his
336 5620 401 5678 quae
414 5605 694 5678 possidebataliquid
704 5622 789 5662 suum
802 5622 861 5663 esse
871 5607 944 5663 dice·
995 5605 1077 5661 dines
1090 5604 1213 5677 capiunt,
1231 5610 1259 5661 et
1273 5605 1337 5662 ideo
1356 5605 1511 5675 diligenter
1529 5599 1737 5657 observandum
1751 5605 1805 5670 est,

133 5692 186 5766 bat,
205 5697 256 5753 aad
273 5697 371 5754 omnia
387 5697 445 5755 illis
461 5701 491 5755 et
504 5699 586 5755 nobis
603 5701 686 5754 erant
704 5699 876 5769 communia,
891 5716 945 5756 nac
996 5704 1027 5755 ut
1040 5703 1068 5755 et
1080 5699 1127 5756 lex
1139 5699 1190 5755 Dei
1204 5715 1269 5754 cnm
1284 5697 1362 5775 legit,
1373 5712 1432 5753 non
1445 5694 1599 5752 secundum
1612 5693 1758 5766 propriam
1767 5696 1809 5750 iu·

133 5789 281 5865 qaisquam
300 5807 390 5864 egeus
408 5795 472 5848 erat
488 5793 564 5854 iuter
580 5807 643 5848 uos.
658 5793 761 5850 Omnes
782 5797 878 5851 autem
895 5792 944 5866 qui
995 5793 1073 5866 genii
1086 5792 1305 5867 intelligentiam
1316 5792 1428 5863 legatur
1440 5788 1484 5844 vel
1494 5789 1636 5845 doceatur.
1645 5789 1716 5846 Sunt
1729 5790 1807 5848 euim
