3870 6150
122 218 174 277 aas
564 212 706 270 urrann.
724 211 769 270 ao
787 211 868 267 sac.
888 208 931 267 u.
947 237 982 249 -
1000 207 1123 265 rsioonr
1141 208 1352 268 nmmrorus
1677 184 1680 188 ’
1748 204 1801 264 uo

122 340 280 398 eorumque
304 340 368 395 quae
395 321 431 378 ad
459 321 606 394 querelam
629 319 760 377 venirent
783 334 881 373 causas
906 321 935 372 et
945 317 1082 401 Acordia
1096 322 1156 388 tua,
1178 318 1247 379 sides
1268 323 1317 375 tua
1332 335 1422 392 usque
1444 316 1480 376 ad
1500 317 1600 388 nubes,
1621 314 1732 390 iustitia
1752 321 1802 372 tua

123 417 360 490 interrogationes
372 415 528 488 prudenter
540 413 712 486 disponeret.
727 411 809 477 Quod
822 411 870 466 Dei
886 427 933 466 or·
984 413 1174 468 sicutmontes
1180 413 1239 480 Dei,
1244 413 1353 485 judicia
1361 415 1546 486 tuaabyssum
1553 412 1801 469 multa.llomines

123 512 267 570 dinatioue
279 509 373 565 taliter
387 509 551 565 ordinatum
561 523 620 564 esse
629 505 782 573 credimus,
790 521 826 560 ne
836 520 934 560 omnes
985 512 1014 562 ct
1032 507 1166 578 jumenta
1184 508 1272 562 salvos
1291 507 1385 577 facies,
1408 508 1538 576 Domine,
1562 524 1650 580 quam
1678 507 1802 578 pretiosa

121 610 301 680 posterorum
334 605 435 659 cuncta
458 601 511 657 sibi
535 600 720 668 uindicarent,
751 599 799 654 sed
824 614 936 670 semper
984 600 1181 657 misericordia
1197 605 1254 672 tua,
1271 603 1352 658 Deus.
1375 603 1410 658 Et
1423 602 1571 658 tiliiltdam
1584 603 1615 657 iu
1632 600 1803 656 umbraala-

121 701 244 773 majores
256 714 347 756 causa
361 696 433 752 sicut
447 697 515 751 sunt
529 693 728 767 episcopomm
743 696 771 747 et
790 692 936 764 potiorum
984 711 1050 751 rum
1056 699 1172 750 tuarum
1178 696 1344 767 sperabunt.
1352 695 1573 751 lnobriabuntur
1582 695 1617 750 de
1625 694 1801 767 pinguedine

121 811 198 851 curas
211 792 393 865 negotiomm
412 789 448 844 ad
468 803 553 843 uuam
574 787 650 843 beati
670 786 806 859 principis
821 790 934 858 aposto·
985 790 1086 846 domus
1105 792 1162 844 tuae
1182 792 1210 844 et
1232 792 1358 846 torrente
1372 789 1538 846 deliciarum
1560 794 1676 846 tuarum
1692 787 1802 859 potabis

120 889 214 945 lorum
234 884 310 941 Petri
330 882 429 939 sedem
451 881 631 943 confluerent
652 883 686 934 ut
703 879 769 934 inde
782 879 937 951 suscipiant
986 900 1045 940 eos.
1061 883 1200 949 Quoniam
1214 888 1310 939 tecum
1322 889 1365 939 est
1380 885 1443 939 lons
1455 885 1529 954 vitoe,
1540 887 1570 940 et
1586 884 1616 940 in
1628 882 1743 939 lumino
1754 888 1803 938 tuo

120 980 209 1039 tinem
220 977 406 1051 judiciorum,
421 975 498 1030 uude
514 977 684 1045 acceperunt
695 972 808 1028 initium
820 973 934 1028 institu·
985 976 1704 1035 videbimuslumen.1lttrahemisericordiamtuam
1715 976 1803 1033 scien·

120 1076 243 1141 tionum,
259 1087 294 1127 ne
307 1069 508 1143 quandoquea
525 1084 576 1122 suo
586 1067 778 1138 discreparent
792 1066 892 1139 capite.
908 1066 936 1123 Si
985 1070 1061 1126 tibus
1073 1074 1110 1139 tc,
1124 1075 1152 1126 et
1161 1069 1302 1141 justitiam
1315 1075 1393 1126 tuam
1408 1072 1491 1128 rectis
1512 1072 1610 1128 corde.
1626 1072 1687 1127 Non
1707 1070 1804 1126 veniat

121 1183 188 1223 vero
201 1181 229 1221 se
242 1164 345 1220 viderit
358 1163 507 1235 quisquam
522 1164 647 1216 vestrum
662 1159 843 1233 progressori,
864 1160 936 1216 hanc
985 1163 1057 1218 mihi
1070 1180 1121 1236 pes
1135 1163 1320 1236 superbiae,et
1329 1165 1592 1238 mauusimpiomm
1602 1182 1659 1220 nou
1671 1181 1719 1220 me
1729 1181 1804 1221 com-

122 1261 219 1318 sedem
232 1258 362 1330 appellet,
388 1257 443 1312 huc
465 1259 602 1322 recurrat,
628 1257 659 1310 ut
681 1270 794 1325 semper
808 1254 936 1310 Instituta
985 1261 1110 1328 moveat,
1131 1257 1171 1312 ibi
1193 1257 1356 1314 ceciderunt
1378 1263 1530 1331 operantes
1553 1259 1745 1331 iniquitatem,
1761 1276 1805 1313 ex-

122 1355 176 1412 iuit
188 1350 372 1418 cousuetudo,
384 1349 451 1422 quia
464 1354 493 1404 ct
507 1348 665 1404 voluntarie
679 1347 719 1402 eis
732 1347 937 1418 compatiemur
986 1352 1059 1424 pulsi
1074 1357 1140 1408 suut
1153 1355 1182 1408 et
1192 1368 1252 1407 non
1266 1355 1423 1424 potuerunt
1443 1369 1562 1424 surgere
1586 1354 1668 1422 (Psol.
1691 1355 1804 1419 mni

123 1451 152 1504 et
163 1448 284 1503 libenter
296 1448 383 1518 prout
399 1442 535 1499 Dominus
552 1441 662 1498 dederit
675 1440 880 1496 adminicrdum
894 1441 935 1497 le·
987 1451 1012 1501 et
1023 1446 1101 1516 seq).
1117 1445 1310 1502 »Audivimus
1325 1463 1343 1501 a
1363 1447 1534 1519 quibusdam
1551 1447 1687 1503 iratribus
1702 1447 1804 1519 quibus

122 1534 936 1612 remus.Necaquoquam‚iratres,inhibeaturautobjur-
986 1538 1082 1594 infesti
1101 1539 1186 1595 oratis
1206 1539 1293 1595 nimis
1315 1541 1392 1612 quod
1410 1540 1507 1612 jurgia
1527 1546 1556 1596 et
1575 1541 1725 1596 discordiae
1747 1541 1804 1596 sint

123 1638 265 1714 geturqui
275 1640 378 1692 nostru
388 1651 503 1692 consors
514 1631 722 1689 communionis
731 1648 793 1688 esse
806 1631 936 1701 voluerit,
986 1631 1142 1688 intervos.
1171 1635 1322 1703 Propterea
1346 1634 1400 1689 ista
1422 1634 1587 1706 scripsimus
1612 1634 1694 1690 vobis
1722 1650 1802 1711 man·

123 1738 152 1790 et
164 1731 258 1804 magis
273 1730 299 1787 ei
312 1728 443 1785 veniendi
457 1726 597 1783 auxilium
614 1728 740 1799 praestet,
755 1725 821 1798 quia
835 1700 976 1780 sullicitss
988 1726 1088 1782 dantes
1113 1730 1144 1781 ut
1161 1726 1200 1781 ita
1219 1727 1339 1782 teneatis
1363 1727 1436 1783 sicut
1456 1733 1485 1783 ot
1505 1729 1540 1784 ab
1559 1729 1719 1800 apostolica
1738 1727 1803 1784 sede

123 1826 276 1898 unicuique
297 1821 458 1895 objurgatio
480 1837 544 1892 quae
565 1819 598 1876 fit
620 1836 637 1873 a
655 1818 793 1892 plurimis,
806 1823 840 1874 ut
858 1819 939 1891 juxta
987 1819 1065 1876 vobis
1081 1820 1205 1874 tenenda
1222 1821 1404 1876 mandantur.
1421 1820 1502 1876 Unde
1520 1821 1655 1878 Dominus
1667 1822 1699 1877 in
1713 1823 1803 1876 Evan-

122 1919 286 1992 Apostolum
301 1915 419 1986 «magis
432 1913 545 1970 donetis
559 1917 588 1968 et
604 1912 800 1981 consolemini,
816 1912 939 1968 neforto
989 1914 1063 1986 gello
1082 1913 1221 1969 militibus
1242 1914 1486 1986 interrogantibus
1509 1916 1656 1986 respondit
1681 1915 1800 1971 diceus:

122 2010 325 2070 abundantiori
346 2008 460 2065 tristitm
481 2007 666 2063 absorbeatur
686 2007 737 2079 qui
757 2006 788 2062 in
808 2005 940 2078 angustia
990 2007 1166 2062 «Neminem
1189 2008 1355 2087 concutiatis
1376 2023 1470 2080 usqam
1492 2008 1665 2064 calumniam
1688 2008 1801 2078 iacietis,

27 2177 29 2180 Ι
122 2110 173 2164 est.
186 2108 305 2176 Propter
323 2101 400 2175 quod
420 2101 535 2157 obsecro
553 2117 612 2169 vos,
628 2103 662 2155 ut
681 2100 743 2171 ipse
756 2099 805 2170 ait,
822 2104 855 2155 ut
876 2115 940 2155 con·
989 2101 1038 2156 sed
1055 2101 1182 2156 contenti
1193 2103 1282 2156 estote
1300 2100 1449 2173 stipendiis
1462 2102 1560 2157 vestris
1576 2104 1650 2174 (Luc.
1666 2118 1709 2171 ιιι,
1723 2104 1802 2170 tlt.»

123 2199 244 2257 llrmctis
263 2198 294 2252 in
308 2197 356 2251 illo
376 2195 551 2251 charitatem.
567 2215 581 2244 »
604 2193 645 2266 (Π
657 2195 717 2252 Cor.
735 2210 764 2261 n,
778 2191 815 2264 7.)
835 2193 940 2248 Eorum
989 2194 1202 2250 Consulitenim
1210 2194 1358 2250 hominem
1372 2194 1422 2266 qui
1434 2195 1515 2250 illum
1528 2196 1632 2268 injuste
1645 2196 1801 2264 conturbat,

124 2294 202 2350 euim
214 2309 245 2346 os
257 2289 411 2346 accusandi
423 2286 581 2343 sacerdotes
599 2286 644 2342 vel
664 2284 834 2342 testificandi
849 2285 879 2340 in
893 2301 940 2341 eos
989 2288 1024 2342 de
1036 2287 1079 2342 bis
1092 2288 1154 2342 baec
1166 2287 1244 2342 vobis
1259 2288 1404 2343 interdum
1416 2288 1566 2344 sufficiant.
1589 2288 1617 2345 Si
1636 2293 1735 2344 autem
1750 2306 1803 2344 ma·

70 2397 74 2404 ‘
124 2385 307 2454 obstruimus,
321 2399 394 2455 quos
407 2397 467 2437 non
481 2379 624 2448 humanis,
640 2378 688 2435 sed
711 2378 812 2435 divinis
824 2378 940 2434 vocibus
985 2380 1097 2452 juribus
1106 2380 1294 2452 indigueritis,
1307 2382 1364 2437 vita
1377 2383 1479 2438 comite
1491 2383 1604 2450 mittite,
1616 2385 1645 2437 et
1657 2383 1803 2438 mittentur

122 2483 249 2536 mortuos
264 2493 324 2534 esse
339 2476 452 2544 scimus,
469 2474 604 2546 quoniam
619 2474 742 2529 infidelis
754 2473 842 2529 homo
860 2489 939 2528 mor·
989 2474 1077 2530 vobis.
1094 2476 1132 2530 De
1144 2474 1189 2528 nis
1203 2491 1268 2530 vero
1281 2492 1367 2547 super
1381 2476 1484 2547 quibus
1500 2476 1645 2548 rogitastis
1659 2493 1710 2532 ros
1722 2477 1803 2532 inier-

123 2578 190 2630 tuus
206 2572 292 2647 estin
308 2586 427 2643 corpore
442 2568 563 2637 virente,
580 2584 632 2624 nec
646 2568 677 2623 in
690 2566 877 2639 suspicionem
892 2581 940 2619 ve·
990 2568 1072 2638 mari,
1082 2568 1112 2623 id
1125 2572 1169 2623 est
1182 2572 1280 2624 utrum
1294 2569 1386 2640 majus
1396 2573 1469 2624 esset
1483 2576 1693 2626 sacramentum
1707 2588 1803 2626 manns

123 2668 185 2723 niat
197 2668 287 2724 homo
301 2664 401 2734 tidelis,
415 2666 448 2718 ut
470 2662 545 2718 dicat
566 2667 615 2718 aut
635 2661 720 2717 iaciat
740 2677 774 2716 aa
797 2676 861 2732 quae
882 2659 942 2732 pati
991 2661 1135 2733 impositio
1144 2661 1340 2734 episcoporum
1353 2664 1403 2717 aut
1417 2662 1691 2734 baptismus,scitotc
1703 2670 1804 2720 utrum·

123 2778 181 2818 non
194 2759 263 2815 vult.
281 2759 308 2815 Si
321 2758 384 2831 quis
399 2756 489 2812 tidelis
501 2760 543 2811 est
556 2755 649 2811 videat
665 2771 700 2809 ne
714 2754 783 2810 falsa
796 2756 939 2828 loquatur,
991 2772 1046 2827 que
1066 2771 1205 2827 maguum
1230 2772 1290 2811 esse
1319 2761 1538 2812 sacramentum.
1567 2758 1600 2811 Et
1624 2757 1699 2813 sicut
1719 2775 1803 2813 unum

125 2859 175 2911 aut
186 2853 320 2925 cuiquam
334 2850 452 2906 insidias
466 2852 564 2921 ponat.
586 2848 676 2903 Facile
699 2851 742 2903 est
764 2864 833 2921 ergo
847 2850 940 2906 homi·
990 2866 1006 2904 a
1020 2848 1177 2920 majoribus
1189 2848 1230 2917 fit,
1244 2850 1274 2904 id
1289 2853 1341 2920 cst,
1355 2867 1372 2904 a
1384 2851 1504 2905 summis
1525 2851 1718 2921 pontificibus,
1733 2851 1803 2923 quod

125 2963 191 3005 nem
206 2945 313 3013 fallere,
327 2960 385 2999 uon
400 2947 496 2998 tamen
516 2943 617 2997 Deum.
636 2941 753 3012 Sapiens
765 2959 822 2998 uon
837 2944 941 3016 estqui
991 2960 1009 2997 a
1022 2943 1179 2998 minoribus
1197 2942 1294 3015 perlici
1308 2960 1367 2999 nou
1381 2948 1486 3016 potest,
1507 2946 1548 2999 ita
1566 2950 1595 2999 ct
1612 2946 1715 3018 majori
1729 2962 1803 3000 uerie-

124 3043 219 3097 nocct.
236 3040 270 3095 Et
280 3038 353 3094 nihil
367 3037 436 3092 mali
450 3036 509 3091 uult
523 3035 572 3107 qui
583 3037 625 3090 est
636 3034 738 3104 fidelis,
753 3036 784 3091 iu
805 3037 850 3093 his
863 3037 941 3094 enim
991 3037 1102 3092 ratione
1115 3037 1311 3091 venerandum
1332 3041 1360 3092 et
1374 3038 1531 3094 teucudum
1552 3044 1603 3105 est,
1629 3039 1680 3094 scd
1694 3040 1734 3094 ita
1746 3056 1805 3094 cou-

127 3134 242 3190 irdelcm
254 3138 282 3189 et
291 3132 435 3188 infidelem
454 3129 601 3185 bominem
614 3145 781 3201 cognoscere
793 3148 942 3202 possumus
988 3130 1088 3202 juncta
1098 3135 1164 3184 sunt
1177 3129 1238 3184 haec
1251 3131 1306 3185 duo
1321 3135 1508 3200 sacramenta,
1522 3136 1554 3186 ut
1568 3133 1603 3186 ab
1618 3132 1743 3188 invicem
1756 3132 1804 3188 nisi

126 3230 155 3284 in
168 3226 297 3283 nocendo
317 3230 345 3282 et
362 3224 531 3297 adJuvando,
544 3227 574 3278 nt
588 3223 648 3295 ipsa
661 3224 769 3279 Veritas
781 3223 842 3280 ait:
860 3247 874 3275 «
889 3227 940 3280 Bo·
992 3228 1083 3278 morte
1102 3223 1291 3295 preveniente
1306 3225 1466 3279 nullatenus
1485 3225 1596 3297 possint
1609 3227 1768 3298 segregari,
1781 3232 1805 3281 et

125 3340 179 3379 nus
194 3322 280 3377 homo
294 3337 330 3375 cx
343 3319 419 3374 bono
433 3318 566 3374 thesauro
577 3316 667 3372 cordis
677 3317 720 3371 sui
734 3316 844 3389 profert
856 3318 940 3388 bona,
991 3333 1083 3372 unum
1099 3317 1159 3371 sine
1174 3317 1264 3371 altero
1277 3318 1329 3372 rite
1343 3319 1505 3388 perliciuon
1519 3324 1619 3390 protest.
1633 3321 1705 3374 Nam
1721 3337 1804 3375 unum

33 3480 36 3492 Ι
127 3423 155 3472 ct
168 3415 260 3471 malus
271 3414 357 3470 homo
372 3428 408 3468 ex
422 3411 497 3465 malo
509 3410 643 3466 thesauro
664 3410 756 3466 cordis
769 3411 813 3465 sui
834 3411 943 3483 profert
991 3411 1185 3483 praeveniente
1199 3413 1290 3465 morte
1303 3412 1408 3466 salvare
1426 3413 1486 3467 sine
1507 3414 1594 3467 altero
1616 3417 1720 3483 potest,
1736 3413 1805 3468 aliud

126 3511 211 3579 mala,
226 3526 261 3565 ex
272 3505 445 3564 abundantia
460 3504 537 3560 enim
550 3503 643 3560 cordis
656 3520 687 3559 os
698 3504 825 3576 loquitur
834 3505 941 3576 (Marto.
993 3507 1089 3559 autem
1104 3521 1161 3558 non
1184 3509 1285 3575 potest.
1301 3505 1381 3560 Unde
1403 3505 1539 3577 scriptum
1556 3513 1598 3562 est
1615 3523 1621 3560 :
1638 3528 1652 3555 «
1669 3509 1698 3561 lu
1712 3508 1806 3563 diebus

127 3622 175 3673 ιιι,
196 3604 240 3670 34,
261 3603 315 3671 ³5).
332 3623 346 3650 n
368 3601 423 3655 Pro
445 3598 527 3653 nobis
547 3597 623 3654 enim
646 3597 714 3654 dicit
734 3598 870 3653 Dominus
891 3615 944 3671 per
993 3597 1046 3652 illis
1059 3598 1126 3653 dicit
1138 3598 1292 3653 Dominus:
1309 3597 1458 3654 Effundam
1472 3599 1507 3654 de
1525 3599 1631 3670 Spiritu
1645 3616 1712 3655 mco
1728 3615 1806 3672 super

126 3698 305 3770 prophetam.
315 3696 369 3750 Eos
382 3707 447 3748 vero
459 3691 508 3763 qui
515 3691 647 3762 judicant
660 3708 720 3761 vos,
731 3708 785 3763 ego
795 3692 941 3763 judicabo.
993 3709 1110 3747 onmem
1125 3708 1239 3746 carnem
1254 3691 1326 3760 (Joct.
1342 3708 1372 3760 11,
1388 3695 1442 3763 28).
1458 3714 1471 3741 ιι
1486 3693 1672 3748 advertamus
1686 3710 1806 3749 summas

127 3793 162 3847 Et
182 3791 289 3846 iterum
310 3787 346 3842 ad
368 3803 462 3842 servos
483 3784 574 3840 dixit:
590 3784 682 3840 Nolite
712 3785 814 3840 timere
836 3801 941 3857 oppro-
993 3786 1102 3841 diritius
1114 3785 1248 3841 bonitatis
1261 3784 1411 3849 Dei.Quod
1425 3785 1455 3840 iu
1467 3785 1671 3842 confirmandis
1686 3788 1805 3859 neophy-

126 3885 222 3942 brium
232 3880 383 3940 hominum
395 3885 424 3936 et
434 3878 624 3951 blasphemias
634 3894 735 3935 corum
748 3894 784 3934 ue
796 3878 941 3934 metuatis.
993 3879 1027 3932 lis
1041 3895 1144 3932 inuisus
1165 3878 1312 3949 impositio
1332 3878 1430 3933 tribuit
1454 3879 1584 3952 singulis,
1599 3880 1654 3935 boc
1669 3886 1740 3936 tunc
1752 3881 1806 3954 Spi-

129 3981 166 4034 De
181 3978 283 4034 talibus
296 3990 411 4048 quoque
424 3974 564 4044 propheta
574 3972 659 4042 cauit,
670 3972 768 4028 diceus
784 3987 790 4026 ι
807 3993 821 4021 «
832 3973 893 4026 Nou
905 3971 944 4026 sic
993 3972 1064 4026 ritus
1078 3972 1165 4026 sancti
1174 3972 1318 4027 descensio
1328 3972 1358 4027 in
1369 3972 1546 4029 credentium
1560 3974 1680 4046 populos
1695 3975 1806 4032 donarit

130 4072 219 4144 impii,
240 4070 290 4124 sed
313 4074 451 4139 tanquam
473 4064 565 4136 pulvis
586 4080 673 4136 quom
698 4063 811 4135 projicit
832 4066 943 4130 ventus,
995 4065 1140 4119 universis.
1156 4066 1211 4120 Sed
1223 4065 1290 4137 quia
1306 4065 1427 4121 dicimus
1439 4067 1514 4138 quod
1537 4084 1640 4122 uranus
1653 4068 1806 4141 impositio,

130 4168 279 4236 propterca
304 4176 362 4215 non
383 4161 534 4228 resurgent
559 4155 641 4227 impii
666 4155 697 4210 iu
719 4155 828 4227 judicio
852 4172 945 4228 neque
994 4162 1022 4213 et
1037 4158 1223 4225 consumatio,
1239 4162 1267 4214 et
1280 4160 1329 4231 qui
1335 4161 1397 4231 jam
1407 4165 1592 4231 regeneratus
1604 4161 1634 4216 in
1647 4162 1762 4218 Christo
1772 4166 1806 4218 est

130 4257 289 4329 peccatores
320 4253 349 4307 in
376 4249 597 4322 congregatione
622 4249 776 4320 justorum.
803 4249 945 4314 Quoniam
994 4253 1160 4308 confirmare
1179 4252 1285 4325 aliquid
1298 4253 1395 4326 possit,
1409 4254 1482 4308 forte
1497 4255 1603 4326 cogitat
1616 4255 1669 4310 sibi
1689 4257 1805 4329 aliquis:

129 4349 207 4406 novit
232 4347 367 4427 Dominus
393 4346 468 4401 viam
491 4344 636 4415 justorum
658 4346 686 4400 et
711 4342 766 4398 iter
777 4342 944 4416 impliorum
994 4346 1067 4411 Quid
1081 4345 1153 4401 mihi
1171 4348 1285 4418 prodest
1297 4352 1361 4419 post
1383 4348 1550 4419 mysterium
1563 4349 1807 4422 baptismatismy·

131 4442 234 4516 peribit
249 4442 330 4514 (Psol.
345 4458 364 4509 1,
378 4441 395 4495 l
408 4444 433 4496 et
445 4437 523 4510 seq).
533 4459 547 4487 n
561 4459 574 4488 ο
584 4437 677 4502 Quare
687 4437 863 4494 conturbate
881 4440 985 4514 suntl)
997 4440 1115 4495 sterium
1142 4440 1385 4497 confirmationis?
1407 4446 1462 4497 Aut
1486 4445 1627 4514 quantum
1650 4443 1735 4500 video
1760 4459 1809 4499 uon

131 4542 238 4610 gentas,
255 4541 284 4593 ct
300 4535 396 4609 plebes
411 4531 629 4590 meditabuntur
642 4531 756 4587 inaniat
767 4535 947 4605 consurgent
997 4537 1087 4588 totum
1103 4533 1137 4588 de
1148 4532 1226 4590 lente
1236 4533 1421 4607 suscepimus,
1431 4535 1524 4607 sipost
1533 4537 1644 4591 iontem
1655 4537 1809 4609 adiectione

130 4648 210 4704 reges
226 4635 319 4698 torrae,
333 4632 362 4685 et
375 4628 517 4701 principes
526 4625 686 4682 tmctnbunt
695 4625 802 4697 pariter
814 4627 947 4682 adversus
996 4627 1063 4682 novi
1075 4627 1188 4698 generis
1199 4627 1372 4700 indigemus.
1389 4630 1450 4683 Non
1464 4629 1512 4697 itu,
1530 4629 1718 4700 dilectissimi,
1729 4637 1812 4687 nttcn·

130 4724 281 4780 Dominum
294 4727 322 4779 ct
335 4723 467 4778 adversus
483 4721 627 4778 Christum
644 4719 714 4791 ejus.
732 4719 947 4792 Disrumpamus
998 4720 1047 4775 dat
1061 4720 1185 4776 charitas
1197 4724 1300 4777 vestra.
1324 4721 1403 4778 Sicut
1426 4723 1516 4795 exigit
1534 4723 1665 4779 militaris
1684 4724 1757 4780 ordo
1773 4729 1810 4792 ut,

129 4817 241 4873 vincula
262 4833 371 4887 eorum,
395 4820 423 4871 et
446 4814 629 4887 projiciamus
649 4830 665 4868 a
687 4813 767 4868 nobis
784 4813 888 4885 jugum
901 4815 945 4885 ip·
997 4831 1062 4869 cum
1082 4813 1238 4886 imperator
1258 4831 1458 4887 quemcunque
1481 4817 1510 4871 in
1531 4816 1657 4872 militum
1674 4817 1813 4890 receperit

130 4928 238 4968 sorum.
253 4910 397 4968 dubitator
418 4909 481 4964 coeli
503 4908 615 4976 ridebit,
632 4911 660 4963 et
674 4906 812 4963 Dominus
833 4907 947 4963 subsau·
996 4923 1159 4976 numerum,
1180 4925 1238 4963 nou
1259 4909 1351 4963 solum
1369 4908 1462 4979 signet
1476 4913 1635 4981 receptum,
1659 4911 1709 4967 sed
1728 4913 1812 4968 etiam

129 5004 211 5060 nabit
232 5020 289 5058 eos.
312 5004 389 5059 Tunc
408 5003 541 5074 loquetur
561 5001 596 5056 ad
618 5016 665 5056 eos
679 4999 710 5054 in
728 4999 771 5054 ira
791 5016 851 5067 sua,
870 5003 899 5055 ot
917 5000 947 5056 in
996 5001 1083 5056 armis
1104 5001 1331 5073 competentibus
1353 5002 1473 5059 instruat
1496 5009 1707 5075 pugnatumm;
1732 5005 1812 5061 itaiu

131 5099 227 5154 lurore
245 5113 295 5152 suo
308 5094 489 5153 conturbabit
505 5111 553 5151 eos
573 5094 654 5164 (Psoi.
666 5097 722 5161 11,l
744 5096 770 5147 et
786 5093 887 5166 sept»
913 5094 948 5148 Et
997 5094 1138 5165 baptizato
1152 5095 1309 5150 benedictio
1332 5095 1379 5149 illa
1400 5097 1520 5151 munitio
1544 5103 1595 5153 cst.
1618 5098 1730 5154 Dedisti
1744 5097 1814 5154 mili·

130 5192 197 5248 alibi
211 5190 327 5247 dixit:«
337 5189 431 5245 Scelus
445 5187 526 5260 impii
539 5186 568 5242 in
582 5186 677 5242 medio
691 5186 782 5241 cordis
805 5187 875 5258 ejus,
890 5202 947 5241 non
996 5192 1064 5254 tem,
1080 5187 1150 5242 daei
1163 5188 1362 5259 adjumentum
1386 5189 1504 5244 militiae.
1529 5191 1664 5263 Nunquid
1686 5192 1813 5263 prodest,

129 5290 171 5342 est
184 5285 271 5341 timor
283 5283 335 5338 Dei
348 5288 416 5338 ante
428 5282 522 5337 oculos
536 5280 597 5352 ejus
608 5280 690 5352 (Psoi.
705 5281 806 5349 ursuli.
817 5300 830 5329 a
846 5302 860 5328 α
871 5280 945 5344 Quo·
997 5280 1020 5333 si
1033 5281 1186 5352 quisquam
1199 5285 1349 5352 parentum
1364 5298 1502 5353 magnam
1516 5284 1627 5355 pupillo
1641 5286 1768 5343 conferat
1777 5288 1815 5341 la·

129 5379 208 5435 niam
230 5378 327 5434 dolose
349 5377 408 5448 egit
426 5376 560 5431 adversus
580 5391 648 5430 eum
669 5374 699 5429 in
721 5372 809 5428 oculis
831 5373 901 5445 ejus,
917 5375 948 5428 ut
997 5375 1140 5441 cultatem,
1154 5373 1207 5428 nisi
1219 5374 1368 5446 providere
1384 5376 1496 5431 studeat
1510 5380 1695 5435 ettutoreml
1719 5381 1815 5452 ltaque

130 5470 461 5544 inveniretiniquitatem
473 5469 509 5524 ad
523 5468 630 5524 odium.
644 5466 735 5523 Verba
747 5467 803 5522 oris
815 5467 875 5539 ejus
890 5466 945 5521 ini·
996 5467 1155 5522 Paracletus
1167 5469 1341 5539 regeneratis
1364 5469 1393 5523 iu
1413 5469 1523 5525 Christo
1543 5475 1648 5538 custos,
1667 5476 1697 5528 et
1718 5489 1816 5528 conso·

129 5567 223 5639 quites
236 5571 264 5623 ct
278 5565 369 5633 dolus,
385 5563 501 5620 cessavit
512 5561 635 5634 cogitare
651 5566 681 5616 ut
693 5561 878 5616 benefaceret.
893 5559 947 5616 lni-
996 5560 1112 5616 lateret
1129 5565 1206 5616 tutor
1220 5566 1269 5617 est.
1290 5562 1358 5617 ideo
1382 5562 1450 5618 dicit
1470 5580 1564 5620 sermo
1587 5564 1720 5622 divinus:
1732 5567 1816 5623 «Nisi

128 5660 265 5730 quitatem
290 5658 396 5732 cogitat
416 5657 447 5713 in
467 5656 554 5714 cubili
575 5672 636 5726 suo,
659 5653 745 5710 stabit
766 5655 795 5710 iu
819 5654 863 5709 via
890 5670 946 5710 non
996 5653 1133 5710 Dominus
1157 5654 1322 5711 custodierit
1347 5654 1492 5712 civitatem
1512 5659 1621 5723 ¹frustra
1644 5659 1746 5732 vigilat
1764 5660 1816 5734 qul

121 5751 208 5805 bona
227 5755 335 5807 matrim
358 5769 414 5808 non
429 5751 551 5824 abJ'iciet.
570 5750 699 5813 Domine.
714 5749 742 5805 in
756 5749 825 5806 coelo
839 5747 947 5805 miseri·
997 5747 1118 5802 cristodit
1140 5764 1202 5804 eam
1226 5748 1309 5811 (Paul.
1330 5765 1418 5817 cxxvi,
1436 5748 1471 5822 ll.
1483 5773 1495 5797 υ
1511 5752 1585 5824 Ergo
1607 5751 1734 5824 Spiritus
1753 5771 1818 5810 sau·
