3870 6150
60 178 134 231 ¹029
686 178 923 236 nucuernluul
943 178 1135 235 collectio.
1683 182 1750 237 lose

56 283 191 356 quotidie
212 291 391 354 provocaret.
407 287 486 342 Nunc
509 288 589 343 tarde
613 288 785 360 injuriarum
804 288 880 344 mole
888 293 1081 374 Aserventnr
1112 301 1257 358 rogamus,
1287 285 1396 341 dictum
1419 285 1548 358 vigesies.
1576 287 1630 341 Pei·
1651 287 1745 344 domi-

57 377 193 450 depressi
211 377 324 433 damnis
337 395 453 452 quoque
468 382 702 454 compellentibus
714 382 879 441 excitamur.
931 398 1002 436 num
1011 382 1127 437 Petrum
1138 384 1170 435 ut
1178 383 1476 451 perpetuoservcntnr
1485 381 1747 452 rogamus,dictum

56 471 144 536 Quod
163 471 286 543 siisqui
308 488 353 528 res
369 474 480 530 Domini
503 477 638 549 competit
662 477 692 532 in
711 477 774 533 aliis
795 495 881 550 quam
930 475 1063 548 vigesies.
1081 473 1135 539 Qui
1157 473 1217 529 hac
1240 473 1361 543 violarit,
1374 473 1405 529 in
1420 491 1450 530 se
1461 475 1542 545 juxta
1558 474 1589 531 in
1603 481 1747 546 pretaxa-

57 565 119 620 nisi
135 581 181 621 res
193 565 289 637 egitur
302 567 428 623 maxima
451 569 524 625 solet
545 571 695 627 territoriis
709 573 880 628 commorari
931 572 994 625 tum
1007 568 1127 625 modum
1141 567 1277 636 iuveniat,
1294 567 1402 624 dictum
1416 573 1459 625 est
1472 568 1602 640 vigesies.

58 659 241 715 sacerdotem
254 659 310 715 loci
323 660 413 734 ipsius
426 663 474 718 ubi
487 663 611 720 habebat
623 665 772 738 episcopus
784 666 881 738 hujus·
965 665 1000 719 Et
1019 663 1096 718 facto
1110 661 1236 728 silentio,
1249 661 1438 733 Symmachus
1452 662 1601 736 episcopus
1619 664 1748 721 Ecclesiae

58 752 143 808 modi
156 752 293 825 pravitate
309 759 470 826 contentus,
485 759 618 830 neglectu
633 776 761 831 persona
780 761 881 817 litteris
930 757 1076 813 catholicae
1091 755 1169 811 urbis
1184 757 1283 811 Roma
1302 755 1373 810 dixit
1386 775 1393 810 ε
1405 755 1556 813 Praesentis
1568 756 1747 815 diffinitionis

57 846 353 905 instructumreddat.
361 851 668 924 Tuncantistes,ipsius
678 854 775 910 fratris
785 855 881 910 anne-
929 849 1131 921 formamque
1147 849 1231 920 juxta
1251 852 1417 903 sanctorum
1440 850 1556 905 Petrum
1579 854 1623 905 est
1643 855 1749 907 statute

59 944 121 995 tate
135 947 289 1013 comperta,
299 946 350 997 eut
362 960 542 1015 pervasorem
556 963 654 1002 rerum
667 947 880 1004 Dominicarum
930 945 1086 1000 sententias
1101 943 1132 999 in
1147 941 1278 998 omnium
1293 941 1481 998 Ecclesiamm
1500 943 1633 999 notitiam
1647 961 1746 1017 perre-

59 1033 259 1091 admcnitione
269 1036 405 1109 corrigat,
416 1041 466 1093 aut
479 1043 632 1111 praetaxata
642 1041 780 1098 canonica
790 1042 881 1098 distri-
930 1039 993 1093 nire
1008 1037 1201 1106 decernimus,
1218 1052 1252 1091 nc
1274 1035 1409 1108 cuiquam
1425 1035 1514 1108 possit
1531 1053 1583 1107 pro
1596 1055 1647 1092 sua
1661 1039 1746 1110 ignu-

58 1127 156 1184 ctione
174 1129 393 1187 condemnetur.
408 1132 488 1189 Unde
502 1138 532 1189 et
543 1135 572 1189 in
589 1135 745 1191 canonibus
759 1136 789 1191 in
804 1137 878 1192 Gan·
929 1132 1042 1188 ratione
1055 1131 1140 1186 licere
1154 1130 1231 1202 quod
1247 1147 1305 1185 non
1322 1130 1398 1199 licet,
1413 1135 1443 1186 et
1461 1130 1510 1202 qui
1524 1131 1593 1186 talia
1607 1148 1746 1203 praesum-

59 1221 160 1293 greusi
180 1223 306 1279 Ecclesia
329 1225 483 1296 apostoliea
506 1229 673 1284 auctoritate
697 1229 829 1299 conditis,
845 1230 879 1286 de

57 1314 208 1371 fructuum
220 1317 410 1375 oblationibus
419 1336 485 1392 quae
492 1320 630 1378 ministris
640 1323 764 1378 ecclesiae
774 1323 879 1380 deben-

59 1413 121 1476 tur,
135 1414 164 1465 et
178 1410 213 1466 de
226 1411 270 1466 his
288 1428 354 1485 quer
367 1412 398 1469 in
411 1430 479 1470 usus
500 1431 659 1487 pauperum
683 1417 878 1485 conferuntur,

929 1226 1047 1299 psen'nt,
1057 1225 1184 1280 scientae
1191 1228 1350 1296 praetaxato
1361 1223 1570 1280 condemnatos
1579 1241 1639 1279 esse
1650 1226 1746 1281 modo.

930 1319 1068 1377 Similiter
1078 1324 1107 1374 et
1119 1319 1172 1373 hoc
1185 1319 1222 1373 ad
1238 1317 1424 1373 Ecclesiarum
1438 1318 1568 1374 notitiam
1580 1323 1748 1375 vestracuu-

928 1417 1040 1469 ctcrum
1058 1411 1252 1469 exhortatione
1266 1415 1293 1466 et
1302 1411 1413 1482 judicio
1426 1428 1575 1467 censemus
1588 1414 1746 1485 pervenire,

58 1501 200 1574 scriptum
214 1504 344 1562 babetur.
929 1511 958 1562 et
979 1507 1014 1561 ab
1036 1506 1168 1562 omnibus
1188 1504 1311 1561 firmiter
1331 1504 1433 1573 teneri,
1457 1505 1525 1576 quia
1547 1506 1746 1577 cpiscoporum

13 1592 24 1618 ¹
97 1595 129 1652 Si
143 1597 207 1670 quis
222 1598 381 1656 oblationes
400 1602 526 1658 ecclesia
545 1605 676 1679 accipere
688 1607 733 1662 vel
747 1606 814 1662 dare
828 1622 878 1663 vo·
929 1617 975 1657 res
989 1600 1115 1656 ecclesia
1128 1615 1187 1655 uon
1200 1598 1369 1655 dubitantur
1383 1614 1455 1666 esse,
1467 1598 1489 1652 si
1504 1599 1534 1653 in
1549 1615 1649 1654 eorum
1663 1601 1748 1656 facul-

59 1690 148 1747 luerit
161 1695 269 1764 preter
280 1694 404 1767 episcopi
419 1698 625 1754 conscientiam
639 1700 683 1755 vel
700 1700 761 1771 ejus
774 1693 917 1767 amhn-B
928 1694 1034 1751 tutibus
1048 1693 1133 1748 simili
1156 1692 1244 1748 fuerit
1266 1692 1435 1747 cnrdclitate
1462 1708 1627 1764 pervasores
1649 1710 1745 1750 rerum

53 1784 187 1855 jusmodi
197 1788 264 1840 sunt
272 1787 365 1843 officia
376 1790 536 1862 commissa,
546 1809 600 1848 nac
610 1809 676 1848 cum
688 1793 749 1864 ejus
757 1794 880 1850 voluerit
928 1793 1155 1845 memoratarum
1176 1786 1319 1859 predicta
1343 1802 1486 1842 canonum
1508 1786 1691 1843 districtionis
1704 1789 1744 1843 fe·

57 1893 150 1949 egem
171 1880 299 1948 consilio,
314 1883 468 1940 anathema
487 1886 533 1941 sit.
551 1888 584 1944 Et
601 1887 706 1943 iterum
730 1887 759 1943 in
774 1887 878 1944 audem
928 1883 1040 1938 riantur
1052 1880 1186 1949 vindicta,
1200 1886 1233 1936 ut
1247 1881 1298 1952 qui
1310 1880 1468 1952 maioribus
1484 1881 1607 1954 propriis
1619 1897 1651 1936 ac
1668 1883 1746 1936 nulla

57 1971 182 2028 ⁰⁰ss⁸ffi0
197 1990 204 2029 :
218 1974 246 2031 Si
261 1975 325 2047 quis
345 1976 439 2032 obluta
461 1980 520 2035 Deo
545 1980 657 2036 dederit
675 1982 718 2037 vel
739 1983 880 2054 acceperit
928 1975 1110 2033 conscientia
1125 1974 1310 2046 castigatione
1328 1974 1521 2046 corriguntur,
1537 1975 1639 2030 saltem
1656 1977 1745 2031 cccle-

58 2070 168 2137 praeter
179 2066 357 2140 episcopum,
369 2072 413 2126 vel
427 2088 493 2128 eum
504 2074 553 2145 qui
566 2075 736 2131 constitutus
746 2081 789 2133 ast
800 2076 836 2132 ab
845 2092 879 2132 eo
928 2070 1048 2126 siasticar
1061 2074 1090 2125 et
1101 2069 1245 2124 canonica
1259 2067 1390 2124 vindicte
1412 2068 1611 2140 perfodiantur
1622 2069 1743 2136 aculeis;

57 2158 285 2231 dispensandam
295 2163 522 2222 misericordiam
534 2169 717 2242 pauperibus,
729 2175 757 2226 et
768 2171 816 2243 qui
829 2170 880 2227 dat
930 2165 1102 2235 generaliter
1116 2179 1182 2219 vero
1195 2164 1360 2235 quicunque
1381 2179 1427 2218 res
1448 2162 1572 2218 ecclesiae
1594 2163 1747 2219 confiscare

58 2255 90 2307 et
104 2253 156 2324 qui
168 2254 281 2326 accipit,
295 2258 448 2314 anathema
461 2261 507 2315 sit.
523 2261 610 2318 Valde
625 2263 758 2334 iniquum
770 2280 839 2336 ergo
851 2269 880 2320 et
928 2263 979 2314 aut
991 2257 1139 2329 impetere,
1152 2261 1203 2312 eut
1215 2256 1369 2328 pervadere
1391 2257 1550 2327 periculosa
1569 2261 1619 2312 aut
1636 2273 1685 2312 sua
1700 2257 1746 2312 in·

58 2345 165 2419 ingens
185 2349 366 2422 sacrilegium
390 2357 421 2408 ut
441 2353 605 2427 quicunque
622 2356 664 2410 vel
679 2373 731 2429 pro
750 2358 878 2414 remedio
927 2352 1081 2407 festatione
1094 2351 1321 2422 praesumpserit.
1333 2349 1387 2404 nisi
1401 2366 1430 2405 se
1445 2349 1579 2406 citissime
1594 2367 1647 2422 per
1660 2352 1749 2406 ecclc·

59 2445 252 2512 peccatorum,
262 2444 305 2499 vel
315 2445 417 2515 salute,
426 2448 469 2502 vel
480 2449 578 2521 requie
589 2450 752 2506 animarum
762 2467 878 2507 suarum
928 2446 988 2513 sice,
997 2446 1033 2500 de
1044 2461 1102 2517 qua
1114 2445 1219 2517 agitur,
1234 2443 1457 2499 satisfactionem
1469 2444 1633 2513 correxerit,
1643 2461 1745 2517 perpe·

58 2535 257 2608 unusquisque
269 2540 424 2595 venerabili
437 2542 562 2599 ecclesiae
569 2543 733 2613 contulerit,
742 2549 793 2600 aut
802 2549 878 2602 certe
928 2545 978 2596 tuo
986 2540 1169 2594 anathemate
1181 2538 1310 2593 feriatur.
1319 2537 1457 2594 Similiter
1465 2539 1494 2592 et
1504 2536 1535 2593 hi
1548 2537 1596 2610 qui
1607 2554 1652 2593 res
1662 2539 1747 2595 eccle·

57 2628 209 2701 reliquerit
222 2631 257 2686 ab
269 2631 314 2687 his
323 2633 427 2705 quibus
439 2636 501 2691 haec
515 2638 641 2693 maxime
653 2638 760 2694 serrari
773 2655 877 2695 conve·
928 2633 977 2687 ³1ae
987 2633 1068 2704 iussu
1082 2632 1126 2686 vel
1143 2631 1295 2703 largitione
1310 2631 1483 2703 principum,
1498 2632 1542 2686 tel
1555 2632 1746 2703 quorumdam

57 2720 115 2789 nit,
128 2722 157 2778 id
170 2727 221 2792 est,
236 2725 402 2783 Christianis
417 2733 446 2784 et
460 2731 550 2785 neum
569 2732 738 2788 timentibus
753 2733 877 2789 homini.
929 2731 1089 2798 potentum,
1098 2729 1149 2780 aut
1158 2725 1285 2797 quadam
1295 2724 1444 2780 invasione
1457 2725 1660 2796 auttyrannica
1670 2730 1748 2797 potc-

57 2814 373 2890 bus,etsuperomnia'a
381 2823 558 2895 principibus
566 2826 876 2899 estprimisregicnum
928 2823 1002 2876 state
1022 2819 1202 2889 retinuerint,
1218 2824 1245 2874 et
1267 2818 1333 2873 liliis
1353 2820 1398 2873 vel
1420 2818 1580 2874 heredibus
1605 2819 1673 2887 suis,
1686 2824 1749 2875 uta

56 2909 90 2964 iu
105 2909 184 2965 aliud
206 2914 353 2970 transferri
366 2917 408 2970 vel
424 2919 560 2974 converti.
580 2921 733 2993 Propterea
748 2921 797 2994 qui
817 2921 879 2977 haec
928 2914 1098 2987 quibusdam
1108 2914 1170 2985 jam
1184 2913 1289 2968 factum
1307 2911 1478 2981 andivimus,
1491 2913 1573 2985 quasi
1594 2912 1747 2970 haeredita·

57 3018 121 3061 non
141 3005 304 3076 praeviderit
316 3013 345 3065 et
356 3010 439 3066 aliter
453 3028 539 3083 quem
555 3013 693 3086 scriptum
714 3019 757 3069 est
770 3015 878 3086 pradia
928 3008 984 3063 rias
1006 3007 1185 3079 reliquerint,
1199 3006 1251 3061 nisi
1265 3006 1320 3062 cito
1341 3023 1387 3061 res
1403 3007 1453 3061 Dei
1474 3006 1614 3062 admoniti
1627 3024 1645 3062 a
1658 3008 1749 3080 ponti-

58 3098 188 3154 ecelesiis
200 3100 304 3157 tradita
312 3103 437 3174 petierit,
446 3107 489 3160 vel
498 3107 640 3179 acceperit
651 3111 701 3162 aut
710 3109 876 3179 possederit,
888 3071 916 3147 C
928 3101 990 3170 fiee,
998 3099 1412 3173 agnifflterittiertddiderinb
1420 3101 1748 3171 perpeiwflssathemflttt

57 3192 106 3247 vel
119 3192 223 3264 injuste
234 3195 394 3253 defenderit
404 3204 453 3255 aut
465 3199 626 3272 retinuerit,
638 3201 692 3256 nisi
707 3202 763 3258 cito
774 3219 804 3258 se
813 3217 877 3258 cor·
928 3196 1076 3252 feriantur.
1087 3194 1218 3266 lniqnum
1228 3193 1375 3248 enimesse
1384 3209 1543 3261 censemus,
1553 3198 1587 3248 nt
1597 3195 1692 3265 potius
1702 3212 1749 3250 cu-

57 3286 250 3361 metitque
272 3290 361 3346 iratus
382 3293 456 3348 Deus
475 3293 586 3350 animas
608 3296 738 3366 percutit,
759 3297 876 3354 anatho.
928 3286 1746 3358 stodeschartarumqnamdefensoresrerumcreditarum,

57 3385 138 3436 mate
161 3381 289 3451 feriatur,
306 3385 398 3458 sitque
424 3386 576 3459 accipienti
600 3393 629 3444 et
652 3389 732 3445 danti
759 3396 788 3447 et
810 3408 877 3463 pos·
929 3380 1748 3454 ulprffloel'fflm⁰³i›JUdi⁰0mur·s⁸¹¹³¹¹d¹¹¹¹¹memte·

57 3473 167 3530 sidenti
180 3478 346 3548 anathema,
358 3485 387 3537 et
401 3479 538 3538 institutae
552 3499 643 3554 poenae
657 3484 878 3541 contubernium
928 3477 1024 3544 lerius,
1037 3492 1074 3531 ne
1087 3474 1202 3548 longius
1214 3473 1402 3530 exsecrandus
1414 3463 1503 3529 animi
1521 3476 1639 3530 morbus
1654 3475 1745 3531 inser-

57 3568 219 3626 assiduum.
242 3572 299 3627 Nec
318 3573 414 3646 aliquo
432 3591 461 3631 se
480 3581 547 3632 ante
568 3577 694 3633 tribunal
708 3578 811 3636 christi
826 3580 876 3634 οι).
928 3575 986 3644 pat,
996 3574 1027 3625 ut
1036 3571 1060 3625 si
1069 3570 1208 3636 medicus,
1217 3585 1282 3624 cum
1296 3568 1397 3624 viderit
1406 3568 1490 3640 nujus
1501 3569 1609 3624 terreni
1619 3570 1747 3641 corporis

57 3664 170 3718 staculo
184 3665 305 3734 muniat,
322 3666 409 3739 qui'a
431 3670 571 3741 religiosis
591 3672 743 3727 animabus
759 3673 795 3728 ad
808 3674 877 3729 sub·
928 3665 1053 3736 aliquem
1063 3680 1123 3719 csse
1133 3664 1314 3733 languorem,
1323 3678 1463 3735 magnum
1476 3678 1535 3717 sure
1543 3663 1612 3720 artis
1623 3664 1747 3718 asamar

57 3757 197 3812 stantiam
212 3775 373 3832 pauperum
386 3762 523 3819 derelicta
536 3772 638 3821 contra
650 3767 693 3821 fas
707 3767 769 3822 sine
784 3767 879 3839 aliqua
928 3759 1144 3825 documentum,
1153 3757 1176 3811 si
1185 3757 1312 3827 citoquis
1321 3756 1397 3811 illius
1405 3756 1567 3811 interventu
1577 3756 1746 3828 desperatus

59 3849 175 3922 pietalis
191 3853 416 3912 consideratione
440 3857 590 3930 dispergit.
607 3859 647 3916 Ah
667 3860 804 3916 universis
817 3861 876 3933 api·
927 3853 1037 3919 evadat,
1053 3852 1097 3907 vel
1118 3867 1184 3907 cum
1203 3867 1287 3923 posse
1300 3851 1402 3905 vulnus
1415 3851 1560 3922 aspexeris
1572 3849 1689 3906 adhibet
1702 3851 1744 3905 fo·

58 3945 153 4016 scopis
160 3947 190 4000 et
198 3948 368 4021 presbyteris
378 3952 567 4008 acclamatum
581 3957 622 4009 est
632 3970 639 4009 :
650 3954 686 4009 Ut
695 3954 756 4010 hnc
764 3954 878 4026 penitus
927 3952 1036 4013 melliti,
1053 3946 1096 4000 vel
1118 3949 1220 4000 wiern
1238 3943 1342 4016 quibus
1363 3943 1432 3999 iDud
1445 3949 1541 4016 P⁰⁵t⁰i
1553 3943 1629 4015 (1¹¹0d
1644 3946 1744 3998 fllium

59 4037 275 4110 tbwiudantur,
293 4059 436 4115 rogamus.
460 4046 574 4102 Dictum
593 4053 635 4103 est
653 4048 805 4120 quinquies
822 4050 879 4104 :Ut
927 4041 1019 4097 fuerat
1036 4041 1139 4095 vulnus
1158 4039 1271 4105 obduci,
1288 4055 1320 4093 ac
1338 4038 1360 4092 si
1375 4038 1404 4092 id
1425 4053 1545 4093 manens
1569 4037 1662 4092 sanari
1685 4054 1743 4092 nou

59 4131 124 4187 hacc
137 4137 324 4206 amputentur
336 4154 497 4210 precamur.
519 4141 627 4196 Dictum
641 4145 684 4197 est
698 4142 801 4214 septies
818 4159 825 4196 :
842 4143 879 4197 tlt
928 4135 1088 4208 poteritne
1110 4149 1213 4205 corpus
1237 4133 1383 4204 reliquum
1407 4149 1458 4186 sua
1480 4132 1546 4188 tabe
1569 4137 1743 4202 corrumpat,

60 4240 109 4282 res
128 4228 252 4284 eeclesia
273 4231 376 4303 quibus
397 4234 509 4290 tradita
531 4241 607 4304 sunt,
622 4235 793 4291 intemerato
812 4236 878 4307 jure
928 4231 1005 4285 ferro
1014 4231 1142 4300 amputet
1150 4226 1227 4300 quod
1237 4227 1368 4296 nocebat,
1376 4241 1434 4297 qno
1446 4225 1590 4297 reliquum
1600 4225 1745 4297 integrum

58 4326 219 4390 serventur,
233 4339 379 4395 rogamus.
394 4327 504 4383 Dictum
517 4335 560 4384 est
573 4330 675 4401 septies
691 4346 698 4384 :
713 4330 749 4384 Ut
761 4345 791 4385 se
807 4329 876 4384 dum
929 4330 958 4379 et
972 4328 1065 4377 servet
1085 4323 1237 4377 intectum-
1253 4320 1469 4375 Praecidendum
1485 4320 1514 4374 id
1527 4335 1596 4391 ergo
1611 4318 1745 4390 estquod

59 4413 117 4469 hoc
128 4416 206 4486 quod
218 4424 384 4488 persecutus
395 4427 438 4477 est
451 4422 580 4494 synodali
594 4427 733 4479 conventu
750 4439 803 4495 per
816 4439 876 4478 cm·
888 4445 918 4518 D
928 4416 1006 4472 velut
1020 4431 1093 4487 puro
1115 4430 1241 4486 sanoque
1264 4413 1386 4468 nimium
1404 4412 1529 4484 corporis
1541 4412 1644 4465 vulnus
1660 4411 1744 4466 obre-

60 4507 112 4563 nia
123 4507 195 4564 flant
212 4512 387 4568 unarrimiter
402 4514 586 4587 deprecantes
609 4533 753 4589 rogamus.
767 4517 878 4574 Dictum
929 4511 986 4584 psit
1001 4527 1008 4564 ε
1022 4525 1057 4564 ue
1072 4524 1139 4563 cum
1149 4506 1259 4562 tardius
1272 4505 1454 4577 abstergitur,
1470 4506 1499 4558 in
1512 4504 1582 4577 ipsis
1593 4520 1686 4575 poenae
1702 4505 1744 4559 vi·

60 4605 106 4657 cst
119 4603 208 4659 octies
221 4621 228 4658 ε
243 4606 280 4660 Ut
291 4606 320 4661 in
340 4610 598 4680 praesumptoribus
616 4611 775 4666 vindicetur
793 4628 877 4684 roga·
929 4604 1054 4660 sceribus
1064 4603 1149 4673 hujus
1164 4600 1232 4655 meli
1244 4616 1302 4654 non
1319 4598 1476 4653 haurienda
1489 4597 1744 4655 sentinaconlidat.

60 4711 138 4752 mus.
152 4697 265 4755 Dictum
277 4704 320 4756 est
328 4701 645 4776 decies:Utdisciplina
655 4709 785 4761 servetur
793 4722 877 4778 roga-
929 4701 1016 4754 Ferro
1037 4697 1115 4752 essim
1130 4693 1300 4750 abscidenda
1325 4695 1392 4747 sunt
1403 4692 1521 4747 vulnera
1541 4691 1746 4763 queremonia

59 4805 136 4846 mus.
152 4791 263 4849 Dictum
276 4800 319 4851 est
331 4796 564 4863 undecie22011ae
580 4799 655 4854 male
668 4799 877 4868 admissasunt,
930 4809 987 4847 non
1008 4791 1145 4847 sentiunt.
1167 4786 1305 4844 Similiter
1320 4785 1404 4840 atilli
1426 4791 1552 4841 extorres
1565 4786 1671 4842 debent
1686 4786 1746 4843 llari

60 4900 174 4956 pervcs
183 4888 371 4960 corrigantur.
381 4891 493 4947 Dictum
506 4896 549 4947 est
558 4892 727 4949 duodecies:
740 4894 775 4948 Ut
783 4892 878 4948 illicita

60 4977 340 5053 Dctaamputentur,
349 4984 390 5040 ita
400 4989 432 5041 ut
440 4986 574 5059 deinceps
586 5003 644 5042 non
653 4987 722 5042 llant
732 5002 877 5058 rogamus.

60 5071 176 5129 Dictum
189 5079 232 5130 est
241 5077 378 5134 tredecies
390 5095 397 5134 :
408 5080 443 5135 Ut
452 5081 606 5151 apostolica
620 5080 878 5137 ordinatioillibata

59 5169 202 5222 servetru.
220 5169 331 5226 Dictum
353 5178 397 5228 est
414 5173 631 5245 quatuordecies
650 5191 657 5228 :
676 5173 783 5245 Dignus
805 5190 880 5246 papa

59 5260 143 5332 quod
165 5278 223 5318 non
244 5263 311 5319 licet
329 5281 388 5321 non
410 5267 468 5323 ssat.
492 5268 602 5324 Dictum
625 5274 668 5324 est
689 5267 877 5341 quindecies:

58 5354 182 5425 Exaudi,
192 5356 313 5426 Christe,
327 5360 501 5432 Symmacho
514 5363 582 5418 vita.
594 5363 704 5418 Dictum
719 5366 763 5418 est
775 5362 877 5417 sexde-

59 5447 179 5505 ciestltt
186 5467 309 5508 canones
318 5454 515 5511 custodiantur
524 5472 671 5528 rogamus.
679 5457 789 5512 Dictum
799 5456 880 5528 quin·

60 5541 182 5599 domes:
204 5546 240 5601 Ut
265 5547 406 5604 ordinatio
431 5549 587 5622 apostolica
608 5554 745 5605 servetur.
771 5550 880 5621 Diguus

61 5653 147 5710 papa,
161 5637 265 5710 dignus
277 5641 385 5711 doctor,
399 5642 509 5699 dictum
523 5647 566 5699 est
586 5643 795 5700 novemdecies.
818 5645 881 5699 llaee

60 5746 165 5788 omnes
184 5735 358 5792 unanimiter
380 5739 594 5807 confirmamus,
608 5743 637 5795 et
653 5742 683 5792 nt
705 5737 882 5793 unanimiter

930 4887 966 4942 ab
979 4886 1104 4941 Ecclesia
1117 4883 1164 4955 qui
1185 4880 1353 4937 sacerdotali
1374 4879 1573 4936 admonitione
1587 4898 1646 4937 non
1658 4881 1746 4936 corri-

929 4986 1047 5052 guntur,
1064 4978 1175 5033 dicente
1195 4974 1317 5030 Domino
1332 4990 1339 5027 ι
1359 4995 1373 5023 u
1385 4974 1501 5030 Auferte
1516 4976 1626 5031 malum
1639 4991 1655 5030 a
1669 4975 1747 5030 vobis

930 5078 1016 5145 (Dent.
1033 5089 1090 5139 111,
1106 5070 1189 5141 19).»
1205 5069 1341 5124 Universa
1360 5068 1486 5139 synodus
1501 5067 1666 5123 acclamavit
1687 5084 1693 5120 ε
1713 5068 1747 5121 llt

929 5170 984 5225 ista
996 5167 1069 5222 Dant
1083 5180 1233 5236 rogamus;
1249 5162 1358 5218 dictum
1371 5167 1413 5219 est
1425 5163 1521 5218 octies.
1535 5163 1588 5216 ista
1600 5165 1746 5216 serventur·

928 5258 1210 5337 precamur,dictum
1229 5260 1272 5312 est
1291 5254 1394 5312 decies.
1411 5256 1489 5311 Utin
1501 5255 1672 5326 perpetuum
1681 5268 1744 5308 ma·

929 5362 1016 5413 noant
1026 5358 1155 5411 elvestra
1164 5350 1332 5409 auctoritate
1342 5346 1617 5415 firmentur,dictum
1626 5346 1746 5402 estduo·

929 5439 1744 5515 dacicaExaudi,Christe,Symmachopapoevita,dictum
1798 5484 1801 5489 .

930 5548 974 5598 est
982 5541 1146 5598 duodecies.
1154 5540 1187 5594 Et
1193 5539 1266 5594 facto
1273 5535 1394 5601 silentio,
1404 5532 1745 5605 Symmachusepiscopus

931 5636 1060 5694 Ecclesia
1080 5633 1226 5689 catholica
1246 5627 1568 5698 u1·hisltomae,synodo
1589 5627 1746 5699 presidens

931 5731 1017 5787 dixit:
1031 5731 1062 5786 lu
1078 5730 1132 5784 hoc
1148 5723 1345 5798 cognoscimus
1360 5737 1460 5776 omnes
1474 5721 1543 5795 quia
1554 5722 1747 5797 Dcumdilign·
