3870 6150
645 260 784 316 terune.
804 261 848 315 Al)
866 260 947 316 SAEC.
968 258 1204 316 lx.-·1811)0R1
1223 258 1434 315 ussecstoms

371 544 414 615 ’ί
476 546 480 551 ¹
520 588 805 684 INClPlUNT
847 589 1109 683 uacuum
1149 588 1325 682 ΑΝΙΤΙΙ
1367 585 1547 678 PAPAE.

197 757 245 821 De
259 756 464 822 ordinatione
477 759 795 844 archiepiscoporum
809 768 841 823 et
853 761 1054 842 reliquorum
1068 779 1085 823 e
1110 761 1310 842 scoparum·
1323 769 1355 824 et
1370 761 1409 825 de
1422 758 1692 844 appellationibus
1706 756 1875 819 minorum

603 840 652 903 ud
661 840 829 922 majorum
844 840 945 918 sedes,
961 841 1014 904 uel
1026 839 1074 904 ud
1083 779 1267 907 itomanam
1281 810 1472 906 dioclesiom.

716 994 805 1064 (Anno
820 995 879 1065 tel,
893 994 963 1068 imp.
977 995 1064 1053 Lucio
1077 998 1160 1053 Anto.
1174 995 1350 1065 Commodo.)

231 1303 345 1359 Animus
362 1302 499 1360 universis
519 1304 648 1361 Ecclesiis
667 1323 720 1379 per
734 1306 831 1364 Gallia
853 1308 1012 1380 provincias
1022 1320 1052 1394 Α
1061 1325 1119 1383 qua
1132 1324 1200 1382 gens
1215 1308 1349 1380 deinceps
1357 1308 1393 1365 ad
1406 1305 1493 1364 fidem
1505 1307 1693 1374 convertatur,
1702 1303 1749 1360 cui
1761 1318 1875 1359 necesse

197 1394 367 1466 constitutis,
378 1395 408 1452 in
422 1397 542 1454 Domino
561 1399 690 1456 salutem.
1060 1403 1098 1458 sit
1108 1405 1226 1476 propter
1236 1401 1451 1458 multitudinem
1460 1415 1561 1456 eorum
1568 1397 1721 1472 primatem
1728 1395 1874 1452 constitui.

232 1488 375 1544 Bonorum
384 1505 505 1561 operum
515 1495 545 1546 et
555 1491 745 1564 spiritualium
755 1493 912 1550 studiorum
922 1495 1011 1552 Deum
1061 1495 1173 1567 Reliqui
1185 1510 1252 1551 vero
1276 1494 1324 1566 qui
1348 1493 1418 1550 alias
1438 1491 1672 1565 metropolitanas
1684 1488 1765 1545 sedes
1778 1488 1876 1560 adepti

195 1584 340 1637 auctorem
352 1598 482 1640 essenon
496 1584 615 1640 dubium
628 1590 680 1654 est,
692 1586 741 1658 qui
755 1586 899 1644 bonorum
914 1589 1009 1644 homi·
1036 1571 1039 1575 ⁴
1060 1591 1135 1656 sunt,
1151 1604 1210 1644 non
1224 1587 1371 1660 primates,
1384 1586 1434 1643 sed
1452 1583 1664 1657 metropolitani
1678 1582 1873 1639 nominentur.

196 1689 265 1728 num
280 1674 379 1731 incitat
390 1680 501 1733 mentes
515 1681 543 1733 et
555 1678 671 1749 adjuvat
683 1680 824 1748 actiones;
839 1680 915 1754 quod
928 1682 1010 1737 nobis
1046 1680 1090 1753 ,Si
1108 1684 1206 1736 autem
1230 1680 1332 1753 aliquis
1348 1678 1633 1751 metropolitanorum
1646 1676 1763 1733 inflatus
1776 1675 1874 1742 merit,

194 1764 340 1823 evidenter
355 1770 499 1840 apparuit,
513 1785 580 1825 cum
594 1771 670 1827 inter
685 1771 845 1846 longinqua
862 1775 953 1847 spatia
970 1790 1011 1831 re·
1044 1777 1089 1847 ,et
1107 1773 1169 1830 sine
1189 1774 1319 1830 omnium
1349 1771 1627 1844 comprovincialium
1653 1769 1809 1843 praesentia
1832 1767 1875 1822 vel

194 1857 312 1928 gionum
326 1876 417 1916 unum
432 1862 621 1919 cordavestra
634 1870 784 1922 senserunt
804 1867 966 1936 consilium,
982 1872 1011 1923 et
1044 1850 1178 1933 {consilio
1192 1866 1402 1939 episcoporum,
1417 1868 1468 1921 aut
1484 1880 1592 1933 eorum,
1609 1868 1659 1919 aut
1679 1863 1748 1918 alias
1762 1877 1875 1928 causas,

194 1967 258 2022 quoe
271 1951 475 2010 desiderabatis
488 1971 634 2028 responsa,
643 1974 701 2014 non
712 1959 806 2029 unius,
817 1961 865 2016 scd
874 1960 1011 2032 plurimo·
1040 1942 1114 2039 {nisi
1127 1977 1173 2016 eas
1186 1963 1299 2015 tantum
1313 1976 1376 2032 quae
1389 1958 1425 2014 ad
1447 1958 1593 2031 propriam
1614 1973 1694 2012 suam
1706 1954 1876 2029 parochiam

194 2059 259 2098 rum
283 2044 411 2117 epistolae
434 2046 612 2106 intimarunt.
636 2052 675 2106 lte
702 2052 923 2109 ordinationibus
941 2070 1010 2110 vero
1039 2044 1213 2125 {pertinent
1229 2069 1323 2124 agere,
1339 2056 1389 2109 aut
1408 2069 1457 2108 eos
1479 2067 1596 2124 gravare
1610 2050 1740 2117 voluerit,
1754 2048 1791 2104 ab
1814 2064 1875 2103 om-

195 2136 395 2209 episcoporum
411 2157 496 2212 super
510 2142 615 2212 quibus
638 2160 689 2199 nos
709 2145 856 2203 consulere
873 2147 1008 2216 voluistis,
1041 2124 1142 2201 {nibus
1156 2145 1281 2201 districte
1295 2146 1463 2217 corrigatur,
1476 2161 1513 2200 ne
1535 2143 1601 2198 talia
1619 2142 1751 2214 deinceps
1763 2158 1875 2213 praesu·

195 2228 265 2283 olim
280 2230 310 2285 in
324 2232 415 2286 sancti
430 2233 646 2302 predecessoris
658 2237 746 2291 nostri
760 2238 888 2293 Anacleti
901 2238 1011 2295 ordina·
1041 2232 1138 2295 funere
1158 2238 1269 2295 audeat.
1288 2238 1315 2295 si
1337 2255 1405 2293 vero
1429 2236 1639 2310 incorrigibilis,
1652 2234 1749 2307 eisque
1773 2234 1875 2290 inobe-

195 2321 319 2378 tionibus
342 2323 473 2394 quaedam
492 2325 553 2396 jam
576 2327 689 2383 decreta
713 2331 881 2401 reperimus.
898 2332 1010 2387 Scimus
1060 2332 1142 2387 diens
1156 2331 1331 2404 apparuerit,
1348 2332 1383 2387 ad
1407 2332 1479 2386 hanc
1501 2329 1684 2403 apostolicam
1707 2326 1815 2395 sedem,
1830 2327 1876 2382 cui

195 2414 272 2469 enim
297 2415 491 2474 beatissimum
510 2419 646 2475 iacobum
667 2421 717 2492 qni
743 2421 888 2478 dicebatur
906 2425 1009 2495 justus,
1032 2425 1157 2487 somnia
1166 2411 1637 2496 episcoporumjudiciatermiuare
1646 2426 1788 2494 precepta
1798 2425 1874 2487 sunt,

194 2507 244 2579 qui
257 2508 344 2563 etiam
359 2510 515 2566 secundum
529 2528 643 2568 carnem
659 2514 748 2569 irater
766 2516 877 2572 Domini
898 2533 1009 2573 nuncu·
1033 2492 1120 2590 ¹tejas
1135 2516 1310 2574 contumacia
1323 2518 1473 2585 referatur,
1488 2519 1522 2571 ut
1534 2515 1658 2572 vindicta
1671 2514 1707 2570 de
1721 2530 1756 2570 ee
1770 2512 1830 2580 flat,
1847 2517 1875 2568 et

194 2604 277 2673 patus
290 2604 341 2672 est,
358 2620 375 2658 a
389 2604 483 2675 Petro,
497 2606 604 2663 lacobo
622 2611 651 2663 et
662 2606 770 2664 loanne
784 2610 929 2682 apostolis,
945 2611 1009 2666 llie-
1059 2610 1153 2666 caeteri
1170 2610 1305 2665 timorem
1326 2609 1460 2666 habeant.
1473 2609 1503 2667 Si
1516 2613 1613 2664 autem
1624 2611 1740 2679 propter
1751 2605 1874 2662 numiam

194 2694 400 2767 roselymorum
421 2697 586 2771 episcopum
608 2715 668 2756 asse
682 2701 856 2758 ordinatum.
871 2703 901 2759 Si
913 2680 1049 2760 autemB
1059 2703 1309 2776 longinquitatem,
1323 2707 1373 2758 aut
1385 2701 1522 2774 temporis
1537 2698 1815 2766 incommoditatem,
1830 2698 1874 2754 vel

195 2803 252 2843 non
266 2787 361 2844 minus
378 2807 464 2862 quam
477 2808 495 2846 a
509 2792 600 2848 tribus
624 2794 760 2866 apostolis
781 2799 876 2852 tantus
896 2797 940 2852 vir
957 2797 1011 2854 iuit
1060 2796 1170 2853 itineris
1183 2794 1375 2868 asperitatem,
1391 2810 1476 2867 grave
1489 2793 1525 2850 ad
1538 2794 1611 2849 hanc
1620 2792 1718 2848 sedem
1731 2791 1795 2864 ejus
1806 2807 1873 2847 eorr-

195 2879 343 2936 ordinatus
358 2882 516 2955 episcopus,
530 2888 611 2955 patet
623 2887 749 2958 proiecto
763 2904 810 2944 eos
825 2889 951 2945 formam
964 2891 1009 2947 in·
1060 2905 1121 2944 sam
1141 2889 1253 2944 deferre
1276 2887 1372 2956 luerit,
1387 2891 1456 2942 tunc
1472 2886 1508 2940 ad
1532 2886 1592 2958 ejus
1613 2884 1768 2958 primatem
1792 2899 1874 2938 causa

192 2972 329 3029 stituante
350 2974 469 3032 ltomino
492 2977 650 3050 tradidisse,
666 2997 723 3036 non
744 2998 761 3035 a
780 2981 875 3038 minus
896 3000 1011 3056 quama
1059 2982 1213 3051 deleratur,
1223 2985 1251 3037 et
1261 2997 1349 3053 penes
1362 2980 1457 3052 ipsum
1470 2979 1557 3051 htrjus
1572 2983 1677 3034 sanctae
1690 2977 1765 3034 sedis
1779 2981 1874 3032 aucto

193 3064 283 3121 tribus
311 3066 449 3141 episcopis
473 3069 639 3143 episcopum
668 3073 794 3129 ordinari
819 3074 932 3131 debere.
955 3077 1010 3133 Sed
1058 3075 1141 3132 ritate
1162 3074 1318 3146 judicetur.
1346 3072 1483 3130 Similiter
1504 3072 1527 3126 si
1551 3070 1653 3144 aliquis
1676 3069 1874 3144 episcoporum

194 3162 336 3216 crescente
347 3177 469 3219 numero
490 3164 700 3237 episcoporum,
716 3166 772 3221 nisi
791 3168 941 3224 necessitas
963 3169 1008 3224 in-
1059 3167 1314 3240 metropolitanum
1333 3170 1496 3238 suspectum
1514 3164 1654 3233 habuerit,
1669 3163 1746 3236 apud
1768 3163 1873 3236 prima·

194 3252 356 3322 tervanen't,
377 3252 483 3312 debent
508 3256 593 3312 etiam
618 3259 715 3330 plures
738 3259 848 3331 augeri.
868 3261 898 3316 ld
922 3266 965 3318 est
986 3261 1010 3317 si
1058 3266 1118 3318 tem
1130 3261 1289 3330 dioeceseos,
1305 3262 1355 3315 aut
1373 3260 1449 3343 apud
1470 3259 1544 3314 hanc
1567 3256 1873 3335 apostolicam-sedem

193 3344 421 3420 archiepiscopus
446 3349 523 3405 diem
549 3349 659 3419 obierit,
681 3354 709 3405 et
736 3352 808 3409 alter
834 3354 1009 3410 ordinandus
1057 3354 1197 3435 audiatur.
1210 3353 1264 3419 Qui
1276 3353 1368 3424 maj0r
1376 3356 1418 3408 est
1427 3357 1563 3422 vestrum,
1572 3350 1729 3407 secundum
1741 3348 1872 3406 Domini-

193 3437 422 3512 archiepiscopus
444 3442 549 3497 clectus
568 3443 662 3512 luerit,
677 3461 776 3501 omnes
793 3445 921 3517 ejusdem
940 3464 1007 3518 pro·
1058 3465 1121 3505 cam
1130 3447 1298 3520 jussionem,
1314 3447 1350 3501 sit
1363 3451 1454 3501 vester
1466 3445 1605 3513 minister,
1621 3447 1650 3500 et
1662 3448 1770 3516 quanto
1781 3443 1874 3515 major

192 3529 293 3586 vinciae
309 3532 433 3605 episcopi
449 3534 596 3590 adsedem
617 3539 806 3610 metropoleos
824 3539 1007 3609 conveniant,
1058 3559 1089 3597 cs
1098 3543 1128 3597 in
1140 3541 1282 3610 omnibus,
1295 3539 1417 3595 humilia
1434 3541 1461 3593 te
1481 3538 1585 3609 ipsum.
1596 3535 1770 3603 charissimi,
1784 3535 1874 3592 nolite

194 3627 225 3679 ut
237 3623 272 3679 ab
287 3625 419 3681 omnibus
433 3626 492 3699 ipse
502 3629 658 3685 ordinetur.
669 3630 786 3703 Oportet
795 3637 891 3688 autem
904 3638 937 3689 ut
947 3635 1008 3706 ipse
1056 3636 1188 3691 intervos
1198 3633 1384 3702 contendere,
1394 3648 1448 3687 nec
1459 3632 1569 3702 quaerat
1579 3629 1682 3702 aliquis
1695 3629 1872 3701 maJ'oresse,

191 3716 240 3788 qui
252 3716 306 3772 illis
318 3719 450 3775 omnibus
460 3737 581 3793 praeesse
592 3722 684 3794 debet,
696 3723 732 3779 ab
745 3727 879 3782 omnibus
890 3726 946 3781 illis
957 3727 1007 3782 eli·
1056 3729 1116 3796 sed,
1130 3729 1215 3800 juxta
1226 3727 1403 3799 Apostolum,
1419 3723 1533 3796 ltiligite
1554 3740 1602 3779 vos
1624 3722 1758 3790 invicem,
1774 3742 1788 3774 s
1806 3722 1873 3794 quia

192 3812 278 3881 gatur
299 3815 329 3867 et
350 3811 510 3871 ordinetur.
527 3815 637 3889 Reliqui
652 3833 718 3872 vero
737 3818 923 3890 provinciales
946 3820 1006 3890 epi·
1057 3820 1180 3877 charitas
1202 3836 1236 3873 ex
1258 3819 1315 3873 lieo
1337 3809 1389 3887 est,
1407 3822 1436 3873 et
1457 3817 1551 3872 omnis
1571 3815 1621 3889 qui
1642 3815 1744 3888 diligit,
1760 3831 1795 3870 cx
1814 3817 1871 3871 beo

191 3903 277 3975 scopi,
295 3903 318 3959 si
335 3922 447 3962 necesse
474 3908 569 3976 fuerit,
590 3911 700 3965 caeteris
720 3913 972 3980 consentientibus,
990 3930 1006 3967 a
1056 3917 1140 3968 natus
1148 3914 1200 3981 est,
1208 3915 1238 3966 ct
1246 3909 1561 3983 cognoscitliominum.
1571 3908 1690 3975 Quinon
1700 3907 1804 3980 diligit,
1813 3924 1873 3963 non

190 3996 281 4051 tribus
292 3997 375 4069 jussu
393 3999 598 4072 archiepiscopi
623 4004 779 4058 consecrari
802 4009 922 4076 possunt
943 4005 1004 4077 cpi·
1056 4006 1134 4061 novit
1154 4006 1256 4072 Deum,
1270 4004 1405 4076 quoniam
1419 4005 1494 4059 Deus
1512 4001 1635 4058 charitas
1653 4004 1706 4058 est.
1722 4022 1737 4051 »
1752 4000 1872 4068 Pascite,

190 4088 295 4160 scopis.
306 4088 363 4145 Sed
373 4091 476 4145 melius
488 4096 530 4147 est
543 4092 566 4146 si
576 4092 637 4164 ipse
648 4110 713 4148 cum
726 4094 867 4164 omnibus,
878 4112 944 4151 eum
957 4097 1006 4171 qui
1055 4098 1149 4170 inquit
1161 4098 1293 4170 princeps
1305 4095 1510 4169 apostolorum,
1527 4117 1541 4146 «
1554 4095 1604 4167 qui
1618 4094 1647 4150 in
1659 4094 1740 4151 vohis
1753 4099 1796 4150 est
1809 4111 1874 4167 gre-

188 4179 293 4250 dignus
318 4184 360 4235 est
387 4182 507 4253 elegerit
528 4188 556 4238 et
584 4186 679 4240 cuncti
703 4187 811 4259 pariter
837 4188 1006 4246 sacraverint
1055 4209 1121 4265 gem
1142 4191 1202 4262 Dei,
1223 4189 1405 4263 providentes
1429 4205 1487 4244 non
1511 4193 1616 4255 coacte,
1642 4187 1691 4244 sed
1715 4193 1874 4259 spontanee

188 4271 363 4343 pontificem.
379 4275 414 4329 Et
427 4275 493 4330 licet
511 4274 588 4332 istud
608 4280 775 4336 necessitate
796 4287 914 4354 cogente
934 4300 1004 4339 con·
1054 4285 1212 4341 secundum
1235 4285 1338 4350 Deum,
1361 4298 1454 4354 neque
1475 4282 1566 4353 turpis
1590 4280 1662 4337 lucri
1690 4279 1797 4352 gratia,
1823 4279 1872 4335 sed

188 4380 299 4421 cessum
313 4365 358 4435 sit,
372 4367 443 4424 illud
457 4370 552 4425 tamen
567 4371 645 4443 quod
664 4373 699 4429 de
718 4373 920 4448 archicpiscopi
936 4393 1004 4433 cou—
1053 4377 1220 4434 voluntarie.
1246 4379 1344 4449 Neque
1377 4378 1409 4430 nt
1434 4374 1615 4430 dominantes
1647 4373 1676 4428 iu
1700 4371 1793 4441 cleris,
1822 4371 1872 4429 sed

188 4460 344 4517 secretione
358 4461 680 4538 predictumestatque
696 4470 882 4540 pracceptum,
899 4469 928 4524 id
950 4473 1002 4539 est,
1054 4473 1148 4528 iorrna
1173 4470 1237 4526 iacti
1265 4469 1347 4541 gregi
1371 4484 1405 4523 ex
1428 4466 1536 4524 animo.
1557 4468 1591 4521 Et
1617 4483 1683 4522 cum
1707 4464 1874 4538 apparuerit

187 4557 218 4608 nt
231 4569 331 4610 omnes
344 4555 515 4628 suffraganei
529 4573 595 4613 eum
610 4559 753 4630 ordinent,
768 4561 932 4619 nullatenus
948 4564 1003 4619 im·
1052 4566 1185 4639 princeps
1217 4566 1380 4635 pastorum,
1412 4559 1573 4634 percipietis
1603 4557 1872 4615 immarcescibilem

186 4647 293 4703 mutari
307 4648 387 4719 licet;
402 4650 468 4722 quia
485 4651 535 4723 qui
552 4651 608 4707 illis
620 4658 734 4725 praeest,
751 4654 787 4710 ab
799 4656 933 4712 omnibus
944 4657 1002 4729 epi·
1054 4659 1151 4732 gloriae
1173 4673 1308 4714 coronam
1327 4655 1351 4727 (l
1370 4657 1443 4711 Petr.
1467 4670 1495 4722 v,
1514 4653 1600 4725 24).»
1624 4653 1659 4708 Et
1677 4652 1762 4724 juxte
1782 4651 1872 4706 ulium

186 4741 279 4812 scopis
291 4741 395 4813 quibus
406 4749 509 4815 praeest
522 4744 607 4801 debet
618 4747 761 4803 constitui.
774 4748 823 4805 sin
836 4749 919 4806 aliter
933 4767 1004 4822 pras·
1052 4752 1210 4823 apostolum
1227 4766 1234 4805 τ
1257 4771 1272 4799 u
1291 4749 1410 4816 Fratres,
1437 4762 1580 4802 memores
1605 4749 1693 4801 estote
1717 4744 1873 4800 Verb0ffl¹1¹

186 4838 332 4906 sumptum
355 4835 452 4906 fuerit,
472 4837 580 4894 viribus
604 4856 699 4896 carcre
725 4859 782 4898 non
808 4842 928 4898 dubium
950 4847 1002 4912 est,
1054 4862 1117 4919 qum
1128 4843 1265 4918 praedicta
1277 4846 1345 4897 sunt
1357 4841 1392 4897 ab
1406 4839 1541 4913 apostolis
1556 4839 1621 4894 lesu
1643 4836 1747 4894 Christi
1762 4836 1814 4909 qui
1826 4836 1872 4892 di-

185 4925 254 4998 quia
266 4928 346 4984 irrita
359 4930 414 4985 crit
425 4930 487 5002 ejus
500 4948 579 4987 secus
594 4937 657 4989 acta
667 4934 820 5003 ordinatio,
833 4936 894 5008 ipse
907 4941 1003 4993 autem
1054 4939 1157 4994 cebant
1176 4937 1265 5007 vobis,
1287 4935 1426 5008 quoniam
1447 4933 1476 4988 in
1497 4932 1653 4989 novissimo
1676 4936 1808 5002 tempore
1827 4945 1875 4984 ve-

187 5020 415 5094 archiepiscopus
438 5024 510 5080 nihil
534 5025 569 5080 de
591 5043 692 5082 corum
714 5028 816 5096 causis,
832 5029 927 5086 autde
941 5030 1004 5086 aliis
1053 5033 1134 5088 nient
1163 5030 1290 5086 illusores
1322 5026 1480 5084 secundum
1513 5023 1654 5081 desideria
1689 5022 1875 5078 ambulantes

187 5114 387 5170 communibus
399 5116 481 5186 juxta
493 5119 597 5173 statuta
609 5121 804 5191 apostolorum
818 5121 924 5194 absque
937 5139 1004 5179 cun·
1053 5125 1248 5197 impietatum.
1260 5122 1293 5178 lli
1308 5125 1375 5177 sunt
1387 5119 1437 5192 qui
1457 5123 1610 5192 segregant
1631 5115 1800 5188 semetipsos
1814 5115 1874 5171 ani·

186 5211 299 5264 ciorum
313 5209 428 5264 illorum
438 5213 506 5281 agat
518 5211 638 5267 consilio
646 5231 654 5282 ;
666 5230 719 5268 nco
732 5215 782 5282 illi,
795 5213 849 5271 nisi
863 5221 1003 5287 quantum
1053 5218 1152 5288 males,
1169 5216 1301 5289 spiritum
1321 5232 1379 5271 nun
1401 5212 1551 5268 hahentes.
1568 5212 1621 5266 Vos
1641 5213 1747 5277 autem,
1761 5207 1871 5265 charis·

185 5301 224 5357 ad
244 5302 373 5375 proprias
397 5303 547 5375 parochias
565 5306 692 5377 pertinet
712 5307 771 5364 sine
791 5325 852 5376 suo,
866 5310 1002 5381 quoniam
1054 5311 1128 5380 simi,
1144 5307 1402 5382 superaedificantes
1420 5305 1605 5376 vosmetipsos
1624 5301 1813 5359 sanctissimas
1826 5318 1873 5357 ve·

185 5394 235 5450 tali
261 5396 367 5468 gaudet
392 5396 543 5453 concordia
570 5399 727 5455 Altissimus
753 5404 782 5456 et
811 5402 950 5474 gloriatur
974 5404 1120 5478 inDstrsa
1140 5402 1217 5472 ltdoi,
1238 5402 1268 5457 in
1291 5401 1400 5474 Spiritu
1424 5402 1521 5454 sancto
1541 5399 1664 5466 orantes,
1682 5395 1759 5467 ipsos
1771 5411 1822 5450 vos
1841 5395 1874 5451 in

185 5491 324 5546 membris
335 5490 402 5545 suis.
415 5490 489 5546 Nulli
502 5491 706 5565 archiepiscopi
715 5494 851 5566 primates
858 5500 1003 5566 vocentur,
1054 5496 1206 5554 dilectione
1227 5495 1276 5552 Dei
1297 5497 1416 5560 servate,
1432 5493 1626 5564 exspectantes
1646 5487 1873 5544 misericordiam

185 5580 241 5638 nisi
260 5584 300 5639 illi
312 5584 362 5656 qui
373 5583 481 5657 primas
495 5589 597 5641 tenent
611 5586 746 5657 civitates,
760 5605 883 5661 quarum
897 5590 1004 5662 cpisco
1053 5591 1168 5648 Domini
1190 5589 1280 5647 nostri
1301 5590 1367 5645 lesu
1387 5585 1492 5643 Christi
1513 5584 1543 5639 in
1563 5583 1652 5638 vitam
1673 5584 1823 5637 aeternam.
1837 5582 1875 5638 ut

72 5716 75 5721 -
185 5690 239 5746 pos
250 5678 371 5747 apostoli
385 5681 414 5734 et
426 5695 602 5737 successores
620 5684 813 5754 apostolorum
832 5684 1004 5756 regulariter
1052 5685 1105 5742 hos
1117 5679 1236 5758 quidam
1251 5682 1364 5756 arguite
1373 5680 1545 5752 judicantes,
1559 5677 1620 5733 illos
1631 5691 1700 5731 vero
1714 5677 1824 5732 servate
1836 5674 1875 5732 de

187 5767 362 5838 patriarchas
376 5776 404 5828 et
417 5772 552 5844 primates
567 5790 626 5834 esse
642 5776 859 5850 constituerunt,
873 5777 927 5834 nisi
949 5778 1001 5835 ali·
1053 5778 1121 5850 igne
1136 5777 1315 5850 recipientes.
1330 5774 1399 5832 auis
1410 5776 1507 5830 autem
1520 5768 1694 5830 miseremini
1709 5768 1740 5826 in
1753 5767 1871 5840 timore,
