3870 6150
66 274 121 328 sal
690 269 922 326 liscublstlb'll
943 264 1135 325 coliberto.
1630 264 1637 275 “
1701 272 1753 325 92⁶2

66 379 234 450 perantiam
249 382 352 447 servat,
363 383 434 434 utet
448 378 573 433 severius
587 383 655 450 agat
667 394 732 432 curn
743 377 890 433 obduratis
900 391 929 463 Α
939 377 1046 432 habent
1072 377 1157 448 hujus
1183 378 1393 448 supputationis
1423 376 1567 448 peritiam,
1591 378 1760 448 diligentius

67 477 100 527 et
112 472 226 527 veniam
234 471 332 542 cupiat
343 475 478 542 prestare
493 471 635 526 correctis.
653 470 725 535 Quia
735 486 805 542 ergo
819 469 889 525 mibi
941 471 981 525 illi
1005 470 1129 525 discussa
1155 471 1275 538 ratione,
1303 475 1483 543 quaereretur
1513 487 1570 542 quo
1595 470 1642 525 dic
1664 475 1761 542 posset

67 567 163 620 multa
191 564 296 619 fiducia
317 567 359 619 est
383 564 417 619 de
440 565 554 636 pietatis
576 567 677 619 vostra
702 563 892 619 sincerissima
940 563 1105 618 veneranda
1118 564 1283 619 solemnitas
1298 564 1403 619 rectius
1416 563 1566 619 celebrari.
1581 564 1642 628 Quo
1657 563 1758 620 rescri-

68 659 137 726 lide,
152 658 270 713 obsecro
292 657 478 713 clementiam
499 662 636 726 vestram,
652 662 685 711 ut
703 658 776 713 sicut
795 660 891 711 sancto
941 656 1039 719 bente,
1052 661 1151 711 octavo
1165 656 1305 712 Kalendas
1318 657 1381 712 blaii
1395 656 1529 712 delinitus
1544 660 1588 711 est
1601 655 1671 711 dies.
1686 656 1760 720 Quia

67 752 165 807 studio
186 756 235 806 tuo
253 751 394 806 catholica
413 751 579 821 pradicatio
596 767 710 822 semper
725 751 822 821 adjuta
837 753 890 816 est,
940 765 1010 821 crgo
1035 748 1128 804 studio
1158 749 1277 803 unitatis
1297 754 1326 804 et
1347 749 1422 820 pacis
1454 749 1541 804 malui
1572 749 1758 804 Orientalium

67 846 109 900 ita
124 861 202 899 nuuc
215 860 330 915 quoque
341 843 470 915 ejusdem
481 844 609 899 libertati
623 844 728 899 faveas.
743 845 803 898 Non
814 843 891 898 enim
940 841 1100 896 definitioni
1121 841 1314 914 acquiescere,
1328 858 1415 913 quam
1437 842 1466 896 in
1491 845 1577 897 tantm
1598 840 1759 897 festivitatis

66 936 253 1009 portiuncula
268 937 365 1008 aliqua
384 937 452 992 fidei
473 942 578 992 nostra
599 953 663 1008 quae
682 937 777 991 minus
797 935 890 990 lucide
941 935 1119 991 observantia
1132 934 1281 1002 dissidere,
1296 935 1408 991 noverit
1422 936 1587 990 fraternitas
1603 941 1695 990 vestra
1710 935 1757 990 die

67 1031 107 1085 sit
123 1031 200 1085 clara
214 1031 351 1102 pulsatur.
370 1029 424 1086 Sed
439 1030 492 1084 hoc
505 1031 631 1101 imperta
645 1030 792 1084 resultatio
804 1029 892 1084 audet
940 1035 1039 1083 octavo
1057 1028 1251 1084 Kalendarum
1272 1028 1409 1084 Maiarum
1428 1028 1464 1082 ab
1480 1027 1613 1083 omnibus
1627 1044 1756 1084 resurre-

68 1125 223 1189 incessere,
239 1123 315 1194 quod
338 1123 474 1178 Dominus
495 1124 525 1177 in
538 1123 661 1179 Ecclesia
674 1140 725 1178 sua
743 1122 889 1178 neminem
940 1123 1062 1177 ctionem
1077 1122 1255 1177 [lominicam
1268 1121 1479 1188 celebrandam,
1494 1126 1523 1176 et
1534 1122 1588 1176 boc
1603 1121 1697 1192 ipsum
1707 1137 1758 1193 per

66 1218 160 1273 voluit
172 1218 315 1289 ignorare.
329 1217 363 1270 Et
381 1216 447 1271 ideo
460 1232 512 1287 pro
528 1220 629 1271 vestrae
645 1216 757 1287 pietatis
770 1231 888 1270 consue·
940 1232 989 1270 vos
1002 1215 1064 1270 aliis
1076 1231 1137 1270 esse
1151 1215 1286 1270 fratribus
1300 1214 1505 1282 intimandum,
1521 1218 1552 1269 ut
1565 1214 1668 1269 divinas
1680 1214 1758 1285 pacis

66 1310 170 1365 tudine
184 1309 333 1364 elaborare
348 1308 519 1380 dignemini,
531 1312 675 1364 utcontra
691 1309 834 1381 singulare
848 1325 890 1362 sa·
940 1310 1090 1374 consortio,
1106 1309 1179 1364 sicut
1192 1325 1250 1363 una
1263 1309 1318 1363 llde
1329 1308 1491 1379 jungimur,
1505 1309 1544 1362 ita
1556 1323 1614 1362 uua
1628 1308 1759 1362 solemni-

65 1406 250 1458 cramcntum
283 1403 382 1457 salutis
422 1403 575 1472 humanae,
609 1402 687 1474 quod
724 1402 890 1473 blasphema
941 1407 997 1458 tate
1011 1403 1158 1458 feriemur.

65 1497 237 1568 insipientia
251 1496 380 1568 protulit,
395 1495 431 1551 ab
450 1496 580 1551 omnium
600 1496 705 1550 animis
723 1495 888 1567 repellatur,
991 1497 1087 1553 XCth.
1103 1527 1137 1536 —
1155 1497 1201 1552 Ad
1218 1496 1429 1557 Somortioocm,
1446 1495 1634 1558 Gorotbonem,
1649 1498 1704 1550 etc.

63 1591 138 1644 acsi
156 1590 216 1661 ipse
236 1589 285 1661 qui
304 1590 334 1644 in
353 1590 406 1644 bac
429 1589 585 1644 tentatione
607 1589 717 1655 incidit,
733 1588 889 1659 resipiscat,
975 1590 1104 1645 Dominis
1127 1589 1263 1644 iratribus
1283 1589 1387 1644 merito
1407 1589 1580 1644 beatissimis
1594 1589 1625 1643 in
1645 1589 1757 1644 Christo

66 1684 108 1738 ita
121 1687 155 1738 ut
168 1683 247 1754 quod
266 1683 344 1737 male
365 1687 495 1737 senserat
514 1682 630 1753 propria
645 1698 711 1737 voco
726 1680 887 1737 etsubscri·
940 1683 1158 1749 venerabilibus,
1193 1682 1374 1750 samartioni,
1407 1682 1569 1748 carathoni,
1599 1681 1756 1750 Desiderio,

66 1777 168 1848 ptione
191 1776 375 1846 condemnet,
392 1776 590 1830 communioni
603 1775 644 1830 illi
665 1776 708 1830 sui
722 1774 831 1830 ordinis
843 1791 888 1829 re·
900 1757 928 1830 B
939 1777 1077 1848 episcopis
1093 1783 1121 1833 et
1143 1776 1315 1847 presbyteris
1337 1775 1468 1831 omnium
1490 1775 1673 1832 ecclesiamm
1692 1791 1757 1847 quae

65 1871 220 1925 formetur.
249 1869 330 1934 Quod
362 1869 449 1924 etiam
477 1870 559 1925 tratri
583 1873 612 1924 et
634 1869 802 1941 coepiscopo
822 1883 888 1923 meo
939 1874 1005 1925 sunt
1025 1871 1100 1925 intra
1121 1869 1295 1942 provinciam
1317 1869 1468 1925 Thraciam
1497 1868 1668 1935 constitute,
1691 1869 1756 1936 beo,
1802 1885 1804 1889 ’
1902 1925 1910 1933 ,

66 1963 192 2018 Faviauo
205 1979 252 2017 mc
267 1963 419 2018 clementia
432 1965 525 2017 vestra
542 1966 703 2034 cognoscat,
718 1965 747 2018 et
759 1961 805 2016 bis
818 1977 889 2032 quos
938 1964 1088 2031 Victorius,
1104 1963 1245 2025 Eustatius
1262 1962 1398 2035 episcopi.

65 2057 200 2111 misimus
227 2055 435 2127 delegassent
458 2056 541 2110 venia
566 2055 748 2123 concedatur,
764 2055 788 2109 si
810 2071 890 2111 error
973 2058 1060 2113 Tanta
1084 2057 1179 2112 saecrsli
1192 2059 1347 2129 potestates
1369 2055 1445 2111 circa
1458 2055 1665 2111 sacerdotalem
1681 2055 1758 2110 ordi·

66 2150 210 2205 aboletur.
232 2150 272 2203 Ne
293 2153 391 2203 autem
411 2149 534 2220 piissimi
555 2149 692 2221 principis
710 2148 888 2220 dispositioni
937 2167 1005 2207 nem
1036 2150 1196 2206 reverentia
1227 2150 1404 2222 pervaluere,
1430 2149 1517 2204 etiam
1545 2148 1575 2203 bi
1599 2164 1670 2220 quos
1703 2147 1755 2202 sub

67 2259 133 2314 quae
149 2241 307 2314 episcopale
323 2241 477 2296 concilium
492 2241 580 2297 voluit
596 2241 776 2313 congregari,
791 2244 888 2296 nostra
938 2244 1080 2315 imperiali
1105 2245 1224 2299 nomine
1247 2244 1333 2299 terris
1359 2242 1455 2297 divina
1483 2242 1608 2314 potentia
1635 2257 1758 2314 praesse

66 2336 213 2391 videretur
225 2335 377 2406 praesentia
391 2335 524 2403 defuisse,
540 2334 641 2391 tratres
653 2350 732 2389 meos
745 2335 887 2389 lulianum
937 2338 1082 2409 praecepit,
1100 2342 1133 2392 ul
1146 2338 1195 2408 jus
1210 2336 1476 2408 distringendorum
1497 2336 1677 2408 negotiorum
1696 2335 1757 2407 cpi·

65 2431 246 2501 episcopum,
264 2428 406 2483 llenatum
421 2428 633 2500 presbyterum,
647 2432 675 2483 et
687 2428 778 2482 lilium
790 2443 887 2481 meum
937 2432 1029 2502 scopis
1048 2432 1162 2499 sanctis,
1172 2431 1254 2502 juxta
1267 2430 1368 2485 divalia
1380 2430 1536 2485 constituta
1559 2428 1756 2501 permiserint.

66 2523 206 2578 Hilarium
220 2521 374 2576 diaconum
389 2522 464 2591 misi,
478 2522 629 2593 quivicem
643 2521 802 2593 presentia
816 2535 887 2575 meae
938 2524 1018 2589 Quod
1027 2542 1092 2580 curn
1106 2524 1213 2596 etjuris
1227 2524 1337 2595 antiqui
1347 2523 1479 2578 formulis
1491 2521 1614 2578 stilletis
1626 2523 1759 2593 frequen·

66 2617 190 2687 implere
205 2615 379 2671 sufficerent.
394 2615 449 2670 Sed
466 2615 491 2669 ei
505 2616 556 2687 qui
571 2616 600 2669 in
618 2630 715 2670 errore
731 2619 774 2669 est
787 2613 888 2669 melius
937 2619 993 2672 tius
1006 2619 1042 2673 sit
1056 2623 1085 2672 et
1099 2618 1211 2689 legibus
1225 2619 1438 2686 confirmatum,
1452 2616 1612 2689 praesertim
1627 2619 1757 2687 tempore

67 2710 242 2776 consuletur,
257 2710 280 2763 si
293 2709 333 2763 ibi
346 2709 395 2763 ubi
410 2708 545 2780 desipuit,
562 2708 670 2763 ibidem
687 2707 844 2779 resipiscat,
860 2711 889 2762 et
938 2730 954 2766 a
968 2712 1111 2783 plerisque
1121 2711 1281 2766 invenimus
1294 2710 1380 2766 luisse
1396 2710 1544 2766 calcatum.
1559 2710 1628 2764 Nam
1642 2712 1758 2780 prater·

66 2805 115 2858 ubi
129 2804 345 2858 damnationem
359 2802 475 2871 meruit,
493 2801 549 2856 illic
563 2801 773 2873 indulgentiam
787 2817 887 2855 couse-
938 2805 1023 2860 misso
1033 2804 1200 2860 sacerdotali
1209 2804 1318 2874 judicio
1330 2804 1436 2875 passim
1444 2804 1480 2858 ad
1490 2818 1608 2858 eramen
1622 2802 1756 2858 saecularc

67 2901 185 2968 quatur.
207 2896 274 2950 llata
289 2895 352 2951 ldus
367 2895 452 2963 lunii,
467 2895 580 2950 asturio
597 2899 626 2950 et
647 2897 806 2966 Protogene
820 2894 888 2949 viris
938 2898 1067 2954 transire.
1094 2898 1232 2962 Quocirca
1263 2897 1346 2952 nobis
1377 2896 1467 2952 visum
1501 2900 1552 2965 cst,
1574 2899 1607 2952 ut
1628 2896 1700 2950 bano
1729 2899 1759 2951 et

66 2991 164 3045 claris.
183 3005 261 3044 cons.
937 3008 1024 3047 saccae
1054 2992 1124 3063 legis
1147 2996 1177 3046 et
1198 2991 1288 3046 nostri
1312 2991 1419 3046 ordinis
1444 2989 1648 3046 coutumeliam
1673 2994 1701 3044 et
1722 2990 1758 3044 ad

102 3107 190 3163 pepp,
206 3136 241 3145 ,.
256 3106 302 3160 Ad
313 3109 452 3160 universo,
474 3108 610 3175 episcopo,
621 3121 673 3174 pe,
688 3105 806 3163 qaum
827 3108 852 3157 ει
897 3101 1061 3204 Cpraeseus
1081 3085 1264 3140 ulcisceretur
1278 3085 1365 3155 plena
1387 3083 1536 3152 districtio,
1553 3087 1582 3138 et
1603 3083 1757 3139 observan-

257 3179 420 3248 Hisposiom
433 3179 598 3232 constitutos.
937 3179 1001 3234 dam
1021 3178 1179 3234 formulam
1194 3178 1380 3233 constitueret
1398 3177 1428 3231 in
1450 3177 1589 3233 futurum.
1605 3179 1758 3233 censemus

103 3268 888 3340 Laodilectissimislratribusunivcrsisepisoopiscatho·
936 3274 1032 3344 itaque
1048 3277 1081 3327 ut
1090 3272 1254 3343 quicunque
1269 3272 1459 3342 praetermisso
1474 3271 1618 3326 sacerdote
1630 3270 1756 3325 ecclesiae

65 3364 127 3419 licis
139 3363 325 3435 pchalliam
335 3368 364 3418 et
373 3363 538 3434 Hispaniam
551 3361 712 3417 constitutis
724 3362 760 3416 de
769 3361 885 3416 Pascha.
937 3383 995 3421 sum
1015 3366 1050 3420 ad
1074 3365 1310 3438 disceptationem
1330 3364 1438 3420 venerit
1461 3363 1652 3431 saccularium,
1669 3363 1756 3418 sacris

102 3457 175 3511 Cum
187 3457 218 3511 in
231 3457 365 3512 omnibus
382 3456 543 3510 divinorum
556 3459 768 3528 praceptorum
782 3455 887 3525 regulis
937 3459 1083 3515 liminibus
1104 3460 1269 3530 expulsusa
1291 3457 1398 3513 coelesti
1420 3462 1552 3512 arceatur
1573 3456 1684 3512 altario.
1700 3456 1754 3511 Ne·

66 3551 270 3622 exsequendis,
291 3550 496 3605 sacerdotalem
523 3549 731 3604 observantiam
755 3551 888 3620 oporteat
937 3570 992 3626 que
1024 3552 1096 3607 ullus
1124 3557 1188 3623 post
1209 3552 1281 3607 hano
1311 3550 1508 3606 definitionem
1532 3549 1581 3622 qui
1609 3548 1756 3605 communi

67 3660 130 3699 esse
158 3644 341 3713 concordem,
367 3643 491 3699 maxime
522 3642 603 3698 nobis
633 3647 661 3698 et
693 3640 887 3713 principaliter
937 3645 1010 3702 sedit
1037 3645 1155 3700 arbitrio
1180 3644 1338 3716 quidquam
1368 3644 1422 3699 sibi
1447 3645 1521 3699 ultra
1555 3643 1752 3715 praescriptum

65 3737 278 3809 providendum
294 3742 345 3807 est,
358 3754 393 3792 ue
406 3736 436 3791 in
453 3736 594 3808 paschalis
608 3735 674 3791 testi
689 3735 735 3790 die
750 3734 793 3790 vel
806 3735 887 3806 iguo·
936 3738 1082 3795 vindicare
1103 3739 1222 3793 nitatur.
1241 3740 1280 3792 lta
1294 3737 1367 3807 lieri,
1381 3741 1412 3792 ut
1428 3737 1458 3792 bi
1472 3739 1520 3809 qui
1539 3742 1605 3792 ante
1625 3752 1755 3792 erravere

66 3831 163 3887 cantia
177 3830 222 3886 vel
231 3830 415 3903 presumptio
437 3835 589 3903 peccatum
607 3829 776 3885 diversitatis
791 3828 885 3884 incur·
937 3849 1065 3904 congma
1077 3831 1280 3887 emendatione
1290 3848 1320 3886 se
1332 3830 1486 3902 corrigant,
1499 3835 1528 3885 et
1539 3831 1589 3902 qui
1599 3830 1652 3885 sub
1662 3830 1757 3887 obser·

66 3931 121 3981 rat.
148 3925 225 3980 Unde
250 3925 318 3996 quia
342 3929 456 3996 tempus
483 3924 676 3980 sacratissimas
696 3922 888 3980 solemnitatis
937 3927 1051 3981 ratione
1067 3925 1188 3981 clericali
1209 3925 1314 3981 coelesti
1328 3924 1466 3998 probatur
1480 3924 1586 3980 servire
1600 3923 1706 3991 cilicio,
1720 3939 1754 3979 ex

66 4021 106 4073 ita
121 4018 274 4090 dispositos
292 4019 378 4074 babet
392 4018 497 4074 limites
511 4034 588 4087 suos,
602 4022 636 4073 ut
654 4018 778 4073 salutare
792 4033 885 4072 sacra·
937 4022 1012 4075 clero
1026 4019 1228 4090 abjiciendum,
1243 4019 1265 4073 si
1278 4019 1471 4090 praetermisso
1486 4018 1664 4074 sacerdotum
1674 4016 1754 4089 judi·

67 4117 202 4167 mentum
222 4128 298 4168 nunc
316 4112 411 4180 citius,
431 4128 509 4167 nunc
530 4112 639 4167 tardius
660 4116 790 4184 oporteat
812 4112 886 4166 celc-
938 4115 982 4169 cio
997 4114 1162 4169 secularem
1178 4112 1280 4168 adierit
1296 4115 1477 4184 potestatem.
1489 4112 1571 4176 Quod
1584 4111 1647 4166 ideo
1662 4111 1755 4183 singu·

64 4207 156 4274 brari,
170 4222 227 4261 uon
244 4207 348 4262 desinit
365 4207 528 4278 apostolicae
548 4205 625 4261 sedis
639 4205 800 4261 sollicitudo
818 4221 886 4276 pro·
937 4208 980 4262 los
1012 4206 1216 4279 universosque
1246 4206 1376 4261 volumus
1412 4221 1579 4277 agnoscere,
1613 4209 1646 4260 ut
1677 4199 1756 4276 quod

66 4300 188 4372 spicere,
215 4317 252 4355 ne
276 4300 386 4356 devotio
408 4300 597 4355 ecclesiastica
630 4299 726 4370 aliquo
756 4296 889 4354 turbetur
938 4301 1022 4372 pleno
1051 4300 1170 4371 justitiae
1197 4304 1225 4355 et
1246 4299 1320 4371 juris
1351 4288 1452 4354 or'dine
1488 4298 1675 4353 constitutum
1702 4303 1755 4367 est,

66 4395 191 4449 incerto.
213 4395 285 4450 Cum
306 4395 396 4466 igitur
424 4394 454 4448 in
476 4393 650 4466 quibusdam
671 4391 889 4464 ascriptionibus
938 4394 1070 4449 ellectum
1093 4393 1180 4448 totius
1205 4393 1346 4448 ilrmitatis
1376 4392 1404 4446 in
1417 4392 1564 4447 'omnibus
1588 4389 1756 4448 clericorum

66 4490 187 4543 Petrum
200 4487 329 4543 futurum
343 4489 473 4560 proxime
488 4487 594 4543 Pascha
608 4486 718 4541 Domini
729 4485 766 4541 ab
781 4485 843 4541 aliis
858 4486 887 4539 in
897 4500 927 4572 D
938 4487 1059 4558 negotiis
1081 4487 1227 4542 sortiatur.
1245 4486 1318 4542 Sane
1340 4487 1364 4540 si
1384 4486 1502 4541 clericus
1522 4486 1628 4540 laicum
1651 4485 1754 4559 pulset,

66 4582 149 4636 diem
172 4582 450 4653 quintumdecimum
473 4581 614 4638 Kalendas
635 4580 710 4646 itali,
726 4579 762 4634 ab
780 4579 843 4634 aliis
857 4579 888 4634 in
937 4580 1017 4652 prius
1030 4597 1060 4634 se
1072 4579 1165 4635 audiri
1179 4579 1215 4633 ab
1228 4578 1368 4650 episcopis
1385 4583 1496 4650 poscat,
1510 4583 1571 4633 tum
1587 4578 1609 4633 si
1625 4579 1756 4650 petitioni

66 4674 149 4730 diem
167 4679 298 4730 octavum
318 4678 508 4732 Kalendarum
530 4675 696 4732 earumdem
713 4674 889 4730 inveniretur
938 4690 996 4729 sure
1018 4673 1123 4728 laicum
1144 4672 1249 4728 viderit
1271 4672 1384 4727 obviare
1409 4688 1444 4726 ex
1464 4672 1606 4743 permissu
1630 4673 1756 4748 episcopi

67 4768 237 4840 ascriptum,
252 4775 364 4826 tantum
382 4787 428 4826 me
450 4769 596 4826 diversitas
617 4769 671 4824 ista
691 4768 844 4841 permovit,
859 4771 890 4822 ut
937 4768 980 4823 sui
999 4766 1028 4822 in
1049 4767 1146 4822 saeculi
1166 4765 1363 4821 moderatores
1383 4764 1587 4836 disceptatione
1609 4768 1755 4840 confligat.

65 4863 294 4918 clementissimo
313 4865 436 4936 principi
456 4864 596 4920 Marciano
618 4879 715 4919 curam
736 4862 771 4918 de
791 4863 843 4916 bac
858 4877 888 4917 re
937 4862 992 4916 Leo
1012 4861 1161 4932 episcopus
1180 4859 1277 4914 scribit
1284 4876 1293 4928 ;
1309 4859 1448 4914 Victorius
1468 4859 1617 4931 episcopus
1639 4863 1752 4932 scribit;

64 4956 157 5012 animi
171 4958 227 5011 mei
241 4957 406 5028 panderem,
417 4962 448 5013 ut
462 4957 647 5029 praecipiente
659 4958 721 5029 ipso
735 4956 770 5011 ab
785 4955 830 5010 bis
840 4955 889 5027 qui
939 4954 1080 5009 Eustatius
1095 4954 1244 5026 episcopus
1259 4953 1366 5009 scribit.

69 5058 235 5074 „—
371 5136 657 5230 lNClPlUNT
703 5136 965 5229 DECRETA
1009 5133 1225 5227 HlLARll
1269 5135 1449 5229 PAPAE.

694 5269 891 5336 rucrrrour
922 5268 1128 5335 carnum.

789 5376 1037 5395 ψ

105 5442 131 5492 l.
147 5439 183 5493 tlt
196 5454 320 5495 canones
335 5437 438 5497 Nicaeni
451 5442 495 5497 vel
510 5441 670 5515 apostolica.
685 5442 759 5498 sedis
772 5438 887 5497 decreta
938 5439 1013 5497 lectu
1042 5437 1249 5510 membrorum,
1271 5445 1321 5497 aut
1349 5438 1492 5497 decisione
1522 5439 1628 5511 aliquid
1659 5436 1755 5495 minus

63 5532 277 5588 custodiantur.
938 5535 1076 5590 babentes
1089 5535 1123 5591 ad
1135 5535 1313 5607 superiorem
1328 5535 1457 5590 ordinem
1472 5549 1531 5589 non
1545 5533 1668 5589 veniant.

101 5630 131 5681 2.
148 5626 184 5681 lit
198 5626 316 5699 bigami,
331 5630 492 5698 autriduae,
507 5634 556 5685 aut
573 5634 716 5700 cormptae
736 5629 831 5684 mariti
851 5629 886 5683 ad
972 5628 999 5683 l.
1026 5630 1061 5684 Ut
1087 5645 1120 5683 ea
1152 5645 1216 5700 quae
1247 5627 1343 5683 illicite
1372 5627 1521 5698 episcopus
1550 5626 1593 5682 vel
1623 5626 1756 5683 decessor

61 5719 274 5777 ecclesiasticos
289 5723 396 5792 gradus
411 5740 467 5779 non
482 5723 628 5780 accedant.
934 5723 1000 5795 ejus
1014 5722 1166 5790 ordinavit,
1179 5722 1214 5777 ab
1228 5737 1261 5776 eo
1273 5722 1322 5793 qui
1336 5724 1465 5792 superest
1482 5721 1681 5778 emendentur.

102 5818 130 5870 3.
146 5813 182 5868 Ut
205 5815 375 5888 prenitentes
397 5823 444 5872 aut
468 5817 547 5872 inscii
573 5818 732 5874 litteramm
756 5817 813 5872 sire
835 5816 885 5871 de·
974 5821 999 5872 5.
1019 5815 1055 5871 ut
1076 5816 1173 5872 nullus
1195 5815 1362 5889 episcopus,
1375 5812 1436 5869 sibi
1452 5814 1549 5886 cingat
1563 5826 1790 5869 successam.
