3870 6150
155 267 205 326 iit
779 260 1016 323 uacantium
1035 261 1229 321 collectio.
1788 260 1842 322 ili

157 379 256 431 aulem
280 375 480 448 episcoporum
514 375 543 431 id
574 375 754 446 neglexerit,
780 373 899 430 concilio
922 373 978 429 erit
987 370 1232 458 Asuslinentibus
1252 387 1305 444 pro
1326 374 1385 428 solo
1408 371 1554 446 religionis
1577 371 1683 429 intuitu
1704 370 1734 427 in
1759 390 1844 429 usum

161 486 235 523 rens.
1027 482 1072 522 res
1093 464 1288 520 ecclesiastice
1312 466 1482 537 largiuntur,
1497 469 1606 540 quanto
1627 465 1720 538 magh
1741 483 1843 523 oonsu-
1923 456 1929 469 ⁸

190 563 289 618 Xllllll.
312 563 439 618 Avaritia
458 561 539 618 radix
563 565 607 616 eat
630 564 800 616 cunctorum
820 562 974 626 malorum,
1026 559 1143 614 lendum
1157 562 1209 628 est,
1226 558 1329 629 quibus
1343 559 1492 615 retributio
1502 561 1580 632 justa
1594 558 1725 615 debetur.

158 657 238 727 cujus
253 655 316 711 sitis
328 657 417 712 etiam
437 655 617 711 sacerdotum
636 657 750 710 mantas
766 654 884 710 obtinet.
897 653 976 708 llulti
1061 653 1194 708 iillllVlll.
1210 652 1345 708 Nonnulli
1367 653 1501 709 diacones
1514 654 1544 709 in
1558 657 1666 708 tantam
1689 659 1845 727 erumpunt

155 749 284 805 fidelium
297 750 327 804 in
343 766 439 805 amore
451 749 554 804 Christi
570 752 599 803 ct
613 751 776 820 martyrum
787 749 818 802 in
833 747 976 820 parochiis
1026 746 1198 818 superbiam,
1220 750 1251 801 ut
1273 762 1333 801 sese
1357 747 1529 818 presbyteris
1551 749 1739 819 anteponant,
1757 754 1844 820 atque

155 844 354 916 episcoporum
363 842 494 898 basilicas
503 848 685 911 construunt,
695 841 855 897 oblationes
865 844 976 896 sanctas
1025 839 1055 894 in
1070 839 1162 910 primo
1177 838 1231 912 ipsi
1244 839 1355 911 priores
1370 842 1446 894 stara
1471 847 1656 912 presumant,
1670 841 1844 914 presbyteris

156 937 297 1005 tribuunt,
319 935 478 992 sacerdotes
499 936 561 991 haec
585 936 729 1003 auferunt,
748 939 834 1008 atque
857 935 888 989 in
910 949 977 989 usus
1025 933 1055 988 in
1070 933 1196 988 secundo
1218 932 1306 988 choro
1328 933 1499 989 constitutis.
1515 935 1588 1004 Ergo
1611 937 1645 990 ut
1665 933 1845 991 sublimiores

154 1047 221 1085 suos
244 1034 426 1096 convertunt,
443 1028 509 1085 inde
530 1033 574 1084 εει
592 1029 668 1101 quod
684 1029 808 1084 cultores
829 1043 976 1083 sacrorum
1025 1026 1077 1081 sibi
1102 1025 1280 1099 presbyteros
1303 1031 1476 1099 agnoscant,
1501 1032 1563 1083 tam
1588 1027 1617 1082 hi
1642 1044 1727 1100 quam
1751 1027 1791 1084 illi
1814 1029 1845 1085 in

156 1123 304 1191 deliciunt,
313 1123 383 1178 dum
393 1122 538 1195 stipendia
545 1123 737 1193 suapardunt,
744 1121 810 1178 inde
818 1121 975 1177 labantium
1024 1123 1149 1191 utroque
1162 1120 1248 1177 choro
1264 1120 1430 1177 consistant.

154 1217 337 1272 basilicarum
351 1216 445 1272 ruine
458 1232 518 1271 non
533 1219 713 1286 reparantur,
723 1214 790 1287 quia
799 1214 918 1269 avaritia
929 1231 973 1268 sa·
1059 1214 1166 1269 lllllllb'.
1182 1212 1209 1269 Si
1226 1214 1319 1269 oraria
1334 1213 1391 1268 duo
1412 1230 1465 1269 nec
1480 1213 1615 1286 episcopo
1638 1213 1758 1270 iuduere
1781 1213 1844 1287 qui·

155 1306 293 1362 cerdotali
317 1305 422 1360 omnia·
437 1305 618 1360 auferuntur.
642 1305 696 1358 Pro
729 1319 787 1375 qua
811 1319 842 1357 re
870 1303 973 1358 eonsti-
1025 1305 1534 1379 dcrnlicetnecpresbytero,utique
1549 1307 1847 1365 multominusdiaeo-

154 1403 250 1454 tutum
275 1403 353 1455 esta
374 1398 509 1470 presenti
535 1397 655 1453 concilio
676 1396 823 1469 episcopos
844 1396 882 1451 ita
903 1396 973 1451 dioe-
1024 1415 1062 1455 no
1072 1400 1121 1472 qui
1132 1400 1261 1456 minister
1271 1417 1370 1456 aarum
1382 1404 1434 1471 est,
1443 1418 1533 1456 unum
1545 1417 1615 1473 ergo
1626 1401 1752 1456 orarium
1763 1418 1847 1474 opor·

155 1509 231 1547 ceses
253 1509 319 1547 suas
337 1508 448 1563 regere,
462 1495 493 1546 ut
515 1490 585 1546 nihil
609 1507 645 1545 ex
667 1506 766 1545 aarum
783 1490 850 1561 jnre
865 1506 973 1562 presu·
1024 1498 1064 1548 tet
1076 1494 1188 1549 levitam
1202 1501 1312 1566 gestare
1325 1494 1355 1549 in
1369 1494 1484 1549 sinistro
1496 1495 1628 1561 humero,
1638 1497 1757 1568 propter
1768 1495 1846 1568 quod

156 1591 237 1641 mant
249 1586 373 1654 auterre,
387 1585 438 1640 sed
447 1585 532 1656 juxta
552 1584 679 1656 priorum
693 1583 892 1639 auctoritatem
904 1600 973 1638 cou-
1025 1584 1239 1659 115orat,id
1248 1591 1291 1644 est
1303 1588 1604 1659 predicatilexteram
1620 1592 1717 1646 autem
1730 1592 1846 1662 oportet

155 1680 300 1747 ciliorum,
314 1682 375 1734 tam
389 1679 424 1734 de
437 1677 626 1734 oblationibus
649 1693 735 1750 quam
755 1677 792 1732 de
804 1676 927 1744 tributis,
941 1693 974 1731 ac
1025 1679 1131 1735 habere
1146 1680 1279 1750 liberam,
1290 1684 1323 1736 ut
1333 1681 1491 1753 expeditius
1504 1682 1541 1737 ad
1551 1682 1744 1739 ministerium
1756 1699 1847 1739 sacer-

156 1771 286 1844 irugibus
309 1772 426 1828 tertiam
446 1775 678 1844 consequantur,
702 1770 778 1842 quod
806 1770 828 1825 si
851 1770 975 1841 amplius
985 1755 1013 1829 B
1025 1773 1117 1829 dotale
1130 1773 1279 1829 discurrat.
1287 1776 1410 1831 caveant
1422 1790 1491 1857 ergo
1504 1775 1610 1831 amodo
1624 1775 1717 1831 levite
1730 1777 1846 1849 ganum

158 1866 306 1938 quidpiam
320 1866 356 1921 ab
371 1866 412 1920 eis
426 1869 635 1937 presumptum
649 1863 796 1932 exstiterit,
810 1880 862 1935 per
878 1864 967 1919 couci·
1024 1866 1065 1921 uti
1089 1868 1192 1936 orario,
1208 1869 1256 1923 sed
1273 1885 1363 1922 unum
1386 1872 1500 1924 tanturn
1523 1873 1552 1923 cl
1573 1883 1691 1940 purum,
1706 1885 1760 1925 nec
1782 1870 1846 1927 ullis

160 1958 225 2015 lium
241 1963 432 2026 restauretur,
444 1958 653 2031 appellantibus
662 1960 759 2013 autem
774 1957 841 2029 ipsis
851 1957 976 2012 condito-
1024 1960 1165 2016 coloribus
1176 1963 1226 2016 aut
1237 1978 1254 2016 a
1266 1965 1329 2032 tyro
1344 1963 1478 2016 ornatum
1493 1962 1599 2017 ferant.

161 2052 241 2124 ribus,
251 2054 304 2108 aut
313 2056 390 2109 certe
398 2051 568 2125 propinquis
578 2051 719 2120 eorum‚ai
724 2050 975 2123 jamilliaseculo
1059 2056 1114 2110 XL.
1139 2054 1244 2110 Omnes
1270 2055 1365 2110 clerici
1392 2056 1435 2111 rel
1461 2055 1582 2111 lectores
1607 2055 1680 2111 siout
1702 2055 1794 2112 levite
1817 2059 1847 2113 ει

165 2144 348 2202 decesserunt.
364 2146 501 2202 Noverint
521 2161 591 2218 ergo
614 2145 776 2201 conditores
794 2144 975 2200 basilicarum
1025 2146 1186 2203 sacerdotes
1216 2148 1333 2203 detonso
1361 2148 1491 2221 euporius
1516 2149 1611 2222 capite
1636 2152 1695 2205 toto
1726 2149 1845 2207 inferius

167 2236 188 2292 in
200 2239 286 2296 rebus
300 2256 372 2312 quas
382 2239 488 2295 eisdem
505 2238 630 2294 ecclesiis
641 2238 794 2294 conterunt
806 2238 916 2293 nullam
926 2254 975 2310 po-
1024 2241 1113 2296 aotam
1134 2239 1232 2296 circuli
1250 2257 1385 2297 coronam
1408 2241 1583 2314 relinquant,
1607 2259 1668 2297 non
1691 2242 1765 2299 sicut
1788 2243 1846 2300 huc

165 2335 288 2389 testatem
301 2332 421 2401 habere,
436 2332 485 2387 sed
503 2332 589 2403 juxta
598 2347 743 2387 canonum
755 2330 885 2386 instituta
903 2330 976 2386 sicut
1025 2351 1115 2407 usque
1127 2334 1158 2389 in
1168 2334 1305 2406 Gallecie
1318 2334 1448 2406 partibus
1461 2337 1555 2392 facere
1570 2336 1689 2393 lectores
1698 2336 1844 2408 ridentur,

167 2426 284 2496 ecclesia,
299 2426 340 2482 ita
359 2430 389 2482 et
410 2425 461 2481 dos
484 2425 546 2497 ejus
559 2425 596 2480 ad
617 2424 827 2482 ordinationem
850 2423 976 2497 episcopi
1025 2429 1074 2502 qui
1096 2428 1220 2500 prolixis,
1245 2434 1277 2484 ut
1297 2428 1372 2495 laici,
1397 2428 1486 2483 comis
1506 2429 1537 2483 in
1562 2429 1622 2485 solo
1644 2430 1743 2502 capitis
1766 2431 1845 2502 apice

161 2520 313 2587 pertineat.
1024 2521 1171 2578 modicum
1206 2521 1344 2577 circulum
1376 2522 1514 2590 tondent,
1540 2522 1612 2577 ritus
1634 2523 1713 2578 enim
1735 2523 1788 2579 iste
1814 2524 1845 2580 in

192 2613 301 2669 Xlllllll.
326 2612 495 2684 Quicunque
527 2612 676 2684 episcopus
705 2611 824 2667 alterius
848 2610 975 2684 episcopi
1024 2615 1167 2689 Hispaniis
1188 2615 1334 2688 hucusque
1348 2615 1549 2671 hereticorum
1563 2616 1717 2684 fuit,nude
1732 2622 1845 2688 oportet

154 2701 303 2762 diecesim
316 2723 369 2779 per
384 2705 501 2778 triginta
515 2723 605 2761 annos
619 2707 679 2761 sino
701 2705 799 2777 aliqua
813 2705 977 2777 interpella·
1024 2714 1057 2766 ut
1071 2726 1124 2782 pro
1139 2710 1316 2782 amputando
1329 2709 1364 2764 ab
1378 2709 1504 2764 ecclesiis
1513 2709 1648 2766 scandalo
1659 2710 1715 2766 hoc
1730 2710 1846 2783 signum

149 2796 237 2855 tione
250 2799 411 2872 possiderit,
421 2800 490 2872 quia
500 2799 656 2855 secundum
669 2798 717 2869 jus
729 2798 803 2870 legis
822 2799 883 2871 eJ'us
897 2797 975 2855 vide·
1025 2802 1170 2859 dedecoris
1193 2803 1349 2873 auferatur,
1364 2804 1393 2858 et
1407 2802 1444 2856 sit
1458 2819 1515 2858 una
1529 2806 1645 2858 tonsura
1665 2805 1708 2860 vel
1729 2804 1844 2861 habitus

145 2891 207 2948 tur
222 2911 282 2949 esse
301 2893 437 2965 dioecesis,
452 2893 631 2949 admittenda
652 2896 770 2949 nonest
791 2897 888 2949 contra
908 2908 976 2947 eum
1025 2895 1099 2950 sicut
1112 2896 1199 2952 totius
1213 2895 1355 2969 Hispaniae
1368 2898 1411 2950 est
1421 2912 1500 2950 usus.
1517 2895 1572 2961 Qui
1595 2898 1692 2952 autem
1708 2897 1763 2952 hoc
1784 2913 1845 2953 uon

143 2988 232 3043 actio
254 2987 433 3060 reposcendi,
452 2987 501 3042 sed
525 2987 578 3042 hoc
603 2987 680 3042 intra
701 3003 787 3042 unam
810 2986 976 3058 parochiam
1027 2989 1205 3057 custodierit,
1218 2988 1286 3044 fidei
1299 2987 1444 3044 catholice
1458 3005 1523 3045 reus
1539 2989 1602 3043 erit.

143 3086 317 3138 excrevero
331 3081 516 3150 nullomodo,
529 3096 566 3136 ne
580 3079 974 3136 dumdioecesisdefenditur.
1060 3083 1124 3138 llLl.
1151 3084 1222 3140 Cum
1244 3081 1354 3138 clericis
1375 3085 1519 3138 extraneae
1543 3082 1658 3138 lemine
1684 3083 1846 3141 nullatenus

141 3174 375 3234 provinciarum
388 3174 504 3231 termini
519 3175 743 3230 contundantur.
985 3122 1013 3199 C
1025 3175 1166 3248 habitent,
1178 3176 1234 3231 nisi
1246 3180 1359 3232 tantum
1371 3179 1473 3244 nrater,
1481 3181 1510 3232 ct
1524 3193 1613 3246 soror,
1626 3177 1696 3246 filia,
1707 3178 1803 3249 aurita,
1815 3177 1846 3234 in

192 3268 548 3325 illilllll.Sicutdioecesim
561 3268 683 3324 alienam
695 3267 978 3341 tricennalisposses-
1026 3269 1130 3342 quibus
1155 3270 1286 3343 personis
1323 3269 1395 3324 nihil
1427 3269 1541 3325 sceleris
1567 3271 1704 3327 estimari
1733 3275 1845 3329 nature

141 3353 200 3416 sio
212 3363 296 3432 tollit,
312 3362 352 3418 ila
365 3362 503 3419 territorii
516 3366 690 3418 conventum
703 3379 763 3418 non
775 3362 890 3430 amittit,
901 3362 977 3418 ideo-
1025 3363 1118 3420 ioedus
1129 3363 1279 3436 permittit,
1298 3361 1330 3417 id
1343 3363 1420 3418 auhn
1435 3368 1465 3418 et
1474 3363 1641 3418 constitutio
1657 3364 1844 3436 antiquorum

141 3464 213 3524 que
237 3460 371 3529 basilice,
386 3477 450 3533 quae
472 3477 554 3517 nove
574 3459 697 3517 condite
721 3460 839 3530 fuerint,
853 3460 889 3516 ad
910 3476 977 3515 eum
1026 3459 1144 3513 Petrum
1157 3457 1292 3513 decrevit.

142 3556 257 3615 Procul
270 3555 357 3611 dubio
370 3555 536 3627 episcopum
550 3554 742 3627 pertinebant,
759 3554 841 3626 cujus
851 3542 976 3611 conven·
1060 3552 1136 3606 llhll.
1153 3548 1278 3615 Quidam
1292 3550 1387 3606 clerici
1399 3549 1530 3623 legitimo
1553 3567 1612 3607 non
1625 3550 1764 3608 habentes
1776 3569 1845 3610 oon·

140 3639 203 3704 tus
217 3665 280 3705 esse
292 3648 461 3705 constiterit.
1022 3644 1149 3717 jugium,
1161 3647 1364 3700 extranearum
1377 3644 1534 3700 mulierum
1547 3645 1589 3699 vrl
1604 3645 1771 3701 ancillarum
1784 3664 1847 3702 sua·

191 3744 291 3799 XXXV.
324 3741 495 3815 Episcopum
515 3758 568 3814 per
590 3744 707 3798 cunctas
721 3741 865 3813 dioeceses,
890 3758 976 3814 paro-
1026 3755 1091 3793 rum
1108 3736 1261 3793 interdicta
1281 3737 1335 3793 sibi
1352 3739 1497 3793 consortia
1521 3741 1669 3811 appetunt,
1693 3740 1759 3796 ideo
1780 3753 1846 3813 que

138 3829 295 3909 ehiasque
316 3852 382 3892 suas
406 3853 458 3908 per
479 3837 608 3909 singulos
627 3853 718 3892 annos
739 3836 781 3891 ire
802 3838 924 3909 oportet,
945 3838 979 3892 ut
1026 3832 1176 3904 conjuncte
1205 3830 1298 3887 taliter
1319 3847 1385 3888 cum
1410 3831 1520 3887 clericis
1548 3838 1615 3888 sunt
1636 3832 1672 3886 ab
1697 3833 1841 3906 episcopo,

140 3931 291 4004 exquirat
302 3929 372 4003 quid
386 3946 567 4004 unaqueque
581 3929 698 3986 basilica
718 3929 749 3986 in
767 3930 978 4003 reparationem
1027 3926 1194 3983 auferantur
1208 3929 1236 3981 et
1250 3925 1462 3996 venundentur,
1479 3925 1533 3980 illis
1548 3941 1601 3997 pro
1623 3927 1752 3999 tompore
1776 3928 1845 3983 reli-

136 4024 202 4080 ⁸ui
215 4024 340 4096 indiget,
355 4024 434 4096 quod
446 4024 470 4079 si
480 4024 540 4097 ipse
555 4029 604 4080 aut
617 4024 759 4097 languore
774 4023 916 4094 detentus,
929 4026 979 4080 aut
1028 4020 1101 4093 gatis
1121 4019 1156 4075 ad
1176 4018 1376 4090 penitentiam
1389 4035 1462 4092 quos
1479 4035 1530 4074 sua
1546 4018 1664 4075 libidine
1676 4020 1845 4078 iniecerunt.

134 4112 220 4174 aliis
235 4117 456 4190 ocupationibus
468 4117 631 4190 implicatus
643 4118 670 4173 id
680 4118 835 4190 adimplere
846 4117 979 4191 nequive-
1063 4112 1153 4170 llhlll.
1174 4112 1274 4169 Clerici
1303 4112 1353 4186 qui
1385 4112 1446 4169 sine
1474 4112 1607 4168 consultu
1642 4113 1770 4187 episcopi
1802 4115 1847 4172 sui

131 4201 205 4274 rit,
219 4207 402 4279 presbyteros
416 4207 580 4279 probabiles
600 4213 650 4263 aut
665 4207 796 4263 diacones
810 4207 915 4275 mittat,
929 4203 980 4278 qui
1029 4224 1131 4264 uxores
1155 4207 1299 4276 duxerint,
1314 4211 1363 4262 aut
1382 4207 1509 4275 viduam,
1532 4208 1575 4263 rel
1596 4206 1790 4280 tripudiatam,
1803 4208 1848 4266 vel

132 4300 190 4354 et
203 4299 330 4356 redditus
338 4300 520 4356 basilicarum
530 4303 560 4355 et
571 4299 764 4373 reparationes
777 4303 806 4355 et
815 4299 978 4355 ministran—
1028 4302 1209 4358 meretricem
1223 4301 1254 4357 in
1264 4301 1432 4372 conjugium
1444 4300 1616 4373 acceperint,
1628 4302 1754 4374 separari
1768 4319 1816 4360 eos
1829 4319 1848 4360 a

132 4385 234 4449 timu
246 4393 335 4449 vitam
349 4394 506 4466 inquirant.
1027 4395 1144 4468 proprio
1159 4395 1293 4467 episcopo
1308 4395 1460 4467 oportebit.

197 4488 307 4544 XXXVl.
331 4486 500 4560 Quicunque
521 4487 647 4561 episcopi
672 4485 807 4560 suffragio
828 4486 1017 4570 cujuslibetl)
1063 4490 1149 4545 XLIV.
1170 4488 1270 4544 Clerici
1291 4489 1341 4561 qui
1362 4488 1392 4544 in
1415 4503 1585 4562 quacunque
1608 4488 1746 4546 seditione
1766 4506 1847 4550 arma

126 4576 272 4653 &liquid
285 4581 481 4637 ecclesiastice
497 4581 622 4638 utilitatis
637 4582 825 4654 providerint,
840 4586 869 4637 et
882 4598 933 4653 pro
946 4597 979 4638 eo
1027 4583 1155 4638 volentes
1167 4583 1407 4656 sumpserint,aut
1416 4585 1846 4656 sumpserunt,reperti,amisso

123 4674 355 4749 quodcunque
365 4675 550 4732 commodum
561 4676 591 4730 in
601 4676 865 4732 remunerationem
874 4675 981 4748 promi·
1030 4675 1138 4733 ordinis
1165 4675 1208 4731 sui
1235 4675 1328 4748 gradu
1358 4674 1388 4729 in
1411 4676 1616 4731 monasterium
1639 4679 1846 4736 contradantur

122 4767 262 4836 anl,
278 4769 413 4842 promissi
428 4769 600 4826 solutionem
612 4786 662 4825 eos
674 4769 815 4825 exsolvere
824 4769 979 4842 oportebit,
1030 4767 1215 4843 punitentia.

119 4842 204 4917 ita
214 4866 247 4918 ut
258 4862 289 4918 id
304 4863 342 4919 ad
353 4863 505 4921 concilium
524 4863 700 4937 provinciale
714 4862 868 4931 deferatur,
885 4868 916 4919 ut
931 4879 980 4918 eo·
1065 4864 1138 4919 llLV.
1163 4861 1191 4919 si
1215 4862 1263 4936 qui
1292 4862 1413 4919 clericus
1444 4860 1474 4920 in
1497 4863 1684 4923 demoliendis
1708 4867 1847 4940 sepulcris

122 4952 228 5012 ¹*urm
238 4958 420 5015 conniventia
435 4958 621 5015 confirmetur
634 4957 702 5030 quia
715 4957 787 5012 sicut
800 4955 903 5012 Paulus
916 4955 956 5012 ait
970 4973 978 5012 r
1030 4957 1119 5013 luerit
1132 4956 1338 5030 deprehensus,
1352 4957 1420 5030 quia
1435 4954 1545 5015 facinus
1565 4959 1620 5016 hoc
1634 4977 1686 5034 pro
1701 4961 1848 5034 sacrilegio

132 5058 175 5095 ’κ
196 5052 306 5123 Dignus
316 5056 359 5109 est
369 5052 517 5125 operarius
529 5051 664 5108 mercede
676 5068 729 5107 sua
743 5050 767 5121 ll
779 5053 848 5106 Tim.
862 5052 951 5122 v,l8).
964 5039 992 5101 ε’
1030 5051 1144 5123 legibus
1156 5049 1279 5124 publicis
1291 5051 1432 5123 sanguine
1446 5052 1618 5122 vindicatur,
1633 5057 1748 5128 oportet
1764 5071 1846 5111 cano·

200 5146 317 5203 xxxvll.
332 5146 521 5202 Praebendum
538 5150 616 5202 esta
642 5145 835 5201 sacerdotibus
857 5144 980 5201 rite'so·
1030 5144 1114 5200 nibus
1129 5145 1160 5200 in
1183 5145 1232 5200 tali
1258 5146 1364 5201 scelere
1382 5146 1528 5217 proditum
1544 5165 1561 5202 a
1580 5145 1727 5206 clericatus
1747 5145 1847 5204 ordina

134 5219 264 5295 latium
287 5239 494 5313 indigentibus,
509 5246 538 5297 et
558 5238 683 5295 maxime
706 5239 752 5294 his
771 5238 875 5310 quibus
896 5237 980 5293 reati·
1031 5238 1201 5306 submoveri,
1217 5242 1246 5294 et
1260 5239 1435 5310 penitentie
1448 5239 1572 5296 triennio
1586 5240 1728 5314 deputari.

146 5324 270 5391 tuenda
286 5334 451 5390 vicissitudo
465 5338 516 5390 est.
538 5334 704 5405 Quicunque
720 5349 789 5405 argo
802 5331 932 5388 fidelium
946 5331 982 5388 de
1066 5333 1153 5388 llLlll.
1168 5332 1352 5405 precipiente
1365 5333 1484 5389 domino
1499 5339 1596 5390 nostro
1614 5336 1699 5406 alque
1712 5333 1849 5389 excellen-

147 5419 346 5486 sacularibus
361 5428 418 5484 suis
432 5428 558 5485 ecclesie
571 5426 681 5500 aliquid
694 5427 846 5483 devotione
866 5425 983 5499 propria
1031 5427 1139 5482 tissime
1153 5427 1311 5483 Sisenando
1326 5443 1404 5499 rege,
1412 5427 1441 5483 id
1457 5427 1604 5483 constituit
1614 5430 1744 5482 sanctum
1757 5427 1849 5482 conci·

160 5522 377 5592 contulerintsi
387 5524 460 5580 forte
470 5523 525 5595 ipsi
536 5522 644 5578 arrtlilii
653 5539 751 5578 eorum
762 5521 868 5577 redacti
877 5520 984 5577 luerint
1032 5520 1112 5588 lium,
1126 5524 1159 5592 ut
1170 5537 1272 5576 omnes
1285 5520 1404 5593 ingenui
1416 5521 1513 5576 clerici
1526 5536 1579 5591 pro
1593 5519 1687 5575 officio
1701 5519 1848 5592 religionis

161 5615 200 5671 ad
212 5616 351 5690 inopiam,
367 5616 403 5672 ab
416 5617 519 5672 eadem
539 5616 655 5672 ecclesia
669 5615 835 5688 suffragium
849 5615 915 5670 rite
929 5629 982 5686 pro
1032 5615 1067 5669 ab
1082 5614 1161 5670 omni
1180 5613 1295 5686 publica
1309 5614 1464 5670 indictione
1479 5617 1566 5685 alque
1578 5613 1675 5668 labore
1689 5613 1849 5672 habeantur

167 5710 301 5785 temporis
316 5728 371 5767 usu
381 5711 552 5784 percipiunt.
566 5710 592 5767 Si
607 5710 684 5767 enim
697 5709 806 5768 clericis
821 5725 873 5764 seu
887 5725 984 5765 mona·
1033 5707 1187 5777 immunes,
1203 5711 1236 5763 ut
1247 5707 1328 5764 liberi
1341 5708 1398 5763 lleo
1418 5706 1552 5775 serviant,
1565 5706 1701 5779 nullaque
1721 5707 1850 5781 predicti

166 5804 291 5866 chitrei
320 5805 481 5882 peregrinis
512 5809 562 5861 aut
598 5803 757 5878 quamlibet
785 5802 984 5862 necessitatem
1032 5799 1452 5892 necessitataabccclesiasticis
1465 5799 1564 5857 ciliciis
1582 5801 1775 5878 retrahantur.
