3870 6150
64 114 120 169 ¹25
685 105 922 171 ammanitis
939 109 1133 168 collucuc.
1697 118 1748 175 litt

59 217 244 275 mamas.
264 219 337 276 llam
353 218 377 276 si
396 219 554 294 bocjsgsra
571 220 629 278 cito
648 221 838 295 neglexeritis,
853 225 882 275 et
891 231 921 305 Α
931 218 1014 274 estin
1028 218 1099 274 urbe
1116 217 1248 286 solitudo,
1270 222 1299 275 et
1315 217 1461 276 mamilae
1475 219 1618 292 opprimet
1641 225 1749 293 portas.

62 310 189 368 ueissim
207 313 385 369 reconcssiari
398 329 458 370 non
476 314 651 386 studueritis,
666 315 702 371 ab
720 314 880 387 apostolicae
929 310 1001 376 Quia
1015 312 1077 367 haec
1092 315 1177 367 erunt
1188 311 1219 367 in
1232 311 1325 368 medio
1343 316 1437 380 terrae,
1459 316 1487 369 et
1504 312 1535 369 iu
1548 313 1643 370 medic
1655 331 1747 387 popu·

61 407 137 462 sedis
152 410 183 462 et
199 407 287 463 totius
309 408 440 464 Ecclesia
456 409 659 466 communione
679 425 730 465 ros
740 408 810 480 pelli
823 424 880 464 non
928 403 1033 474 lorum,
1045 405 1193 477 quomodo
1206 405 1230 459 si
1245 422 1343 477 paucae
1362 406 1442 461 olive
1456 422 1520 478 quae
1533 413 1745 477 remanserunt,

62 497 208 567 dubitetis,
230 488 461 570 nec'atlendilis
486 502 655 570 charissimi,
679 490 804 575 qualiter
822 503 879 557 Do·
927 497 1109 554 excutiantur
1123 515 1159 554 ex
1171 499 1243 565 olea,
1259 501 1288 553 et
1305 499 1425 569 racemi,
1441 516 1505 554 cum
1526 499 1612 556 luerit
1624 500 1749 557 finitinm

60 593 880 667 minusperlsaiamprophetamtalibuscomminatusest‚
928 591 1085 648 vindemia.
1108 592 1142 648 lii
1162 591 1295 647 levabunt
1319 608 1418 648 vccern
1440 609 1522 648 suam
1545 598 1629 666 atque
1653 595 1749 650 huda·

60 687 160 742 dicens
183 702 191 741 ε
216 708 231 737 a
259 687 395 743 Dominus
419 688 459 744 eis
479 689 590 745 locutus
614 693 657 744 est
673 689 792 745 verbum
814 688 878 756 hoc,
928 684 1001 740 bunt
1016 701 1024 740 τ
1038 701 1105 740 com
1116 684 1289 756 glorificatus
1303 684 1390 740 luerit
1402 686 1551 754 Dominus,
1565 687 1697 744 hinnient
1711 688 1747 745 de

58 780 130 836 luxit
143 785 172 836 et
183 779 304 836 defluxit
316 785 402 849 terra,
421 787 450 837 et
470 781 616 837 infirmata
635 787 686 852 est,
707 782 826 838 defluxit
837 798 881 837 or·
928 778 1012 833 mari.
1023 780 1144 850 Propter
1158 778 1253 833 hocin
1266 777 1403 833 doctrinis
1413 778 1569 849 glorificate
1582 780 1746 849 Dominum,
1804 812 1817 840 ι

59 873 112 941 bis,
127 879 159 929 et
169 874 317 930 infirmata
333 879 376 930 est
390 875 511 930 altitudo
529 876 629 948 populi
646 880 741 943 terrae,
762 881 791 933 et
802 880 880 932 terra
929 876 959 927 el
971 871 1002 927 in
1024 871 1126 926 insulis
1145 872 1232 927 maris
1253 887 1361 926 nomen
1380 872 1491 927 Domini
1514 872 1564 926 Dei
1583 874 1667 929 lsrael
1680 874 1745 945 (lea.

59 967 211 1022 interiecta
223 972 266 1024 est
278 967 313 1023 ab
322 967 527 1025 habitatoribus
544 969 612 1037 suis,
630 969 697 1041 quia
710 968 879 1040 transgressi
928 981 1004 1035 mv,
1018 968 1045 1033 3,
1062 967 1115 1036 15).
1135 984 1149 1016 r
1166 967 1200 1022 Et
1211 965 1358 1035 Dominus,
1372 965 1402 1020 in
1418 965 1544 1022 oratione
1559 982 1647 1038 quam
1662 967 1746 1023 disci-

57 1064 125 1114 sunt
149 1061 243 1132 leges,
271 1064 453 1117 mutavenmt
474 1062 533 1133 J'us,
559 1062 767 1134 dissipaverunt
787 1062 879 1118 loedus
927 1059 1012 1131 pulos
1025 1075 1089 1114 suos
1102 1060 1198 1115 docuit
1210 1075 1302 1129 orare,
1317 1059 1357 1114 ait
1373 1075 1380 1116 :
1399 1075 1413 1113 a
1429 1060 1631 1130 Paternoster,
1652 1061 1701 1132 qui
1717 1077 1748 1119 es

58 1152 277 1226 senpiternam.
298 1157 415 1227 Propter
432 1155 487 1210 hoc
506 1154 666 1211 maledictio
688 1156 798 1211 vorabit
821 1160 877 1211 ter-
927 1151 1064 1223 incaelis,
1087 1152 1278 1208 sanctificetur
1294 1169 1399 1209 nomen
1420 1157 1514 1210 tuum.
1536 1176 1550 1205 s
1569 1155 1600 1211 ln
1618 1155 1700 1211 bonis
1719 1161 1748 1212 et

59 1263 132 1316 ram,
147 1251 178 1302 et
199 1247 359 1320 peccabunt
381 1248 555 1305 hwitatores
567 1249 638 1320 ejus,
660 1249 781 1321 ideoque
800 1249 877 1305 insa·
925 1245 1011 1316 justis
1027 1244 1192 1300 hominibus
1206 1246 1398 1302 sanctificatur
1417 1263 1524 1303 nomen
1539 1247 1661 1317 Domini,
1675 1253 1705 1303 et
1717 1248 1747 1303 in

59 1341 140 1396 nient
151 1341 277 1396 cultores
288 1342 359 1412 ajin,
372 1346 401 1397 et
414 1342 613 1414 relinquentur
635 1343 765 1398 homines
784 1343 876 1414 pauci,
928 1338 1010 1393 malis
1022 1338 1246 1410 blasphematur,
1262 1343 1291 1395 el
1304 1340 1429 1412 ipseper
1440 1357 1470 1396 se
1487 1340 1595 1397 Veritas
1610 1340 1670 1396 ait:
1688 1363 1702 1391 a
1718 1342 1745 1397 Si

57 1434 128 1488 luxit
150 1434 307 1503 vindam
326 1435 472 1490 inllrmata
495 1438 539 1492 est
564 1435 611 1490 vit'
638 1453 647 1505 ;
674 1436 878 1508 ingemuerunt
928 1433 1014 1489 offers
1035 1450 1140 1490 munus
1157 1438 1239 1490 tuum
1258 1436 1296 1490 ad
1314 1437 1411 1504 altare,
1433 1440 1462 1493 et
1478 1437 1640 1492 recordatus
1658 1437 1747 1494 fueris

59 1544 156 1584 omnes
170 1528 513 1601 quilaetabanturcorde;
527 1529 792 1601 cessavitgaudium
805 1532 877 1600 tym-
927 1528 993 1598 quia
1012 1528 1099 1583 frater
1117 1533 1182 1584 tuus
1205 1528 1291 1584 habet
1306 1530 1415 1601 aliquid
1431 1531 1582 1586 adversum
1599 1533 1636 1598 tc,
1659 1530 1743 1586 relin-

59 1638 212 1693 psncrum,
232 1622 341 1694 quierit
355 1622 463 1678 sonitus
478 1623 647 1689 letantium,
663 1622 798 1677 conticuit
816 1603 915 1678 dul-B
927 1637 981 1692 que
995 1620 1035 1676 ibi
1049 1638 1154 1677 munus
1165 1627 1249 1677 tuum
1261 1623 1298 1677 ad
1310 1623 1408 1691 altare,
1426 1627 1456 1678 et
1465 1624 1537 1680 vade
1551 1624 1630 1695 prius
1644 1640 1743 1680 recon-

61 1715 127 1770 oedo
139 1715 273 1784 citharam
284 1731 351 1770 cum
362 1715 469 1771 cantico
479 1732 539 1771 non
553 1715 769 1783 bibeutrinum,
780 1731 875 1770 amara
924 1714 1013 1769 ciliari
1037 1715 1119 1770 iratri
1138 1719 1199 1785 tuo,
1218 1719 1247 1771 et
1265 1722 1361 1787 postea
1379 1716 1481 1771 offeres
1498 1733 1604 1772 munus
1620 1722 1712 1772 tuum.
1728 1739 1742 1767 »

61 1808 113 1862 crit
124 1808 204 1878 potio
215 1807 379 1864 bibentibus
390 1807 485 1876 illam;
504 1808 599 1864 attrita
617 1812 659 1863 est
679 1808 775 1862 civitas
794 1808 875 1863 vani·
924 1807 999 1861 Nulli
1012 1823 1079 1862 vero
1090 1808 1172 1862 liceat
1183 1809 1341 1864 doctrinam
1356 1810 1549 1881 euangelicam
1563 1809 1702 1876 deserere,
1715 1812 1744 1864 et

62 1901 136 1970 tatis,
161 1901 256 1956 claim
284 1905 328 1956 est
352 1901 444 1956 omnis
468 1901 571 1956 domus
596 1901 676 1956 nullo
701 1901 874 1956 introeunte.
925 1899 1091 1955 sacerdotali
1107 1901 1216 1956 honore
1235 1900 1368 1972 gaudere.
1389 1903 1460 1956 Data
1477 1903 1539 1957 llal.
1559 1902 1743 1974 Septembris,

62 1993 177 2049 Clamor
189 1995 240 2051 erit
252 2010 340 2067 super
359 1994 427 2050 rino
442 1994 474 2049 in
494 1993 608 2066 plateis,
627 1992 738 2049 deserta
759 1996 802 2048 est
817 2009 877 2049 om·
925 1991 1065 2048 Laterano
1080 1996 1109 2048 et
1121 1993 1235 2050 lluffino
1247 1995 1280 2049 lV
1298 2010 1339 2050 cc.
1352 1995 1526 2050 consulibus.

61 2088 105 2143 nis
125 2088 237 2158 laetitia3
256 2088 426 2144 hanelatum
450 2090 493 2143 est
511 2086 650 2158 gaudium
667 2091 761 2154 terrae,
779 2085 877 2143 relicta

314 2402 603 2499 INClPlUNT
646 2404 909 2498 DECRETA
950 2404 1255 2499 ZEPHERINI
1302 2403 1487 2497 PAPAE.

521 2569 613 2633 (Anno
627 2572 740 2628 Domini
753 2575 816 2641 208,
832 2575 962 2646 tempore
975 2571 1070 2628 Severi
1085 2572 1284 2645 imperatoris.)

96 2829 235 2885 Romana
251 2827 330 2885 urbis
349 2828 576 2903 archiepiscopus
592 2831 764 2887 zsrurnuus
786 2829 915 2920 omni-C
926 2831 1012 2887 miter
1024 2833 1100 2887 stare
1113 2829 1211 2898 voluit,
1226 2847 1286 2887 non
1298 2847 1315 2885 a
1325 2829 1499 2903 quibuslibet
1505 2829 1618 2901 agitari.
1628 2831 1742 2888 Nullum

64 2922 112 2977 bus
129 2939 183 2995 per
204 2922 329 2980 Siciliam
356 2923 515 2980 constitutis
537 2923 675 2996 episcopis
700 2923 729 2980 in
755 2923 876 2980 Domino
925 2927 1023 2981 autem
1037 2941 1136 2980 eorum
1151 2925 1318 2981 sententiaa
1331 2941 1389 2980 non
1405 2941 1455 2979 suo
1465 2925 1562 2997 judice
1584 2923 1657 2980 dicta
1673 2941 1742 2980 con·

65 3016 194 3074 alutem.
926 3017 1058 3089 stringat,
1074 3017 1142 3090 quia
1155 3023 1185 3073 et
1202 3017 1280 3090 leges
1292 3017 1386 3073 saeculi
1404 3017 1434 3071 id
1447 3018 1541 3089 ipsum
1559 3017 1622 3073 fieri
1639 3017 1743 3089 praeci·

95 3109 204 3166 lh'mnae
218 3110 294 3166 eima
310 3126 363 3166 nos
376 3110 476 3181 gratiae
497 3126 642 3167 memores
659 3127 720 3166 esse
741 3110 876 3167 debemus
925 3111 1017 3182 piunt.
1035 3111 1187 3166 Duodecim
1201 3111 1278 3167 enim
1285 3110 1396 3183 judices
1406 3111 1527 3183 quilibet
1539 3111 1686 3182 episcopus
1698 3126 1743 3166 ac·

64 3218 124 3273 que
148 3219 203 3259 nos
230 3218 283 3275 per
309 3202 481 3275 dignationis
499 3220 558 3260 suae
585 3203 812 3260 misericordiam
839 3204 875 3260 ob
926 3207 1048 3273 cusatus,
1060 3205 1083 3260 si
1096 3220 1210 3261 necesse
1223 3205 1318 3272 fucrit,
1333 3204 1430 3276 eligat,
1447 3203 1580 3275 aquibus
1590 3204 1652 3275 ejus
1661 3219 1743 3259 causa

65 3294 113 3350 hoc
124 3295 163 3351 ad
178 3295 329 3369 fastigium
341 3297 514 3353 sacerdotale
526 3297 667 3369 provexit,
688 3300 718 3352 ut
732 3297 875 3352 mandatis
921 3296 998 3369 juste
1016 3296 1172 3368 judicetur,
1192 3314 1245 3353 nec
1258 3297 1339 3370 prins
1349 3297 1493 3366 audiatur,
1512 3300 1561 3352 aut
1574 3311 1742 3352 excommu-

64 3387 146 3460 ipsius
164 3389 349 3459 inherentes,
369 3394 398 3446 et
420 3389 451 3446 in
469 3390 595 3462 quadam
618 3391 793 3446 sacerdotum
814 3391 876 3461 ejus
924 3390 1045 3460 nicatur,
1057 3392 1102 3446 rel
1112 3390 1267 3463 judicetur,
1278 3407 1364 3463 quam
1375 3391 1428 3462 ipsi
1440 3407 1492 3463 per
1507 3407 1536 3446 se
1549 3390 1703 3463 eligantur,
1715 3394 1745 3445 et

64 3481 253 3552 speculatione
274 3482 430 3551 constihui,
449 3483 653 3556 prohibeamus
668 3483 767 3539 iDicita
787 3487 817 3538 ct
835 3498 876 3539 se-
925 3483 1095 3554 regulariter
1114 3488 1231 3539 vocatus
1252 3483 1290 3538 ad
1310 3500 1428 3540 suorum
1451 3485 1547 3555 primo
1569 3486 1744 3539 conventum

64 3577 173 3645 qoenda
190 3576 355 3632 doceamus.
373 3575 453 3632 Sicut
468 3577 563 3632 stellas
578 3577 641 3633 coeli
661 3591 720 3632 non
734 3575 877 3648 extinguit
926 3576 1134 3648 cpiscoporum,
1153 3593 1207 3648 per
1225 3592 1272 3632 eos
1289 3576 1351 3647 ejus
1370 3593 1454 3633 causa
1468 3577 1546 3647 juste
1565 3577 1698 3632 audiatur
1716 3581 1745 3632 et

65 3684 130 3739 nor,
151 3668 194 3724 sic
216 3673 330 3724 mentes
351 3668 477 3724 fidelium
501 3669 683 3725 firmamento
703 3669 876 3726 inherentes
924 3668 1128 3727 rationabiliter
1142 3668 1328 3725 discernatur.
1341 3669 1417 3724 Finis
1429 3684 1497 3724 raro
1519 3670 1581 3740 ejus
1596 3684 1689 3723 causae
1706 3669 1744 3724 ad

65 3765 162 3817 ancre
176 3761 331 3833 Scriptura
343 3777 401 3818 non
419 3761 549 3818 obscurat
568 3763 714 3818 mundana
727 3762 873 3834 iniquitas.
924 3763 1021 3818 sedern
1030 3762 1215 3835 apostolicam
1228 3762 1383 3830 deleratur,
1398 3765 1430 3817 ul
1441 3761 1548 3817 ibidem
1562 3746 1744 3817 terminetur.

65 3854 164 3911 idcireo
180 3854 313 3911 meditari
326 3870 376 3910 ros
395 3857 510 3927 oportet
526 3860 554 3912 et
573 3855 740 3928 Scripturas,
758 3859 786 3912 et
800 3872 874 3927 praa·
924 3857 981 3912 Nec
995 3855 1216 3925 antealiniatur,
1239 3856 1312 3911 sicut
1328 3855 1363 3911 ab
1383 3855 1518 3928 apostolis
1539 3856 1583 3912 rel
1601 3870 1744 3912 suceesso-

64 3954 138 4020 oepts
150 3947 261 4017 diuina,
283 3964 349 4020 quse
371 3947 401 4004 in
423 3948 581 4020 Scripturas
599 3949 791 4017 continentur,
813 3947 876 4005 dili·
924 3949 1003 4005 ribus
1022 3965 1121 4006 eorum
1137 3949 1205 4004 olim
1220 3953 1357 4006 statutum
1377 3953 1428 4020 est,
1443 3965 1529 4023 quam
1547 3949 1609 4020 ejus
1622 3948 1744 4005 auctori·

64 4045 159 4110 gerim
180 4040 339 4110 attendere,
358 4057 394 4097 ne
412 4046 636 4113 transgressores
654 4041 725 4114 legis
745 4041 806 4112 Dei,
825 4041 875 4097 sed
925 4046 981 4100 tate
995 4043 1143 4111 fulciatur;
1158 4043 1193 4098 ad
1207 4058 1273 4098 eam
1285 4058 1397 4115 quoque
1412 4043 1448 4098 ab
1460 4042 1593 4098 omnibus
1608 4041 1741 4113 (maxime
1780 4111 1786 4116 ι

64 4133 226 4208 impletores
240 4135 411 4207 appareatis.
427 4134 596 4192 Patriarchoe
605 4136 725 4192 verorel
738 4135 875 4207 primates
924 4135 1217 4209 tamenaboppressis)
1223 4136 1509 4209 appabendumestet
1516 4135 1744 4192 concurrendum

64 4230 221 4283 wamiam
235 4226 419 4286 discutientes
442 4228 618 4301 episcopum,
641 4244 699 4285 non
720 4233 788 4286 ante
813 4221 1003 4303 sen-unasi
1016 4230 1053 4285 ad
1064 4232 1200 4297 matrem,
1215 4234 1247 4284 ut
1268 4230 1331 4301 ejus
1347 4229 1483 4286 uberibus
1501 4230 1675 4301 nutriantur,
1691 4246 1741 4286 au·

66 4321 179 4377 lentim
200 4321 348 4393 proterant
370 4321 519 4392 finitivam,
537 4338 624 4395 qnam
646 4321 798 4395 apostolica
812 4320 876 4378 fulti
926 4323 1028 4380 ctorite
1049 4321 1250 4391 defendantur,
1274 4327 1303 4379 et
1323 4339 1340 4378 a
1361 4322 1418 4378 suis
1446 4323 1675 4396 oppressionibus
1696 4339 1742 4379 re-

67 4414 239 4484 smtoritate,
257 4430 290 4469 ac
308 4430 390 4472 reum
409 4415 534 4488 seipsum
555 4415 734 4484 confiteatur,
751 4420 802 4471 aot
819 4431 873 4488 per
923 4416 1065 4485 leventur,
1079 4416 1147 4490 quia
1162 4433 1220 4473 non
1231 4420 1334 4488 potest,
1349 4432 1403 4474 nec
1412 4416 1498 4473 debet
1509 4420 1602 4473 mater
1614 4415 1742 4473 oblivisci

67 4504 224 4563 mecenas
247 4509 278 4563 et
297 4507 466 4580 regulariter
493 4510 670 4565 examinatos
689 4509 875 4564 convincatur
923 4509 1017 4566 filium
1031 4525 1127 4567 suum.

67 4601 152 4656 teus.
167 4599 222 4665 Qui
236 4600 344 4657 minori
356 4617 414 4658 non
426 4602 483 4658 sint
495 4618 617 4659 numero
630 4618 718 4675 mam
736 4601 778 4657 illi
790 4601 873 4659 disci·
960 4600 1023 4677 29
1033 4602 1142 4659 iudicia
1153 4601 1231 4659 cuim
1239 4602 1446 4675 cpiscoporum,
1456 4602 1638 4677 majoresque
1647 4605 1743 4661 Eccle-

69 4692 118 4760 puli
138 4694 267 4764 fumant,
290 4710 361 4766 quos
383 4694 520 4752 Dominus
536 4696 572 4753 ad
591 4695 790 4768 adjumentum
809 4711 874 4767 apo·
923 4697 974 4753 eiae
987 4712 1078 4753 causae
1090 4713 1107 4751 a
1121 4696 1186 4752 sede
1196 4695 1389 4768 apostolicaet
1400 4712 1459 4752 non
1470 4696 1507 4752 ab
1517 4697 1581 4766 alia,
1593 4697 1665 4754 sicut
1675 4715 1743 4772 apo·

71 4786 197 4842 stolorum
214 4787 321 4860 eligere
338 4788 483 4860 precepit,
504 4788 535 4844 id
552 4791 596 4845 est
611 4789 791 4860 septuaginta
806 4788 873 4844 duc.
924 4791 988 4847 stoli
997 4792 1026 4845 et
1034 4789 1123 4846 sancti
1131 4804 1305 4845 successores
1314 4805 1414 4845 eorum
1423 4794 1594 4860 statuerunt,
1607 4793 1742 4849 cumaliis

72 4876 238 4937 Detractoree
262 4897 376 4954 quoque
404 4880 501 4938 divina
520 4882 685 4939 auctoritate
712 4881 874 4938 eradicandi
924 4881 1742 4956 episcopissuntterminandae3quialicetinaliostransle·

72 4976 136 5041 sunt,
146 4977 316 5030 etauctores
328 4974 508 5031 immicorum
518 4975 554 5032 ab
566 4975 719 5048 episcopali
727 4975 875 5032 submove·
923 4979 990 5033 rant
997 4975 1240 5049 episcopos,beato
1247 4978 1344 5032 tamn
1349 4976 1478 5048 apostolo
1483 4978 1565 5034 Petro
1571 4977 1679 5034 dictum
1684 4984 1740 5036 estt

72 5068 540 5140 umaceusationereltestimonio,
550 5085 603 5126 nec
611 5085 792 5127 summorum
799 5069 875 5142 quis·
923 5071 1105 5142 Quaecunque
1117 5068 1249 5141 ligaveris
1261 5072 1465 5143 superterram
1477 5076 1563 5127 erunt
1573 5072 1662 5142 ligata
1671 5077 1700 5128 et
1711 5072 1741 5128 in

72 5158 139 5228 uam
151 5161 299 5217 minorum
312 5163 540 5220 accusationibus
556 5163 766 5236 impetaturaut
779 5163 873 5235 dispe·
925 5164 1239 5235 coelis,etquaecumque
1258 5164 1373 5220 solveris
1384 5180 1470 5237 super
1484 5168 1590 5221 terram
1600 5169 1738 5221 eruntso‹

72 5257 131 5323 real,
144 5270 240 5328 neque
251 5254 283 5310 in
291 5271 323 5312 re
333 5254 420 5312 dubia
429 5256 654 5330 certajudicetur
663 5256 875 5326 sententiares
924 5257 983 5313 luta
992 5256 1150 5313 etincoelis.
1158 5257 1193 5312 Et
1199 5256 1531 5332 reliquapririlegiaquae
1537 5258 1740 5314 eolihuicsenc-

71 5346 149 5403 ullum
155 5347 311 5420 iudicium,
321 5348 376 5405 nisi
389 5349 581 5407 ordinabiliter
594 5350 724 5407 habiturn
732 5353 873 5407 teneatur.
923 5349 1028 5406 taesedi
1035 5366 1166 5407 concessa
1171 5351 1248 5421 sunt,
1257 5351 1484 5408 etinconstilutis
1489 5351 1741 5424 apostolorumao

69 5439 874 5517 lbeeosreronemojudicetur,quiaetdivinaeethumanae
924 5442 1738 5518 rumquesuccessorum,aliisquamplurimiscumeiscon·

66 5531 276 5610 hocpschibent
286 5537 373 5609 leges.
381 5539 562 5594 Accusatores
574 5541 669 5594 autem
682 5554 783 5593 eorum
796 5536 874 5592 omni
925 5537 1095 5605 sinentibus,
1107 5538 1374 5596 habenturinserta.
1388 5537 1575 5610 Septuaginta
1582 5537 1659 5594 enim
1668 5557 1739 5614 apo·

65 5630 436 5704 mancaepammus
445 5632 590 5688 columnas
601 5648 665 5688 suas
675 5630 815 5687 Dominus
829 5630 876 5688 lir-
924 5632 989 5690 stoli
1002 5633 1155 5690 sententias
1169 5632 1356 5705 praefixerunt
1369 5647 1433 5687 curn
1445 5630 1509 5687 aliis
1524 5634 1742 5708 quamplurimis
