3870 6150
115 177 179 230 aea
743 172 978 231 baenatium
996 171 1191 230 coliberto.
1620 168 1625 181 ’
1752 176 1803 229 aro
1887 172 1892 181 “

120 283 216 336 cessit.
231 283 377 336 Postremo
394 297 445 336 cur·
461 286 541 337 tanto
560 283 693 353 tempore
715 296 782 338 cum
796 282 849 339 ista
861 297 940 355 gera·
949 279 1294 367 Aconstringimtobhoc
1301 279 1467 337 tidericum
1475 278 1613 337 nolebant
1620 274 1803 353 (1111111111,

121 378 234 444 rentur,
249 375 294 430 lex
308 374 436 446 gerenda
453 380 651 447 cognosceret,
670 379 700 431 et
712 392 773 433 non
792 377 941 433 adsedem
990 374 1058 447 quia
1069 391 1099 430 se
1113 374 1325 446 cognoscebant
1331 373 1361 429 in
1370 374 1473 431 eadem
1482 373 1710 447 prevaricatione
1720 373 1803 431 dam·
1830 443 1839 464 .

121 469 321 541 apostolicam,
331 484 348 523 a
357 484 415 540 qua
426 467 480 523 sibi
493 484 590 524 curem
600 468 714 525 illarum
728 470 877 542 regionum
887 487 939 526 no·
989 472 1081 537 natos,
1096 467 1126 523 in
1136 484 1195 539 que
1206 467 1290 523 hodie
1303 484 1422 523 manere
1436 466 1601 538 persistunt.
1616 466 1672 523 Sed
1685 467 1759 524 sicut
1773 467 1805 524 hi

121 567 206 619 verat
218 562 380 635 delegatam
393 562 500 618 referre
514 563 664 618 curaverit.
679 562 732 619 Sed
746 563 827 635 prius
840 564 939 620 lauda·
990 561 1074 617 simili
1081 560 1245 617 conditione
1255 559 1401 616 constricti
1407 560 1575 632 complicem
1584 576 1733 617 suumnon
1740 576 1805 633 pos·

121 661 171 712 ter
191 656 282 711 factus
301 659 344 711 est
359 656 419 728 ipse
442 661 597 728 gestorum,
612 655 680 727 quie
692 656 740 712 lex
752 662 942 728 praemoneret
990 659 1057 710 sunt
1068 653 1208 726 judicare,
1223 670 1282 711 non
1292 653 1358 725 jure
1371 653 1550 724 demnatum,
1560 669 1653 727 neque
1663 654 1705 710 rei
1718 670 1803 711 reum

121 749 194 804 talia
207 764 265 804 non
280 765 342 803 esse
351 749 487 805 tenenda
496 748 541 805 vel
550 764 588 804 ne
596 751 776 809 tentarentur
782 749 939 819 obsisterat,
990 751 1110 820 possunt
1123 749 1320 820 competenter
1333 746 1479 803 absolvere
1489 747 1585 804 sicille
1591 748 1658 820 jure
1667 747 1804 820 prevari-

122 841 259 898 sicutsub
267 842 398 897 Basilisco
409 843 469 914 jam
479 841 593 899 fecerat.
604 842 662 898 Ger
673 842 728 898 illis
740 843 851 899 caeteris
863 859 941 899 com·
990 846 1085 897 calore
1095 841 1239 908 damnato,
1253 839 1300 896 isti
1313 855 1426 912 quoque
1439 840 1499 912 pari
1511 841 1610 912 jacent
1623 841 1804 898 damnatione

123 937 275 992 muniente
288 935 442 1005 consensit,
456 935 506 1007 qui
519 936 645 1008 depulsis
654 936 797 992 catholicis
808 936 939 993 sacerdo·
990 934 1134 1007 prostrati,
1143 933 1300 1006 nequenisi
1308 932 1805 1008 resipiscentesindepoteruntpror·

120 1031 201 1085 tibus
213 1028 409 1085 indubitanter
421 1028 548 1084 haeretici
562 1029 683 1100 singulis
695 1029 815 1086 urbibus
825 1031 941 1086 fuerant
991 1027 1242 1100 susabsolvi,quia
1256 1027 1328 1082 sicut
1343 1042 1500 1099 1111111111
1516 1026 1689 1084 scribentem
1704 1044 1805 1085 eorum

121 1122 280 1178 substituti.
294 1124 451 1192 Postremo,
471 1122 495 1177 si
514 1121 562 1177 ille
586 1122 677 1178 defuit
689 1122 747 1179 suis
759 1123 898 1196 partibus,
912 1127 942 1180 et
991 1121 1121 1178 omnium
1130 1121 1243 1193 uulgata
1251 1121 1441 1192 transgressio
1452 1125 1496 1177 est
1509 1119 1558 1193 qui
1567 1120 1598 1175 in
1609 1120 1803 1194 eadempertl·

120 1231 190 1289 que
204 1214 342 1272 sacerdoti
355 1215 493 1271 catholico
504 1219 712 1288 competerent,
722 1232 809 1288 egere
824 1232 939 1272 noucu-
990 1215 1046 1270 diae
1057 1214 1220 1270 reciderant
1233 1213 1387 1281 actionem,
1407 1213 1447 1269 sic
1463 1212 1494 1269 in
1511 1229 1602 1270 unum
1616 1214 1805 1288 eumdemque

120 1309 209 1380 ravit,
225 1308 289 1365 ideo
301 1308 383 1365 sedes
399 1309 554 1381 apostolica
567 1309 641 1381 quod
656 1310 692 1365 ad
704 1325 768 1366 eam
782 1309 943 1382 pertinebat
989 1308 1039 1380 qui
1051 1324 1103 1380 pro
1113 1307 1246 1363 omnibus
1256 1306 1405 1379 scripserat
1415 1307 1459 1363 vel
1474 1306 1624 1364 scribendo
1638 1306 1806 1381 prodiderat

120 1419 185 1458 non
211 1402 315 1473 potuit,
338 1418 392 1457 nec
416 1402 514 1458 debuit
532 1403 689 1474 praeterire.
710 1403 840 1469 Quolibet
855 1403 941 1460 modo
990 1401 1148 1457 voluntates
1159 1400 1384 1472 transgressione
1397 1400 1499 1472 punita
1513 1405 1682 1457 cunctorum
1692 1417 1757 1477 que
1769 1402 1806 1459 ad

121 1495 326 1552 haereticorum
352 1495 522 1567 complicem
551 1496 686 1552 refutarit
718 1499 748 1553 et
778 1500 940 1554 consortem
989 1493 1205 1552 instructionem
1219 1499 1320 1550 vestrae
1332 1493 1490 1550 dilectionis
1498 1495 1543 1550 les
1555 1495 1623 1551 satis
1635 1495 1806 1569 abundeque

120 1588 334 1645 communionis
349 1592 475 1644 externe
497 1604 578 1644 esua
595 1589 798 1647 communione
811 1590 939 1647 dimovit.
991 1587 1302 1660 sulficerejudicamus,
1314 1587 1443 1660 quamvis
1457 1588 1557 1644 eadem
1565 1588 1659 1662 latius,
1675 1589 1805 1647 aillomi·
1913 1640 1919 1647 .

159 1683 217 1738 Nec
234 1699 305 1754 opus
320 1682 375 1738 fuit
387 1698 462 1738 nova
477 1683 588 1756 synodo
600 1699 667 1738 cum
681 1684 784 1740 veteris
796 1659 980 1741 coustitutiss
990 1698 1045 1738 nus
1071 1680 1242 1738 concesserit
1267 1680 1434 1737 facultatem
1460 1681 1626 1738 studeamus
1651 1699 1806 1756 exponere,

121 1775 301 1832 sufficienter
321 1776 382 1831 hrec
403 1776 497 1832 forma
517 1776 724 1848 praescriberet,
738 1793 791 1833 nec
805 1794 877 1848 opus
888 1778 943 1834 luit
992 1780 1132 1848 1111111111
1146 1781 1175 1831 et
1187 1774 1316 1831 fidelium
1329 1773 1451 1847 quisque
1462 1779 1626 1847 cognoscat,
1648 1776 1721 1832 nihil
1736 1793 1805 1850 apo-

121 1870 187 1925 haec
201 1868 331 1925 facienda
348 1869 488 1941 episcopis
510 1870 633 1926 Orientis
655 1870 799 1939 intimare,
822 1887 893 1943 quos
914 1875 943 1928 et
991 1868 1117 1925 stolicam
1133 1868 1241 1938 sedem,
1258 1868 1335 1940 quod
1347 1867 1431 1937 absit,
1443 1885 1564 1941 propere
1576 1869 1806 1936 censuisseoues
1894 1899 1897 1902 ·

121 1962 293 2034 expulsione
315 1963 531 2031 catholicorum,
547 1980 611 2036 quac
634 1964 794 2036 agebantur
811 1964 842 2019 in
859 1980 942 2021 111111
991 1967 1089 2018 tamen
1103 1962 1244 2019 sententia
1258 1961 1287 2016 iu
1305 1961 1407 2019 acacio
1426 1961 1579 2033 destinata,
1599 1967 1628 2019 et
1646 1964 1670 2018 si
1686 1963 1806 2021 nomine

121 2057 194 2112 fidei
206 2073 266 2111 non
279 2056 422 2128 ignorasse
435 2057 620 2113 manifestum
630 2057 675 2127 sit,
690 2062 718 2113 et
727 2057 941 2113 communicen·
990 2057 1191 2113 tautummodo
1203 2055 1335 2128 praesulis
1351 2055 1496 2128 apostolici
1516 2056 1597 2127 cujus
1611 2059 1672 2112 erat
1682 2063 1807 2130 utroque

121 2150 162 2205 do
186 2149 325 2205 hereticis
346 2149 508 2221 subrogatis
529 2150 603 2206 facto
623 2150 673 2206 tali
693 2151 870 2207 consensisse
883 2167 941 2208 non
990 2149 1139 2222 potestatis
1153 2149 1281 2220 legitime
1293 2149 1430 2221 probatus
1443 2165 1504 2206 esse
1518 2150 1691 2223 deprompta
1703 2152 1806 2223 preci·

120 2243 244 2299 dubium
262 2249 315 2310 est,
338 2243 425 2298 etiam
444 2247 571 2300 externae
591 2244 803 2300 communionis
815 2244 940 2312 effectos,
990 2259 1047 2316 pue
1068 2259 1134 2298 cum
1154 2243 1286 2298 secretim
1305 2240 1457 2315 dirigenda
1470 2243 1628 2313 videretur,
1643 2259 1681 2301 111
1694 2246 1808 2302 ostensa

121 2341 213 2409 atque
229 2335 293 2393 ideo
310 2352 376 2392 cum
393 2337 435 2391 eis
453 2352 506 2393 uec
517 2337 579 2408 jam
593 2339 729 2409 potuisse,
742 2352 796 2393 nec
810 2337 942 2395 debuisse
990 2336 1097 2409 ubique
1109 2336 1258 2408 praesentis
1271 2335 1419 2408 dispositio
1429 2336 1560 2393 salutaris
1570 2336 1746 2409 quibuslibet
1755 2338 1808 2395 dif-

121 2429 199 2486 sedis
221 2429 384 2501 apostolice
396 2430 466 2486 scita
478 2431 608 2487 tractui
631 2432 700 2487 Ecce
716 2436 898 2503 agnoverunt
911 2432 941 2487 in
991 2428 1163 2486 iicrdmtibus
1176 2429 1314 2502 impedita
1326 2429 1515 2487 necessarium
1529 2429 1634 2486 habere
1643 2446 1702 2488 non
1711 2436 1808 2504 posset

120 2539 226 2581 eorum
237 2523 421 2595 professione,
437 2524 487 2596 qui
497 2523 725 2581 constantissime
737 2523 941 2597 perdurarunt,
991 2523 1134 2592 ellectum,
1149 2529 1247 2581 tamen
1260 2524 1329 2595 quia
1338 2522 1503 2580 orthodoxis
1518 2522 1624 2597 ubique
1638 2524 1765 2598 disjectis
1779 2528 1808 2584 et

121 2616 268 2691 quidfldei
277 2616 533 2690 communionique
543 2616 690 2674 catholice
697 2617 859 2675 deberetur.
871 2620 941 2675 Ecca
991 2616 1131 2673 hereticis
1145 2617 1355 2688 tantummodo,
1380 2632 1538 2690 eorumque
1554 2617 1731 2674 consortibus
1745 2619 1808 2693 jam

122 2715 315 2782 agnoverunt,
338 2710 579 2783 quamadmodum
606 2728 623 2767 a
648 2711 752 2767 talibus
770 2711 940 2784 recedendo,
991 2710 1098 2767 relictis
1121 2709 1151 2766 in
1176 2709 1291 2768 Oriente
1312 2710 1444 2768 catholici
1465 2710 1613 2783 pontifices
1630 2714 1680 2768 aut
1699 2711 1807 2770 residui

120 2804 185 2860 imo
193 2803 296 2860 talibus
305 2804 693 2875 contrariamolieudo,atide
703 2806 942 2863 etcommunionc
991 2805 1108 2861 omuino
1121 2821 1180 2860 nou
1193 2809 1297 2876 essent,
1312 2805 1481 2862 autnullam
1496 2808 1631 2878 gererent
1644 2805 1807 2864 utentem

122 2896 943 2972 catholicaatquaapostolicaderiaritdcacius,sequecum
990 2898 1183 2972 plurimorum
1196 2899 1227 2954 in
1240 2897 1323 2955 ltalia
1335 2898 1542 2956 catholicorum
1561 2900 1749 2973 congregatio
1762 2917 1806 2957 sa·

120 2991 227 3048 eodem
239 2990 346 3063 pariter
362 2991 454 3048 errori
466 2991 664 3049 subdiderunt.
679 2993 750 3049 Ecce
763 2995 943 3064 agnoverunt
991 2991 1140 3049 cardetum
1156 2991 1364 3048 rationabiliter
1378 2991 1514 3065 cognorit
1527 2992 1557 3048 in
1570 2993 1707 3050 Acacium
1720 2993 1808 3051 fuisse

120 3084 940 3158 quamjnstisexcausisprofldeetcommunionecetho·
990 3087 1140 3158 prolatam.
1165 3085 1235 3151 Quae
1256 3085 1441 3159 congregatio
1464 3086 1539 3142 facta
1559 3087 1727 3158 pontificum
1747 3102 1808 3146 uon

120 3177 178 3234 lica
188 3181 275 3250 atque
284 3178 449 3250 apostolica,
459 3179 505 3235 cui
514 3178 592 3234 atilli
603 3179 694 3251 quiin
703 3195 736 3235 ea
745 3180 940 3252 perstiterant,
990 3184 1090 3237 contra
1102 3179 1376 3248 chalcedonensem,
1388 3183 1597 3253 nonunquam
1604 3196 1676 3237 nora
1684 3181 1809 3253 synodus

120 3271 331 3343 congruebant,
341 3276 371 3327 et
379 3271 421 3327 illi
431 3271 481 3345 qui
490 3273 683 3344 perstantibus
693 3272 888 3330 obviabantab
898 3289 941 3331 ea-
990 3275 1091 3330 contra
1105 3276 1230 3329 veterem
1243 3273 1427 3345 primamque
1439 3273 1579 3343 convenit,
1593 3274 1642 3330 sed
1654 3274 1749 3346 potius
1762 3291 1807 3331 se·

121 3363 551 3422 demdocebanturalienisedis
559 3366 721 3438 apostolice
730 3366 897 3423 auctoritate
905 3367 942 3423 sit
990 3366 1118 3424 erundum
1127 3369 1258 3422 tenorem
1273 3367 1376 3424 veteris
1386 3367 1532 3423 constituti
1540 3362 1683 3440 particeps
1691 3372 1807 3440 aposto·

120 3461 250 3516 remotus
260 3458 388 3527 Acacius,
399 3459 519 3531 ejusque
528 3459 637 3532 pariter
646 3460 809 3533 quicunque
819 3459 939 3532 compli-
989 3460 1052 3517 lice
1065 3459 1255 3516 exsecutionis
1267 3459 1368 3516 allecta
1377 3463 1429 3529 est,
1444 3463 1476 3516 ut
1484 3460 1552 3516 satis
1565 3463 1705 3534 appareat
1717 3461 1808 3518 Eccle-

121 3568 168 3608 ces
184 3552 332 3620 exstiterit,
345 3554 431 3624 atque
444 3552 479 3608 ab
488 3552 603 3609 illorum
617 3554 720 3610 merito
730 3568 796 3609 cum
805 3553 850 3609 his
859 3569 940 3610 com·
990 3554 1062 3609 nam
1072 3552 1230 3624 sedemque
1244 3553 1440 3625 apostolicam,
1459 3553 1526 3626 quia
1540 3552 1608 3609 alibi
1619 3553 1681 3625 jam
1690 3554 1807 3612 omnino

121 3644 264 3702 munione
274 3644 421 3716 discretus,
434 3663 451 3700 a
464 3661 523 3719 qua
538 3663 567 3702 se
581 3646 642 3719 ipse
656 3647 783 3719 primurn
799 3663 866 3703 cum
882 3648 941 3703 suis
990 3663 1049 3703 non
1062 3651 1158 3719 posset
1169 3646 1221 3702 ubi
1233 3646 1337 3718 potuit,
1361 3651 1391 3703 et
1411 3663 1477 3703 cum
1496 3646 1601 3719 quibus
1619 3647 1714 3719 potuit
1734 3649 1808 3704 nihil

121 3739 306 3795 consortibus
322 3738 468 3796 catholicis
486 3739 669 3811 pontificibus
684 3740 871 3812 discrepando
892 3758 940 3797 co·
990 3741 1104 3814 penitus
1123 3738 1250 3796 omisisse
1271 3741 1349 3812 quod
1361 3739 1398 3795 ad
1411 3740 1572 3796 fraternum
1582 3741 1743 3813 pertineret
1755 3757 1807 3814 pro

123 3833 273 3905 gnoscitur
282 3833 564 3906 separasse,jureque
579 3834 751 3890 sententiam
760 3835 807 3890 ille
821 3835 940 3891 damna-
991 3835 1162 3891 intemerata
1180 3833 1237 3891 flde
1252 3837 1281 3891 et
1294 3834 1407 3890 sincera
1420 3834 1624 3891 communione
1639 3838 1806 3892 hactatum.

121 3927 210 3983 tionis
220 3926 330 3998 excepit
339 3928 448 3983 cacteris
455 3927 635 3983 consortibus
642 3929 885 4000 promulgandam
893 3929 942 4001 qui
991 3928 1063 3994 Ouid
1078 3945 1147 4001 ergo
1169 3928 1217 3984 isti
1235 3928 1392 4000 prudentes
1412 3927 1516 3984 viri-et
1533 3928 1643 4001 argutis
1661 3929 1808 3986 mantibus

121 4021 200 4077 solus
211 4036 265 4093 pro
274 4020 406 4076 omnibus
415 4020 690 4077 suisconsortibusin
698 4022 901 4078 communione
911 4039 941 4078 se
990 4023 1078 4078 totius
1091 4021 1218 4095 regionis
1227 4022 1343 4078 interna
1355 4021 1493 4078 rimantes
1501 4021 1533 4077 in
1544 4021 1668 4078 Orientis
1677 4022 1807 4094 partibus

120 4113 258 4172 recidisse
275 4113 405 4184 perfidiae
423 4115 459 4169 ad
477 4113 661 4186 apostolicam
677 4115 776 4171 sedem
789 4115 884 4171 missis
898 4120 942 4172 est
991 4115 1148 4183 constituti,
1170 4115 1193 4170 si
1216 4118 1410 4187 cognoverunt
1431 4115 1595 4187 hujusmodi
1610 4131 1763 4189 personam
1776 4117 1807 4172 in

121 4207 339 4281 professus.Cui
349 4207 944 4281 sicommunicaverantOrientalesepisco-
990 4210 1166 4267 antiochena
1180 4209 1303 4266 Ecclesia
1314 4209 1511 4265 constitutam.
1522 4209 1578 4266 Gur
1591 4209 1808 4267 communican-

121 4301 152 4375 pi
161 4304 319 4373 antequam
329 4301 558 4371 referreturhuc,
565 4301 733 4376 parietique
739 4303 886 4359 reatuslne
892 4303 942 4359 du·
991 4305 1061 4360 dum
1072 4304 1175 4359 talibus
1189 4304 1337 4375 proebuere
1349 4319 1530 4359 consensum.
1544 4305 1667 4360 Curnon
1676 4303 1751 4359 illico
1760 4320 1807 4360 re-

121 4394 172 4451 bio
183 4394 379 4466 probabantur
387 4393 630 4468 involvi,jureque
640 4412 693 4468 per
702 4397 784 4452 illum
794 4399 940 4469 trangres-
951 4398 981 4472 Ι)
992 4397 1203 4452 clamaverunt?
1214 4398 1271 4453 Cur
1280 4413 1337 4452 non
1348 4413 1378 4451 se
1389 4397 1438 4452 tali
1445 4396 1577 4467 contagio
1589 4396 1806 4464 submoverimt,

121 4489 389 4546 sienissenteutiam
398 4491 598 4562 susceperuut,
608 4490 942 4562 tanquamlacticumeo
992 4507 1058 4546 cum
1071 4489 1217 4546 evidenter
1227 4489 1409 4546 adverterent
1421 4489 1486 4545 ideo
1497 4487 1703 4544 Calendionem
1711 4489 1809 4561 depul-

122 4583 192 4639 dem
205 4582 413 4639 communionis
428 4586 563 4639 externoe.
580 4582 635 4648 Oui
651 4583 751 4656 utique
764 4600 822 4640 non
833 4585 943 4641 consuli
992 4600 1067 4654 sum,
1082 4588 1113 4639 ut
1124 4582 1266 4638 haereticis
1278 4581 1455 4654 panderetur
1474 4580 1619 4637 introitus.
1645 4581 1738 4647 Ouara
1760 4581 1808 4639 hic

121 4676 941 4749 tanqnamnostrrecommuuionishomiuesjamdeberent.
992 4678 1062 4733 nihil
1074 4677 1109 4733 de
1120 4677 1238 4750 synodo,
1248 4675 1320 4731 nihil
1333 4675 1368 4731 de
1382 4691 1424 4742 re,
1439 4673 1556 4730 nihilde
1569 4675 1807 4745 fideOlrristiaua,

121 4769 180 4827 Sed
197 4773 334 4841 tanquam
351 4768 381 4824 in
403 4769 546 4826 contrario
560 4769 646 4842 positi
661 4772 803 4828 consortio
814 4772 941 4829 refutari.
992 4772 1064 4827 nihil
1087 4772 1121 4828 de
1145 4786 1331 4843 personarum
1357 4768 1568 4825 examinatione
1589 4772 1757 4827 tractarunt.
1778 4770 1809 4827 Si

122 4863 152 4920 Si
166 4878 234 4918 vero
246 4879 305 4919 non
311 4863 593 4921 communicaverant
602 4868 756 4938 antequam
764 4866 881 4923 Aeacius
888 4866 943 4921 huc
992 4881 1059 4922 vero
1073 4864 1115 4920 illi
1136 4881 1166 4921 se
1179 4862 1376 4920 communioni
1387 4862 1547 4919 voluntarie
1561 4863 1759 4933 subdiderunt,
1773 4863 1809 4920 ab

122 4955 299 5025 referretur,
324 4960 352 5012 et
369 4957 631 5013 communicantem
652 4962 751 5015 notare
773 4958 942 5028 debuerant,
992 4959 1145 5031 apostolica
1164 4957 1230 5014 sede
1250 4962 1325 5014 certe
1347 4957 1470 5030 separati
1489 4963 1556 5014 sunt
1570 4974 1637 5014 curu
1651 4958 1766 5025 talibus,
1781 4959 1811 5013 et

122 5048 234 5123 ipsede
247 5049 350 5106 eodem
363 5051 944 5125 11111111111111111111111111111111
992 5052 1069 5124 apud
1084 5052 1155 5108 tales
1175 5050 1285 5108 siesset
1303 5050 1460 5108 necessarie
1472 5052 1535 5108 fleri
1547 5052 1625 5108 nulle
1637 5053 1808 5123 possetom-

123 5143 201 5202 sedis
211 5143 309 5216 rigore
317 5144 481 5218 perculsum
490 5146 595 5202 merito
608 5145 803 5218 comprobare.
814 5146 944 5219 Cumque
992 5146 1062 5202 nino
1074 5145 1197 5218 synodus
1211 5145 1374 5218 provenire.
1390 5144 1507 5210 Quodsi
1521 5145 1671 5217 ignorasse
1682 5159 1712 5201 se
1727 5142 1808 5199 dixe-

124 5237 196 5296 sede
208 5237 363 5310 apostolica
378 5238 521 5311 tantisque
534 5238 588 5294 illis
600 5239 781 5312 pontificibus
797 5240 888 5313 magis
900 5243 944 5296 te·
994 5240 1060 5311 rint,
1075 5239 1166 5313 qualis
1177 5239 1209 5295 in
1221 5237 1371 5296 Antiochia
1384 5243 1450 5312 post
1462 5239 1664 5296 calendionem
1676 5236 1811 5293 successit

122 5347 197 5390 nere
208 5331 405 5389 concordiam.
416 5332 471 5390 Sed
481 5332 595 5405 quiaab
604 5349 704 5390 eorum
713 5334 945 5390 societatedesci·
994 5334 1122 5404 antistes,
1135 5333 1204 5408 quid
1218 5334 1340 5404 mirum,
1361 5333 1385 5389 si
1399 5333 1449 5407 qui
1463 5334 1494 5389 in
1506 5331 1623 5389 Oriente
1635 5330 1729 5402 positi,
1744 5345 1809 5403 quea

121 5428 239 5494 verant,
248 5429 386 5482 eteorum
394 5426 605 5484 successoribus
613 5427 825 5484 communicare
833 5426 945 5501 delega-
994 5428 1025 5484 iu
1037 5428 1154 5501 regione
1169 5445 1221 5486 sua
1228 5427 1404 5500 contigerint
1415 5426 1488 5483 scire
1502 5425 1693 5498 nequiverunt
1702 5427 1811 5497 ea'quoe

122 5521 204 5590 rant,
215 5517 281 5576 ideo
292 5536 358 5577 cum
367 5520 433 5577 sede
443 5521 599 5593 apostolica
607 5520 726 5578 1111111111
737 5521 944 5595 congruebant,
993 5521 1070 5594 apud
1081 5522 1266 5594 apostolicam
1280 5522 1377 5578 sedem
1389 5523 1470 5591 gesta
1479 5519 1595 5575 fuerant
1605 5517 1678 5575 scire
1690 5516 1810 5591 ignora·

122 5613 238 5689 quiain
253 5619 360 5672 sectam
372 5615 532 5672 residerent
552 5615 777 5688 praevaricatoris
799 5615 893 5673 tcacii
913 5616 946 5672 il·
995 5614 1145 5672 rentem
1164 5617 1260 5672 tamen
1274 5618 1425 5687 postquem
1438 5611 1475 5669 ad
1488 5627 1588 5668 eorum
1601 5611 1733 5669 notitiam
1748 5627 1812 5683 per·

124 5710 183 5768 tius
196 5707 258 5765 sine
275 5708 362 5767 dubio
376 5709 566 5783 providebant
579 5710 720 5768 sententia
738 5715 946 5783 consequenter
995 5709 1082 5780 uenit,
1097 5709 1191 5785 qualis
1203 5713 1280 5766 osset
1287 5707 1424 5766 sacerdos
1430 5706 1513 5778 apud
1524 5705 1717 5762 hutxodrixam
1725 5701 1839 5755 cunsta-
