3870 6150
812 241 1066 297 PnluEGOllan.
1745 265 1772 305 rr

115 375 213 431 iocus
223 374 349 446 denique
359 372 534 446 prelationis
544 369 768 440 pseudoisidori,
777 384 810 424 ex
821 384 877 441 quo
887 368 920 423 cl.
931 367 1062 424 Rosshirt
1071 368 1138 439 (33)
1149 368 1298 426 ostendere
1309 370 1419 439 nititur,
1427 388 1537 427 merces
1546 372 1615 429 istas
1623 391 1656 429 ex
1667 374 1773 432 Graecis

82 466 219 523 tontibus
241 466 358 520 haustas
377 463 476 529 husee,
490 463 562 518 nihil
578 461 664 534 plane
684 460 797 532 prebat.
817 460 887 513 Nam
909 457 1084 528 praefationis
1107 458 1182 514 illins
1201 465 1300 515 auctor
1313 461 1347 516 de
1362 461 1487 516 conciliis
1506 462 1644 533 loquitur,
1661 482 1718 521 non
1736 466 1772 523 de

80 556 287 613 decretalibus.
306 557 348 610 Eu
364 554 450 609 verba
467 571 473 608 :
490 555 557 608 «Ea
573 569 640 607 vero
660 550 873 620 conciliaque
894 547 988 603 Graeco
1011 553 1077 604 sunt
1097 548 1173 605 edita
1196 549 1278 620 stylo,
1292 551 1416 622 amplius
1438 568 1524 623 quatu
1550 554 1701 626 tripliciter
1722 562 1772 613 aut

80 644 310 720 quadrupliciter
329 644 517 715 interpretata
537 646 587 697 aut
600 642 760 713 conscripta
780 637 948 711 reperimus.
970 638 1051 703 Quod
1073 639 1097 693 si
1112 639 1392 711 reritasquerenda,
1407 643 1585 714 expluribus
1606 646 1770 703 Graecorum

83 751 241 810 sequamur
252 735 357 806 stylum
370 748 528 804 eorumque
546 732 695 786 imitemur
708 729 846 786 dictiones
860 733 946 801 atque
961 730 1143 800 exeurplaria,
1160 735 1213 785 etc.
1230 752 1244 779 s
1263 729 1332 795 Qua
1347 748 1414 785 vero
1428 747 1461 787 ex
1475 732 1618 789 codicibus
1632 735 1768 792 flamber-

83 826 225 899 gensibus
245 824 340 879 attulit
357 824 556 890 monumenta,
572 820 602 875 in
624 820 727 892 quibus
749 817 1018 875 Pseudodecretales
1039 822 1104 874 ante
1126 821 1309 876 llercetorem
1333 821 1502 891 habeantur,
1519 828 1582 893 post
1594 824 1687 895 ipsum
1702 842 1768 881 con·

83 917 191 988 scripta
211 916 302 981 inere,
317 915 416 984 utpote
429 928 493 984 quae
508 910 544 966 ad
559 909 753 966 ordinationes
772 910 900 964 l'ormosi
918 911 1090 965 referantur.
1106 910 1177 965 lllud
1193 914 1290 967 autem
1305 911 1474 983 opusculum
1490 912 1569 983 qnod
1582 930 1617 968 ex
1632 915 1767 971 Bamber·

82 1005 226 1078 rensibus
243 1003 386 1058 codicibus
400 1003 526 1069 erutum,
542 1000 661 1054 omniuo
674 998 851 1071 incognitum
875 999 961 1055 luisse
980 1003 1070 1071 putat,
1086 1017 1118 1055 ae
1133 1000 1351 1056 Pseudoisidoro
1367 1002 1503 1072 priorem,
1519 1018 1552 1057 ex
1567 1019 1625 1074 quo
1640 1004 1768 1062 hausisse

82 1097 275 1151 Hercatorem
293 1091 439 1165 supponit,
456 1107 513 1146 nou
526 1094 569 1146 est
580 1088 636 1145 nisi
654 1089 727 1144 liber
740 1088 820 1161 prior
833 1089 935 1144 huxilii
950 1089 985 1144 de
1008 1089 1238 1145 ordinationibus
1258 1090 1396 1158 Formosi,
1412 1091 1462 1162 qui
1486 1092 1575 1146 multo
1589 1098 1651 1163 post
1664 1094 1768 1151 Nerea-

83 1191 177 1241 torem
197 1189 329 1256 tempore
350 1182 472 1253 scripsit.
488 1179 610 1235 Proinde
632 1178 698 1234 licet
720 1194 818 1232 verum
843 1177 888 1246 sit,
902 1178 1149 1234 Pseudoisidorum
1172 1179 1263 1234 multa
1278 1180 1338 1250 jam
1358 1181 1500 1236 exstantia
1522 1180 1697 1251 adhibuisse,
1712 1201 1769 1240 non

83 1282 184 1331 lamen
198 1274 351 1329 dicendum
364 1275 408 1327 est
421 1288 488 1327 eum
500 1270 622 1343 plurima
637 1285 696 1324 non
707 1268 825 1341 proprio
840 1271 926 1324 llarte
940 1268 1128 1325 conseruisse.

120 1418 146 1466 ῖ.
163 1411 320 1467 Audiamus
331 1408 428 1477 modo,
439 1422 504 1478 quoe
513 1424 532 1462 a
545 1406 587 1462 Cl.
604 1406 700 1463 llelele
713 1422 765 1477 per
777 1407 893 1461 modum
907 1404 997 1473 dubii,
1009 1422 1074 1460 cum
1085 1406 1137 1478 ipsi
1147 1408 1299 1479 hypothesi
1314 1412 1419 1463 nostrae
1435 1408 1540 1476 faveat,
1552 1408 1581 1461 in
1592 1409 1777 1465 contrarium.

83 1500 216 1572 apposita
235 1497 445 1570 111111(31).Τοῐ
463 1502 560 1568 partes
580 1496 610 1551 in
633 1495 933 1551 Pseudodecretalibus
958 1498 1158 1568 exstareque
1180 1503 1324 1568 proeteuso
1346 1496 1471 1552 auctoris
1492 1514 1580 1568 scopo
1604 1498 1771 1553 nullatenus

86 1591 257 1659 inserviant5
273 1590 350 1661 quod
365 1589 572 1662 metropolitica
587 1590 715 1660 potestas
727 1586 798 1642 adeo
812 1586 999 1658 deprimatur,
1011 1602 1068 1640 uon
1081 1588 1221 1658 quadrare
1235 1588 1264 1643 in
1276 1589 1434 1660 Gigantum,
1448 1588 1496 1660 qui
1511 1588 1571 1660 ipse
1587 1588 1771 1660 metropolita

86 1679 181 1747 luerit,
199 1677 386 1734 benedictum
400 1678 537 1747 levitam,
555 1693 643 1749 quem
666 1677 773 1732 lsidoro
792 1676 977 1747 conjunctum
992 1676 1190 1747 supponimus,
1208 1679 1298 1733 multo
1313 1678 1409 1733 uriuus
1423 1678 1613 1750 metropolitis
1627 1678 1770 1735 intensum

86 1784 157 1822 csse.
171 1767 271 1822 Virum
287 1765 388 1837 videri,
405 1767 428 1822 si
447 1766 596 1838 Olgarium
620 1765 806 1822 decretalium
829 1768 973 1821 auctorem
998 1766 1114 1833 habeas,
1131 1766 1166 1821 ab
1188 1767 1249 1839 ejus
1271 1786 1433 1826 successore
1458 1769 1593 1825 ilhabono
1615 1787 1663 1825 cas
1685 1771 1770 1843 plane

86 1856 225 1928 ignorari,
239 1856 299 1911 imo
315 1856 426 1910 nullum
446 1871 545 1911 earum
567 1855 654 1926 longo
676 1857 741 1925 post
761 1858 891 1925 tempore
911 1871 994 1910 usum
1014 1855 1122 1911 iactum
1142 1857 1227 1913 tuisse
1251 1859 1279 1915 in
1295 1860 1458 1927 Germania,
1474 1861 1514 1916 ita
1529 1865 1561 1915 ut
1574 1860 1685 1931 synodo
1700 1861 1769 1916 Ger·

86 1945 235 2017 stangensi
259 1948 326 2001 ¹085
348 1945 473 2017 episcopi
490 1943 650 2000 Germania
675 1960 733 1998 uua
754 1959 819 1997 cum
841 1943 936 2015 legato
958 1946 1111 2017 apostolico
1134 1948 1245 2003 nonnisi
1270 1966 1335 2005 cum
1358 1951 1483 2023 quodam
1509 1951 1642 2022 despectu
1667 1967 1767 2007 earum

86 2034 264 2090 mentionem
278 2034 417 2090 lacerent.

123 2176 160 2227 st
177 2172 319 2226 enimvero
333 2171 399 2244 quis
421 2171 520 2239 nescit,
536 2169 677 2243 ejusmodi
695 2169 824 2224 falsarios
846 2169 891 2238 iis,
905 2185 969 2241 quae
985 2173 1147 2244 praeprimis
1165 2175 1193 2228 in
1212 2175 1366 2230 hominum
1383 2178 1492 2230 mentes
1515 2175 1649 2230 iuducere
1672 2175 1766 2231 inten-

86 2262 166 2327 dunt,
181 2262 272 2316 multa
285 2261 456 2329 admiscere,
469 2277 534 2333 quae
555 2259 749 2316 indifferentia
768 2259 826 2314 sint
846 2262 876 2313 et
894 2258 1018 2315 innocua
1033 2260 1193 2329 videantur,
1209 2279 1245 2319 ne
1266 2280 1353 2335 prava
1376 2262 1497 2319 intentio
1523 2264 1667 2335 pertracta
1684 2264 1770 2320 nimis

86 2349 219 2421 nudeque
242 2352 381 2423 exposita,
395 2351 491 2407 statim
511 2353 657 2423 appareat.
680 2348 820 2404 lsidorum
846 2348 1042 2420 metropolitas
1067 2350 1230 2421 deprimere
1255 2370 1311 2407 nou
1339 2357 1392 2417 est,
1407 2370 1458 2408 cur
1472 2353 1627 2422 miremur,
1641 2371 1707 2409 cour
1723 2371 1769 2410 su·

85 2441 226 2512 perierem
242 2442 374 2513 primatis
393 2441 592 2498 auctoritatem
612 2441 665 2496 sibi
687 2445 809 2511 arroget.
827 2441 1028 2494 Verumtamen
1048 2441 1137 2495 nolim
1160 2440 1253 2497 dicere
1274 2442 1432 2497 Decretales
1454 2441 1562 2497 directe
1584 2443 1771 2515 metropolitis

84 2529 239 2597 adversari,
254 2546 350 2603 neque
369 2532 502 2603 synodos,
523 2547 646 2603 quarum
669 2529 893 2586 celebrationem
913 2528 1036 2583 inculcat
1048 2530 1119 2599 <35);
1138 2531 1166 2586 id
1191 2534 1303 2587 tantum
1324 2532 1413 2587 modo
1436 2531 1567 2597 intendit,
1584 2549 1621 2588 ue
1644 2534 1768 2606 syuodo·

85 2635 148 2672 rum
164 2619 275 2687 judicia
296 2619 447 2676 arbitrario
460 2620 546 2676 modo
558 2621 726 2688 habeantur,
742 2636 837 2690 neque
852 2618 943 2673 ullum
958 2618 996 2673 sit
1010 2618 1045 2673 ab
1067 2618 1172 2692 iniquis
1194 2623 1343 2677 sententiis
1361 2622 1517 2694 retugium,
1535 2638 1604 2678 nere
1627 2624 1657 2678 in
1677 2625 1769 2681 aliena

86 2707 231 2778 provincia
242 2708 384 2778 judicium
396 2712 569 2776 exerceatur,
581 2708 657 2781 quod
672 2709 701 2763 in
716 2706 876 2763 Theodonis
886 2706 953 2761 villa
967 2708 1072 2762 lactum
1086 2708 1193 2779 luerat3
1210 2710 1267 2765 imo
1282 2711 1342 2767 vult
1355 2728 1454 2767 causas
1467 2711 1560 2783 primo
1575 2712 1612 2768 ad
1622 2718 1765 2786 metropo-

85 2797 174 2863 litam,
186 2797 290 2852 deinde
303 2798 341 2852 ad
355 2799 508 2870 synodum,
519 2797 703 2871 postmodum
717 2798 752 2853 ad
766 2797 932 2870 primatem,
942 2796 1066 2869 denique
1081 2798 1118 2852 ad
1133 2799 1296 2870 pontificem
1311 2800 1426 2872 deterri,
1438 2801 1493 2858 uisi
1509 2801 1608 2859 statim
1621 2803 1657 2858 ad
1672 2804 1767 2876 ipsum

86 2886 263 2957 appellatum
276 2886 361 2942 tuerit
373 2887 437 2959 (38).
455 2887 639 2943 Benedictunr
655 2887 748 2958 itaque
763 2885 887 2940 Levitam
901 2884 933 2939 iu
947 2887 1142 2958 metropolitas
1156 2888 1251 2943 minus
1266 2889 1397 2962 iniquum
1413 2891 1509 2962 luisse,
1521 2908 1580 2948 uon
1594 2898 1670 2949 recte
1685 2910 1771 2966 oppo-

85 2993 150 3044 nas;
167 2976 243 3030 adde
256 2976 332 3049 quod
347 2976 484 3032 eumdem
496 2994 562 3032 cum
580 2976 688 3031 lsidoro
702 2975 789 3030 fuisse
804 2974 968 3030 nullatenus
981 2979 1092 3030 certum
1106 2976 1151 3045 sit,
1165 2978 1343 3051 proindeque
1359 2981 1553 3037 diversitatem
1566 2983 1768 3055 aliquantulam

85 3065 238 3120 admittere
251 3066 393 3121 absonum
408 3067 522 3134 nonsit,
539 3064 679 3120 diversam
692 3062 815 3134 denique
834 3061 919 3118 luisse
933 3064 1244 3137 Pseudocapitularium
1260 3069 1423 3125 materiam.

116 3203 180 3265 Oua
190 3201 227 3255 de
242 3217 325 3257 causa
340 3202 375 3257 ab
388 3202 528 3273 episcopis
542 3199 701 3257 Germaniae
710 3203 763 3253 eta
772 3198 921 3268 Rhabeno,
935 3199 1047 3256 silentio
1060 3203 1213 3274 preterita,
1225 3203 1283 3258 imo
1295 3204 1331 3259 ah
1346 3205 1408 3276 ipso
1422 3206 1540 3261 demum
1553 3205 1671 3279 Otgario
1682 3207 1766 3265 dere·

86 3292 148 3345 licta
163 3291 253 3346 inerit
267 3292 414 3364 congeries
431 3290 738 3357 Pseudodceretalium‚
752 3289 867 3361 egregie
883 3290 1016 3360 exposuit
1032 3290 1158 3360 Glrorer,
1172 3309 1266 3366 neque
1280 3295 1436 3366 quidquam
1458 3297 1513 3351 illis
1532 3296 1696 3353 addendum
1716 3304 1767 3367 est,

88 3398 150 3451 qaae
163 3397 251 3453 supra
264 3398 300 3436 ex
318 3382 380 3452 ipso
396 3382 601 3452 excerpsimus,
616 3384 720 3453 praeter
731 3379 770 3446 id,
785 3380 935 3451 episcopos
947 3380 1108 3435 Germaniae
1124 3381 1275 3453 plerosque
1290 3399 1307 3437 a
1320 3388 1400 3454 parte
1415 3385 1546 3441 ludovici
1566 3387 1606 3458 pii
1621 3390 1650 3442 et
1662 3404 1768 3457 cogno

89 3471 172 3524 minis
184 3470 371 3541 postmodum
384 3471 435 3526 11111
448 3472 557 3526 stetisse
570 3470 749 3542 proindeque
762 3486 820 3524 non
834 3474 893 3524 tem
905 3469 940 3524 ad
954 3469 1029 3542 ipsos
1043 3470 1118 3525 mitti
1129 3471 1165 3525 ab
1178 3471 1304 3544 ipsisque
1319 3472 1408 3545 recipi
1429 3476 1557 3545 potuisse
1571 3477 1767 3534 collectionem

87 3570 239 3627 terrenum,
256 3575 343 3631 quam
364 3561 399 3615 ad
413 3560 519 3631 Otgarii
535 3560 644 3616 sodales
662 3561 691 3615 111
706 3560 837 3615 Neustria
856 3560 1003 3631 degentes,
1019 3560 1095 3630 apud
1111 3577 1183 3632 quos
1201 3561 1256 3617 late
1272 3579 1400 3634 sparsam
1420 3566 1606 3637 postmodum
1628 3566 1766 3635 invenias,

85 3666 150 3702 rum
165 3649 201 3703 ab
213 3651 331 3704 auctore
344 3666 361 3704 a
374 3649 514 3705 Ludovico
526 3649 554 3705 iu
568 3649 693 3722 gratiam
706 3653 820 3719 recepto
830 3650 893 3720 jam
906 3649 1161 3720 derelinqueretur.
1176 3651 1288 3707 Falsum
1299 3653 1384 3709 etiam
1398 3659 1441 3710 est
1452 3657 1611 3713 Germanice
1618 3657 1768 3730 episcopos

86 3755 180 3809 neque
197 3738 236 3792 ad
248 3755 355 3793 anuum
372 3741 484 3794 1088111
504 3740 578 3794 ultra
589 3740 744 3794 decretales
759 3739 800 3794 vcl
814 3738 982 3810 neglexisse,
996 3739 1040 3795 vel
1060 3740 1209 3811 sprevisse.
1226 3741 1295 3795 Nam
1310 3741 1337 3795 in
1354 3745 1462 3813 syuodo
1479 3745 1641 3800 Coloniensi
1654 3762 1680 3798 e.
1700 3750 1762 3813 887,

85 3827 204 3897 epistola
223 3828 362 3895 llnacleti,
385 3828 413 3882 111
433 3828 598 3900 Negantina
620 3829 670 3883 888
690 3829 807 3901 epistola
829 3827 945 3898 lirbani,
962 3828 991 3882 in
1011 3827 1184 3882 Triburiensi
1208 3828 1326 3884 demum
1350 3834 1401 3886 8118
1426 3833 1555 3903 pluribus
1579 3835 1768 3890 decretalibus

82 3917 358 3974 l‘scrrdoisidoriauis
374 3921 500 3975 utuntur.
517 3920 589 3987 Alia,
607 3936 671 3991 quer.
685 3920 765 3975 facile
779 3921 936 3977 solvuntur.
950 3916 1097 3973 brevitatis
1106 3917 1201 3971 'causa
1213 3916 1380 3973 omittimus.

897 4146 912 4214 s
933 4143 964 4197 11.

118 4318 146 4369 8.
170 4314 249 4367 hicet
271 4314 355 4369 modo
378 4314 468 4369 critici
486 4314 568 4386 quasi
590 4329 691 4369 ornnes
714 4314 868 4381 fateantur,
892 4312 1049 4366 Decretales
1070 4311 1349 4366 Pseudoisidorianas
1372 4329 1465 4384 neque
1496 4315 1593 4369 Romae
1618 4331 1711 4387 neque
1736 4319 1767 4371 ut

85 4402 275 4457 Pontificibus
289 4402 468 4470 inservirent,
482 4402 611 4458 inventas
631 4401 726 4469 luisse,
743 4398 824 4455 multi
841 4405 938 4455 tamen
962 4400 1113 4455 Pontilices
1129 4400 1163 4454 iis
1184 4400 1367 4472 postmodum
1390 4401 1491 4457 lavisse
1507 4403 1633 4475 ipsisque
1654 4404 1684 4459 iu
1701 4421 1768 4475 pro-

85 4492 183 4561 prium
199 4490 386 4546 commodum
405 4508 471 4547 usos
485 4507 544 4547 esse
558 4489 745 4546 contendunt.
760 4487 1006 4544 Wasserschleben
1018 4492 1114 4544 censet
1126 4488 1258 4561 Sergium
1273 4490 1295 4545 ll
1306 4489 1367 4560 jam
1380 4507 1405 4544 a.
1421 4492 1474 4547 811
1489 4492 1652 4563 hrogonem
1663 4493 1767 4548 lieten-

86 4598 145 4636 sem
159 4582 327 4653 episcopum
338 4581 494 4638 Galliarum
503 4580 656 4653 primatem
666 4577 798 4651 sedisque
809 4578 971 4650 apostolicae
981 4577 1116 4633 vicarium
1128 4577 1165 4632 ad
1176 4594 1309 4633 normam
1319 4577 1392 4648 juris
1401 4579 1663 4636 Pseudoisidoriaui
1673 4597 1769 4638 creare
1821 4564 1828 4581 ⁸

87 4670 220 4725 soluisse.
238 4671 341 4725 t'erum
360 4670 395 4725 iis
415 4671 445 4726 in
460 4670 529 4726 actis
542 4669 614 4725 nihil
630 4669 763 4735 occumit,
775 4668 851 4739 quod
865 4667 981 4739 speciali
995 4668 1088 4721 torma
1098 4666 1284 4720 llecretalium
1302 4667 1454 4739 vestigium
1469 4685 1527 4740 prce
1541 4685 1570 4726 se
1583 4669 1665 4740 ierat,
1677 4687 1769 4743 neque

88 4776 121 4813 ca
133 4760 272 4829 dignitas,
285 4777 371 4832 quam
384 4761 508 4833 Drogoui
523 4760 696 4815 moliebatur
708 4758 845 4831 pontifex,
861 4758 974 4813 novella
991 4756 1061 4811 adeo
1074 4759 1145 4811 erat.

122 4894 231 4950 Nicolai
249 4895 259 4947 1
279 4895 397 4966 epistola
415 4895 450 4950 ad
473 4896 567 4951 Gallos
582 4895 611 4950 in
630 4910 715 4949 causa
736 4891 906 4965 Thietgaudi
927 4889 1101 4946 Trevirensis
1117 4890 1180 4959 (37).
1194 4905 1259 4961 quse
1281 4890 1430 4946 Alexandri
1452 4893 1462 4945 1
1485 4891 1768 4950 Pseudodecrctaiem

88 4982 204 5054 allegat,
218 4999 361 5055 quamque
375 4984 526 5040 llontheim
540 4983 576 5039 ad
590 4999 699 5038 annrrm
712 4986 759 5039 881
778 4982 875 5050 refert,
889 4985 1028 5051 suspecte
1044 4978 1223 5034 auctoritatis
1236 4981 1288 5048 est,
1300 4995 1421 5051 eamque
1434 4979 1615 5036 liunstmann
1629 4983 1682 5055 (38)
1691 4983 1771 5039 Nico·

89 5071 135 5125 laii
151 5072 171 5125 11
188 5088 251 5127 esse
264 5076 371 5139 censet,
385 5088 450 5127 cum
465 5089 508 5141 ee,
522 5088 586 5144 quae
599 5071 634 5127 de
648 5070 804 5127 Trevirensi
818 5069 944 5126 antistite
957 5068 1098 5136 dicantur,
1113 5085 1173 5123 nou
1187 5068 1217 5122 in
1230 5069 1448 5140 Thietgaudum,
1462 5071 1511 5126 sed
1526 5070 1556 5125 in
1572 5072 1769 5130 Eberhardum

88 5161 241 5235 quadrent,
255 5163 336 5235 quia
352 5163 481 5219 Conrado
500 5161 606 5218 comite
625 5160 856 5232 Lutzelburgensi
878 5164 978 5232 captus
999 5160 1050 5212 est.
1067 5158 1120 5213 Res
1140 5158 1270 5213 conlecta
1283 5160 1335 5225 est,
1350 5173 1442 5230 usque
1462 5158 1498 5214 ad
1511 5176 1620 5215 annum
1635 5165 1697 5230 883,
1711 5180 1769 5235 quo

90 5252 220 5307 Nicolaus
228 5251 264 5307 ad
276 5252 462 5308 llincmarum
473 5251 665 5307 Rhemensenr
679 5250 814 5317 scribens,
828 5249 942 5305 nonnisi
956 5247 1117 5304 Decretales
1127 5247 1276 5303 lladrianre
1289 5247 1463 5303 collectionis
1472 5256 1630 5318 enumerat,
1643 5255 1770 5320 utsupra
1800 5234 1804 5243 ¹

89 5342 251 5407 retulimus,
265 5341 412 5397 Romanos
426 5340 573 5413 pontifices
592 5334 857 5394 Pseudoisidoriana
872 5340 954 5410 plane
975 5336 1106 5392 nescisse.
1124 5335 1230 5391 Eodem
1250 5336 1310 5391 lere
1327 5341 1456 5409 tempore
1471 5340 1567 5413 Lupus
1586 5337 1770 5395 Ferrariensis

136 5574 280 5643 33·)1..1.
300 5589 330 5645 p.
347 5577 389 5627 52.
995 5572 1036 5639 (38
1060 5571 1104 5627 cl.
1057 5586 1166 5713 meipso
1181 5572 1198 5625 8
1211 5570 1308 5642 Pelagr
1301 5570 1351 5626 'il

136 5647 180 5713 ,11)
196 5645 226 5698 L.
240 5662 265 5698 c.
280 5661 310 5716 p.
325 5647 387 5699 818.
1169 5586 1308 5710 ntheim,
1305 5642 1375 5698 llist.
1389 5642 1492 5696 Trevir
1507 5641 1537 5695 T.
1553 5640 1609 5711 l,p
1614 5642 1695 5696 mr

126 5722 179 5787 38)
194 5715 321 5773 hnacleii
335 5730 380 5787 ep.
399 5717 421 5767 1.
438 5712 534 5768 l‘elicis
546 5731 590 5787 ep.
610 5718 633 5768 1.
648 5713 715 5768 tulii
728 5729 775 5785 ep.
789 5718 815 5767 ⁴2.
995 5716 1037 5769 188
1061 5714 1136 5769 Neue
1149 5712 1215 5769 Sion
1233 5714 1310 5782 1815,
1326 5713 1356 5767 N
1376 5714 1421 5767 81.
