3870 6150
121 250 174 315 litt

566 258 710 313 at‘rtb't).
731 260 775 314 ,lb
794 259 874 313 SAEL'.
895 258 938 312 tx.
955 288 986 295 ψ

1008 259 1129 312 tsthtrttt
1149 259 1360 314 ttljtmtt'otrts

122 365 232 437 aliquid
245 364 326 419 idolis
339 367 485 435 prestant,
500 365 606 435 placuit
619 372 682 438 post
696 367 844 422 biennium
866 365 976 454 acci-A
1021 365 1106 420 LXIX.
1130 365 1159 422 Si
1182 366 1294 422 conscio
1323 364 1426 420 marito
1444 363 1531 420 luerit
1554 360 1652 437 moeeh

121 476 190 531 pere
203 458 443 513 communionem.

157 554 209 607 LV.
224 552 415 623 blagistratum
431 568 507 621 vero,
523 569 599 608 anno
617 571 673 627 qno
696 555 755 627 agit
774 555 936 611 duumvira-

121 652 193 715 tum,
208 646 362 718 prohibere
376 647 467 718 placet
480 652 513 702 ut
526 665 554 703 se
564 648 599 703 ab
610 649 726 704 ecclesia
739 650 881 706 cohibeat.

158 742 221 796 LVl.
236 742 371 796 Matronae
390 741 434 795 rel
459 758 557 797 earum
578 742 672 797 mariti
697 743 865 800 vestimenta
887 760 937 799 sua

120 837 154 890 ad
178 835 337 889 ornandum
361 834 533 890 smcrilariter
547 853 686 908 pompam
707 855 764 893 non
779 837 857 905 deut,
873 838 936 892 etsi

121 929 240 984 fecerint
254 928 370 983 triennii
383 932 512 999 tempore
533 929 702 985 abstineant.

156 1024 230 1077 Lth.
245 1022 353 1077 Placuit
372 1022 545 1094 ubicunque,
556 1026 585 1078 et
602 1025 725 1080 maxime
740 1025 769 1079 in
784 1042 815 1080 eo
828 1026 890 1081 loco
906 1026 937 1080 in

120 1134 177 1189 quo
190 1116 290 1189 primm
300 1116 442 1172 cathedrae
453 1118 621 1172 constitutus
632 1122 674 1173 est
684 1119 843 1192 episcopus,
857 1126 887 1175 ut
897 1121 937 1174 in·

121 1212 305 1282 torrogentur
313 1210 343 1265 hi
356 1210 404 1282 qui
414 1211 682 1267 communicatorias
693 1213 801 1268 litteras
812 1214 935 1279 tmdunt‚

121 1323 158 1360 an
174 1305 269 1360 omnia
291 1309 368 1360 recta
381 1304 505 1360 habeant
519 1310 547 1360 et
560 1322 611 1361 suo
626 1307 789 1363 testimonio
803 1325 936 1379 compro·

121 1400 201 1454 hent.

158 1492 244 1549 LVlll.
257 1493 473 1549 Prohibendam
484 1511 520 1549 nc
535 1495 598 1566 quis
611 1494 798 1565 Christianus,
809 1495 937 1551 autGen-

121 1588 188 1658 tilis,
202 1589 237 1643 ad
250 1587 357 1643 idolum
371 1588 500 1660 Capitolii
515 1589 692 1644 sacrificandi
710 1607 792 1645 causa
804 1590 938 1644 ascendat

124 1687 152 1736 et
165 1683 267 1739 videat.
282 1682 362 1747 Quod
381 1683 404 1736 si
423 1682 520 1738 fecerit
538 1683 599 1754 pari
614 1684 734 1738 crimine
755 1687 899 1752 teneatur;
915 1684 937 1738 si

986 461 1091 532 placuit
1105 461 1199 515 necin
1219 461 1307 516 linem
1322 461 1447 515 dandam
1469 459 1495 513 ei
1513 473 1652 514 commun

987 572 1052 610 vero
1061 573 1123 610 cam
1138 555 1294 626 reliquerit,
1310 558 1376 626 post
1388 554 1487 609 decem
1497 570 1589 608 annos
1599 569 1648 608 acc

987 650 1162 717 munionem,
1183 649 1205 703 si
1228 666 1292 704 eain
1312 667 1377 703 cum
1403 648 1496 703 scierit
1519 647 1649 702 adultera

986 749 1113 815 tempore
1128 744 1157 797 in
1170 744 1253 797 domo
1267 760 1318 797 sua
1334 742 1459 797 retinuit.

1023 837 1113 911 101
1132 839 1204 892 LXX.
1219 837 1432 908 stupratoribus
1445 852 1604 908 puerorum
1613 850 1652 890 ne

987 932 1110 987 dandum
1124 949 1185 986 esse
1198 932 1439 986 communionem.

1022 1027 1108 1081 LXXL
1126 1027 1153 1081 Si
1169 1044 1225 1098 qua
1238 1027 1321 1080 vidua
1346 1025 1432 1080 luerit
1455 1025 1604 1093 maechata,
1620 1027 1651 1079 et

985 1123 1087 1192 postea
1102 1120 1233 1174 habuerit
1247 1121 1392 1178 maritum.
1405 1123 1470 1190 post
1484 1119 1652 1191 quinquenn

987 1218 1051 1268 acta
1063 1214 1195 1286 legitima
1208 1214 1386 1285 poenitentia,
1401 1214 1508 1284 placuit
1520 1228 1582 1267 eam
1602 1229 1652 1268 con

988 1309 1173 1364 reconciliari.
1197 1309 1225 1364 Si
1249 1309 1338 1362 aliurn
1360 1307 1481 1372 duxerit,
1498 1307 1596 1361 relicto
1619 1306 1652 1361 ill

987 1403 1074 1457 sineru
1090 1403 1214 1456 dandam
1225 1419 1285 1456 esso
1299 1402 1543 1463 communionem,
1560 1400 1602 1454 vel
1616 1400 1640 1455 si

987 1496 1080 1565 fidelis
1092 1514 1178 1567 quem
1193 1497 1345 1567 acceperit,
1357 1495 1591 1549 communionem
1605 1511 1652 1548 nor

988 1591 1042 1644 nisi
1054 1595 1116 1661 post
1129 1592 1227 1645 decem
1242 1608 1334 1645 annos
1347 1593 1409 1643 acta
1422 1589 1549 1657 legitima
1563 1588 1652 1659 poenit

987 1685 1137 1739 iufirmitas
1152 1684 1276 1756 coegerit
1292 1683 1413 1737 velocius
1426 1682 1493 1736 dare
1507 1680 1652 1736 communi

122 1777 208 1832 luerit
232 1776 330 1844 tidelis,
352 1779 416 1848 post
438 1776 535 1831 decem
564 1794 653 1832 annos
683 1784 745 1834 acta
771 1768 975 1850 poenitentiaB
1022 1780 1119 1833 LXlill.
1146 1779 1260 1833 Delator
1283 1778 1305 1831 si
1329 1777 1393 1848 quis
1416 1776 1556 1831 exstiterit
1579 1775 1652 1830 lideli

121 1870 286 1942 recipiatur.

158 1967 221 2021 LlX.
234 1965 262 2020 Si
274 1965 337 2037 quis
346 1964 420 2020 idola
430 1964 558 2036 fregerit,
570 1970 599 2020 et
608 1965 715 2020 ibidem
724 1965 810 2022 fuerit
818 1967 936 2033 occisus,

121 2061 188 2132 quia
199 2059 229 2113 in
238 2059 392 2130 Evangelio
404 2075 461 2113 non
474 2062 517 2113 est
533 2060 679 2130 scriptum,
689 2076 783 2132 neque
793 2061 939 2115 invenitur

123 2154 157 2208 ah
173 2153 306 2225 apostolis
322 2170 447 2224 unquam
469 2153 588 2220 lactum,
604 2154 711 2224 placuit
734 2153 763 2208 in
785 2172 939 2210 numerum

122 2264 189 2301 eum
201 2264 260 2301 non
272 2246 358 2317 recipi
374 2250 544 2318 martyrum.

159 2342 210 2396 LX.
224 2341 252 2396 Si
271 2340 334 2413 quis
347 2342 410 2412 post
422 2341 530 2395 obitum
552 2341 648 2395 uxoris
663 2358 721 2396 suoe
738 2359 866 2398 sororem
879 2344 939 2415 ejus

123 2434 940 2507 duxerit,etipsasitlidelis,quinquennioacommnnione

123 2530 231 2603 placuit
252 2529 405 2597 abstinere,
430 2528 484 2583 uisi
512 2530 583 2583 sorte
609 2529 733 2584 velocius
755 2529 815 2586 dari
840 2549 939 2603 pacem

123 2625 277 2680 necessitas
289 2623 414 2694 coegerit
430 2622 614 2678 infirmitatis.

159 2721 222 2775 LXl.
238 2718 266 2775 Si
281 2735 374 2791 augur
385 2721 434 2772 aut
448 2717 643 2789 pantomimus
656 2719 773 2775 credere
786 2720 938 2790 voluerint,

123 2814 230 2886 placuit
242 2818 275 2868 ut
286 2813 365 2885 prius
384 2811 492 2866 artibus
512 2812 569 2867 suis
589 2813 756 2869 renuntient
768 2815 796 2869 et
809 2819 877 2869 tunc
890 2815 939 2869 de-

125 2925 206 2963 mum
220 2907 419 2978 suscipiantur,
432 2905 472 2960 ita
485 2908 518 2960 ut
529 2907 648 2960 ulterius
670 2924 728 2962 non
750 2912 938 2963 revertantur.

126 3003 206 3067 Quod
224 3001 247 3056 si
260 3002 352 3056 facere
371 3005 470 3055 contra
485 2999 669 3055 interdictum
682 3002 863 3071 tentaverint,
880 3019 942 3074 pro-

122 3097 258 3168 jiciantur
273 3095 308 3150 ab
326 3093 456 3150 Ecclesia.

163 3191 279 3246 ullust
295 3207 352 3262 qua
364 3189 468 3243 mulier
487 3205 538 3261 per
560 3190 733 3246 adulterium
751 3191 867 3247 absente
882 3208 940 3245 ma-

127 3288 183 3341 rito
193 3284 366 3356 conceperit,
379 3282 467 3355 idque
482 3286 546 3354 post
558 3284 667 3339 facinus
681 3285 824 3353 occiderit,
837 3285 944 3356 placuit

128 3380 152 3435 ci
165 3397 216 3435 uec
224 3380 254 3434 in
264 3380 351 3432 finem
362 3376 486 3432 dandam
494 3393 554 3432 esse
563 3378 810 3446 communionem,
821 3397 855 3434 eo
866 3380 944 3450 qnod

127 3473 314 3545 geminaverit
326 3473 424 3528 scelus

165 3570 249 3623 LXlll.
265 3569 294 3624 Si
307 3584 363 3640 qua
375 3566 478 3621 mulier
492 3583 582 3638 usque
602 3567 631 3621 in
653 3567 741 3623 finem
764 3568 863 3623 mortis
885 3585 944 3623 sirie

128 3680 193 3719 curn
207 3660 394 3717 alienofuerit
404 3660 464 3715 viro
479 3660 625 3728 moechata,
639 3662 805 3732 placuitnec
817 3662 845 3716 in
857 3663 944 3717 smem

128 3758 252 3813 [landam
266 3773 326 3811 esse
336 3755 578 3810 communionem.
589 3754 618 3811 Si
629 3771 697 3829 sero
709 3772 774 3811 enm
784 3756 943 3829 reliquerit,

129 3856 191 3926 post
212 3853 311 3908 decern
333 3867 424 3906 annos
446 3849 535 3921 recipi
557 3849 593 3903 ad
622 3850 855 3905 communionem
884 3857 946 3906 acta

129 3946 259 4017 legitima
270 3943 449 4017 poenitentia.

167 4041 252 4095 LXlV.
264 4040 293 4094 Si
304 4039 385 4109 cujus
393 4036 486 4092 clerici
500 4053 569 4091 uxor
581 4037 668 4092 fuerit
680 4038 829 4103 moechata,
841 4044 870 4094 et
879 4038 948 4093 sciat

133 4151 196 4187 eam
209 4132 328 4186 maritus
342 4146 409 4184 suus
422 4130 569 4197 maechari,
585 4135 613 4184 et
626 4147 690 4186 eam
702 4148 759 4185 non
775 4132 872 4187 statim
885 4150 947 4205 pro·

129 4226 240 4299 jecerit,
253 4241 306 4279 nec
320 4224 348 4278 in
361 4224 448 4279 finem
468 4223 586 4295 accipiat
599 4225 846 4297 communionem,
863 4244 898 4283 ne
913 4228 948 4282 ab

135 4322 178 4376 his
191 4319 240 4392 qui
259 4319 423 4390 exemplum
438 4318 521 4374 bonae
534 4319 757 4376 conversationis
769 4337 830 4376 csse
843 4321 949 4377 debent

134 4416 284 4471 videantur
296 4413 460 4485 magisteria
474 4413 613 4470 scelerum
627 4416 789 4487 procedere.

171 4512 243 4566 LXV.
267 4508 295 4565 Si
318 4508 381 4579 quis
398 4507 560 4579 privignam
584 4526 664 4563 suam
684 4510 797 4566 duxerit
820 4528 949 4584 uxorem,

137 4626 171 4663 co
184 4605 262 4678 quod
276 4604 313 4657 sit
325 4603 459 4670 incestus,
474 4603 584 4675 placuit
596 4620 648 4659 nec
665 4604 695 4659 in
718 4605 806 4661 tinem
828 4606 953 4662 dandam

137 4718 197 4756 esse
212 4697 456 4754 communionem.

174 4794 260 4848 LXt'l.
275 4789 486 4847 Prohibendam
505 4810 542 4848 ne
565 4810 620 4866 qua
638 4794 730 4850 fidelis
754 4796 798 4851 vel
820 4797 953 4852 catechu-

139 4905 234 4951 mena,
249 4890 297 4941 aut
309 4886 441 4954 comicos,
456 4891 505 4942 ant
518 4887 594 4942 viros
607 4889 732 4944 scenicos
745 4886 858 4959 haheat,
875 4908 953 4963 quae-

139 4999 252 5055 cunque
266 4981 320 5036 hoc
333 4981 433 5036 fecerit
444 4998 461 5035 a
472 4983 673 5038 communione
688 4988 828 5040 arceatur.

175 5077 271 5133 LXl'll.
281 5076 489 5130 (atechumena
499 5076 521 5130 si
531 5093 583 5147 per
595 5076 768 5132 adulterium
782 5080 953 5152 conceperit,

140 5178 168 5232 et
180 5175 345 5242 conceptum
363 5171 516 5237 necaverit,
531 5171 635 5241 placuit
654 5188 718 5227 eam
742 5172 773 5226 in
795 5173 851 5230 fine
864 5174 955 5247 bapti-

141 5269 207 5325 rari.

177 5361 286 5418 LXt'lll.
300 5359 329 5415 Si
341 5357 404 5432 quis
417 5360 490 5415 sorte
505 5358 614 5415 habens
630 5376 749 5416 uxorum
768 5364 856 5417 semel
870 5364 957 5421 luerit

138 5461 245 5531 lapsus,
255 5456 361 5526 placuit
373 5452 737 5526 euurquinquennioagere
746 5455 852 5513 debere
865 5461 955 5530 pretti-

141 5553 272 5618 tcutiam,
288 5553 315 5604 et
332 5547 370 5602 sic
385 5547 569 5612 reconciliari,
581 5548 634 5603 nisi
648 5548 821 5609 necessitatis
833 5555 958 5624 coegerit

141 5652 206 5701 ante
220 5650 332 5716 tempus
345 5642 414 5697 dare
428 5642 676 5715 communionem3
689 5645 741 5699 linc
754 5649 782 5702 et
789 5646 864 5703 circa
877 5648 958 5703 lerni-

142 5754 192 5795 nns
207 5736 425 5794 obsecrandam.

989 1874 1160 1928 delationem
1173 1873 1233 1943 ejus
1248 1872 1349 1943 aliquis
1362 1871 1450 1925 tuerit
1463 1870 1650 1941 proscriptus,

988 1968 1089 2035 lectus,
1105 1967 1212 2039 placuit
1232 1983 1297 2020 eum
1316 1965 1409 2019 necin
1425 1966 1513 2018 tinem
1530 1964 1652 2034 accipere

988 2063 1116 2117 niobem.
1131 2060 1159 2116 Si
1177 2061 1266 2116 levior
1278 2076 1362 2114 cansa
1377 2059 1472 2125 inerit,
1489 2058 1562 2112 intra
1577 2057 1652 2128 quin

990 2158 1117 2227 accipere
1140 2155 1245 2226 poterit
1268 2138 1512 2207 communionem.
1537 2152 1565 2207 Si
1588 2154 1652 2206 cate

988 2251 1084 2319 luerit,
1109 2255 1172 2321 post
1195 2246 1384 2319 quinquennii
1413 2251 1545 2316 tempora
1573 2245 1651 2300 admi

989 2345 1173 2416 baptismum.

1026 2440 1130 2493 LXXlll.
1147 2439 1244 2492 Falsus
1257 2436 1336 2492 testis
1352 2441 1438 2507 prout
1455 2434 1563 2490 crimen
1578 2438 1630 2504 est,
1646 2451 1652 2487 ε

990 2534 1120 2588 silanion
1135 2550 1192 2587 non
1204 2533 1290 2586 luerit
1306 2531 1406 2585 mortis
1427 2530 1502 2600 quod
1520 2528 1633 2599 objecit,
1648 2549 1652 2578 ι

990 2627 1180 2699 bareritquod
1189 2627 1236 2680 diu
1248 2625 1373 2689 tacuerit,
1384 2624 1490 2678 biennii
1503 2629 1632 2693 tempore
1644 2639 1652 2676 ι

991 2723 1020 2778 Si
1043 2727 1139 2776 autem
1162 2737 1219 2775 uon
1242 2720 1405 2791 probaverit
1421 2719 1447 2771 in
1464 2721 1605 2771 conventu
1625 2716 1650 2771 cl

990 2815 1095 2888 placuit
1111 2832 1163 2886 per
1175 2813 1403 2886 quinquennium
1419 2811 1565 2865 abstineri.

1027 2911 1135 2965 LXXIV.
1156 2910 1185 2964 Si
1206 2908 1268 2979 quis
1290 2911 1384 2961 autem
1408 2907 1582 2976 episcopum,
1599 2922 1650 2976 pre

992 3007 1036 3060 vel
1049 3004 1195 3059 diaconem
1208 3002 1285 3056 lalsis
1299 3001 1464 3055 criminibus
1479 2999 1652 3070 appetierit„

992 3112 1050 3150 non
1068 3093 1203 3165 potuerit,
1216 3092 1309 3146 necin
1322 3093 1377 3144 tine
1392 3089 1518 3143 dandam
1532 3088 1557 3142 ei
1566 3105 1651 3144 essee

994 3206 1070 3244 nem.

1029 3284 1123 3337 LXXV.
1140 3282 1169 3337 Si
1182 3279 1246 3353 quis
1259 3278 1412 3336 diaconum
1434 3296 1463 3335 se
1488 3277 1651 3350 permiserit

994 3383 1022 3433 et
1033 3382 1131 3448 postea
1153 3376 1239 3431 fuerit
1261 3377 1291 3430 in
1315 3376 1433 3431 crimine
1456 3374 1586 3429 detectus
1609 3389 1652 3428 mr

993 3472 1148 3543 aliquando
1170 3471 1357 3535 commiserit,
1382 3470 1404 3523 si
1430 3473 1527 3540 sponte
1552 3467 1640 3523 luerit

994 3567 1101 3639 placuit
1111 3583 1177 3620 eum
1190 3570 1251 3620 acta
1264 3565 1391 3636 legitima
1402 3563 1571 3634 paenitentia
1581 3565 1648 3635 post

995 3661 1122 3733 accipere
1131 3660 1373 3715 communionem.
1383 3659 1462 3723 Quod
1474 3657 1497 3711 si
1509 3658 1581 3711 alius
1592 3657 1652 3712 dete

996 3755 1224 3827 quinquennium
1240 3758 1301 3809 acta
1312 3753 1479 3825 poenitentia
1493 3753 1622 3823 accipere
1637 3768 1651 3805 c

995 3867 1063 3904 nem
1076 3848 1179 3905 laicam
1195 3849 1309 3904 debere.

1031 3945 1138 3998 LXXVl.
1153 3945 1180 4000 Si
1196 3945 1259 4015 quis
1279 3943 1415 3998 diaconus
1430 3958 1534 4013 regens
1549 3940 1652 4013 plehen

997 4054 1081 4110 scopo
1094 4038 1138 4093 rel
1150 4038 1314 4110 presbytero
1333 4038 1442 4108 aliquos
1455 4035 1651 4107 baptizaverit,

998 4133 1340 4205 cosperbeuedictionem
1349 4133 1486 4204 perticere
1499 4130 1651 4202 debebit5q

998 4228 1032 4283 de
1047 4228 1148 4282 saeculo
1162 4227 1321 4298 recesserit,
1336 4227 1387 4282 sub
1409 4225 1466 4280 side
1488 4242 1545 4297 qua
1564 4223 1629 4297 quis
1648 4244 1652 4275 ι

999 4323 1102 4394 poterit
1116 4339 1176 4378 esse
1189 4323 1293 4393 justus.

1033 4417 1153 4473 LXXVll.
1175 4417 1204 4472 Si
1224 4416 1286 4488 quis
1307 4415 1397 4470 fidelis
1420 4414 1529 4469 habens
1544 4429 1652 4469 uxoren

961 4512 1063 4603 Ddoea
1075 4512 1118 4565 vel
1134 4510 1233 4583 gentili
1244 4511 1332 4566 luerit
1346 4510 1510 4579 moechatus,
1525 4527 1541 4563 a
1555 4525 1652 4564 comm*

1002 4611 1108 4661 ceatur.
1127 4606 1209 4669 Quod
1224 4605 1246 4660 si
1260 4605 1331 4660 alius
1344 4621 1410 4661 eum
1425 4603 1570 4673 detexerit,
1585 4608 1648 4675 post

1003 4699 1083 4755 nium
1102 4704 1164 4754 acta
1183 4700 1312 4772 legitima
1337 4699 1506 4772 poenitentia
1533 4696 1638 4768 poterit

1003 4795 1104 4851 sociari
1119 4796 1327 4851 communioni.

1040 4892 1171 4946 LXXVlll.
1186 4892 1213 4946 Si
1229 4890 1292 4962 quis
1303 4888 1404 4958 fidelis,
1417 4887 1490 4955 alea,
1502 4887 1585 4944 idest
1598 4887 1652 4944 tabi

1004 4985 1109 5056 placuit
1122 5002 1188 5041 eum
1208 4985 1361 5054 abstinere,
1378 4989 1405 5039 et
1428 4984 1452 5038 si
1472 4982 1644 5039 emendatus

1005 5085 1069 5152 post
1080 5097 1188 5135 annum
1203 5079 1309 5152 poterit
1328 5077 1531 5134 communione
1544 5077 1652 5133 reconci

1041 5175 1147 5233 LXXIX.
1164 5175 1379 5230 Prohibendam
1399 5176 1431 5228 ut
1453 5172 1556 5239 liberti,
1571 5189 1652 5245 quorr

1006 5270 1036 5325 in
1049 5271 1152 5326 saeculo
1164 5270 1280 5339 luerint,
1292 5270 1329 5324 ad
1343 5270 1452 5324 elerum
1465 5284 1523 5322 non
1534 5268 1652 5339 provehe

1042 5367 1135 5420 LXXX.
1149 5365 1188 5419 Ne
1202 5364 1318 5419 feminae
1340 5380 1390 5418 suo
1406 5362 1510 5434 potius,
1523 5361 1632 5433 absque

1006 5460 1182 5531 nominibus,
1196 5459 1273 5513 laicis
1286 5458 1409 5514 scribere
1434 5457 1559 5512 audeaut
1571 5456 1652 5526 quiti

1007 5555 1050 5609 rel
1064 5555 1170 5609 litteras
1182 5554 1301 5624 alicujus
1314 5552 1443 5623 pacificas
1455 5550 1490 5605 ad
1503 5568 1586 5605 suurn
1611 5550 1650 5605 sol

1009 5649 1125 5720 scriptas
1138 5649 1287 5720 accipiant.

1169 5743 1286 5815 Explicit
1296 5739 1447 5796 concilium
1465 5739 1652 5795 Llihcrtinum
