3870 6150
578 268 813 329 nmaaranutt
830 270 1026 329 comnena.
1313 262 1317 269 ¹
1603 278 1655 335 att

103 381 153 433 cat
162 376 417 449 Nicanaayaodus
429 378 484 434 hoc
499 379 611 451 pietatis
624 396 787 438 sacramen·
796 393 828 468 Α
837 380 939 437 Ponho
953 380 1062 447 Pilatio,
1080 381 1309 452 sepultus,tertis
1319 383 1367 440 die
1375 384 1541 441 resurrexit.
1550 387 1655 442 Amen·

103 471 201 543 ¹rosuil,
228 471 301 528 sicat
325 472 640 546 constantinopolitana
662 475 788 532 definitio
838 475 880 530 dit
888 474 919 530 ln
934 473 1029 541 cmlos,
1045 474 1125 530 sedet
1136 476 1174 530 ad
1188 475 1335 533 dexteram
1348 479 1447 546 Patris,
1468 478 1574 535 iterum
1587 497 1655 537 ren·

103 564 134 621 'el
147 564 232 637 primi
241 551 374 637 Ephesini
384 571 472 622 cratus
481 572 565 639 atque
575 569 787 625 Chalcedonen·
838 571 919 623 turus
940 568 972 623 in
996 567 1086 640 moria
1103 568 1233 639 iudicare
1253 571 1332 626 viros
1354 577 1383 626 et
1407 579 1548 629 mortuos.
1570 574 1657 646 Cujus

103 674 140 715 ns
150 659 280 715 doctrina
289 659 534 731 constituit,juxta
552 663 628 734 quod
646 663 733 719 etiam
743 680 787 718 sa·
838 661 923 734 regni
937 677 997 717 non
1011 661 1067 717 erit
1079 661 1155 717 linis.
1168 663 1316 720 Credimus
1332 665 1362 720 in
1372 665 1510 736 Spiritum
1525 671 1656 724 sanctum

103 753 244 827 ispmboli
253 754 418 811 elucubrata
428 755 565 826 professio
575 756 746 829 claret,quoe
757 757 788 813 iu
838 756 994 813 Dominum
1005 760 1035 812 et
1049 755 1262 823 vivificatorem,
1278 774 1314 813 ex
1334 759 1415 815 Patre
1429 763 1458 814 et
1472 761 1541 815 Filio
1555 777 1656 832 proce·

103 847 790 920 nsolemnitatibuspetulecunctorumacclama-
839 850 1355 918 dentem,cumPatreadoraudumet
1368 852 1657 928 glorificandum,qui

103 941 160 997 mm
175 958 252 996 voce.
441 962 447 975 ·
837 946 950 1001 locutus
962 947 1005 1001 cst
1018 960 1070 1016 per
1086 943 1248 1016 prophetas.
1275 946 1362 1000 Unam
1383 946 1554 1005 catholicam
1571 955 1657 1022 atque

221 1037 299 1091 Fides
309 1038 336 1091 N
336 1038 414 1091 icant
423 1039 541 1093 conatii.
838 1038 1023 1111 apostolicam
1035 1038 1198 1093 Ecclesiam.
1209 1037 1354 1094 Confiteor
1369 1056 1458 1096 unum
1472 1041 1614 1114 baptisma
1626 1045 1657 1099 ia

103 1130 201 1185 ausin
217 1131 409 1185 unumlleum
428 1133 541 1186 Patrem
560 1132 789 1203 omnipotentem
838 1133 1039 1189 remissionem
1050 1137 1250 1203 peccatorum
1265 1137 1462 1205 exspectamus
1476 1137 1658 1193 resurrectio·

103 1223 187 1279 rcoeli
198 1227 328 1290 etiarm,
345 1224 497 1280 visibilium
507 1225 637 1280 omnium
651 1231 680 1281 et
692 1226 788 1281 iuvisi·
838 1244 907 1282 neni
920 1229 1111 1290 mortuorum,
1127 1229 1155 1280 at
1168 1225 1255 1281 vitam
1278 1227 1390 1282 venturi
1406 1230 1511 1284 seculi.
1526 1233 1628 1286 Amen.

103 1317 294 1385 rondItorcm3
319 1322 347 1373 ct
369 1318 399 1373 in
423 1335 512 1373 uuum
526 1319 678 1374 homiuum
692 1321 789 1375 tasum
873 1322 940 1376 Post
957 1319 1043 1393 hujus
1070 1323 1176 1376 sanctae
1203 1319 1271 1375 fidei
1290 1321 1458 1392 dispositam
1475 1324 1655 1394 scripturam,

103 1427 118 1467 a
140 1411 243 1467 Filium
259 1412 308 1465 Dei
323 1411 516 1483 unigenitum,
540 1429 576 1467 ex
590 1414 671 1468 Patre
688 1418 789 1470 natum
838 1414 1012 1487 quasisuper
1023 1413 1226 1469 solidissimam
1236 1417 1349 1486 petram
1356 1419 1530 1472 caeterorum
1539 1433 1659 1490 sequen·

103 1504 266 1574 aiasaecula,
282 1506 370 1561 ileum
384 1522 419 1561 ex
433 1508 502 1575 Deo,
517 1507 609 1562 lucem
620 1523 655 1563 cx
667 1507 787 1577 lumine,
839 1510 910 1566 tium
922 1508 1133 1564 construximus
1151 1508 1302 1579 fabricam,
1317 1512 1348 1563 ut
1360 1508 1497 1566 firmitate
1510 1511 1656 1567 inconvul-

103 1614 188 1654 erum
214 1616 246 1653 cr
272 1600 329 1653 Deo
352 1615 430 1668 vero,
455 1604 567 1669 natam,
591 1617 648 1656 non
670 1601 787 1670 iactum,
838 1603 911 1657 sibili
932 1603 1048 1671 durent,
1067 1619 1132 1674 quta¹
1151 1618 1238 1673 super
1256 1603 1477 1659 fundamentum
1496 1620 1572 1661 verae
1590 1606 1659 1661 fidei

103 1709 123 1747 n
143 1692 228 1761 Petri,
250 1692 305 1749 hoc
328 1696 371 1747 est
393 1693 522 1764 ejusdem
538 1711 604 1748 cum
623 1696 706 1750 Patre
720 1695 787 1749 aub-
838 1695 947 1750 luerint
960 1710 1086 1767 perenne
1101 1697 1270 1750 constructa.
1286 1696 1364 1751 Unde
1375 1702 1405 1752 et
1415 1696 1468 1753 bas
1481 1699 1614 1753 omnium
1627 1699 1657 1753 iu

106 1802 159 1858 per
171 1803 257 1859 quem
268 1788 364 1842 omnia
378 1789 451 1842 lacta
466 1791 541 1857 sunt,
553 1805 617 1860 qum
633 1788 663 1843 in
678 1787 748 1844 coelo
760 1769 827 1844 etB
838 1805 991 1846 commune
1017 1789 1173 1844 sententias
1196 1805 1268 1860 quas
1291 1789 1428 1861 principis
1453 1790 1569 1846 hortatu
1592 1808 1659 1846 con-

103 1895 186 1947 erra3
211 1880 260 1952 qui
280 1885 396 1952 propter
417 1897 469 1935 uos
488 1886 517 1936 ct
538 1886 653 1953 propter
665 1887 792 1938 nostram
841 1883 990 1938 struendas
1002 1882 1163 1953 accepimus
1178 1882 1326 1937 communi
1344 1885 1409 1939 roto
1423 1883 1576 1952 edidimus,
1589 1900 1659 1958 quae

106 1972 264 2041 descendit,
280 1980 308 2030 et
322 1975 485 2029 incarnatus
498 1977 541 2029 est
551 1975 586 2030 dc
602 1975 708 2047 Spiritu
724 1992 789 2030 san·
840 1976 927 2031 etiarn
954 1979 1062 2032 aeterno
1080 1976 1248 2031 reverentia
1263 1975 1361 2048 rigore
1382 1977 1571 2033 observandas
1599 1978 1659 2033 iore

103 2067 184 2125 llaria
201 2068 310 2140 virgine
323 2085 330 2133 ;
345 2069 431 2124 homo
452 2068 554 2139 factus,
569 2085 668 2140 passus
682 2071 726 2124 est
739 2069 791 2123 sub
842 2085 1002 2128 censemus.

167 2365 373 2457 INCIPIT
419 2366 727 2460 CONCILIUM
772 2367 1178 2461 BRACGARENSE
1226 2369 1468 2463 PRIMUM.

327 2547 413 2612 AEra
428 2566 535 2623 nasu,
552 2567 639 2612 canu
654 2550 748 2611 tertio
763 2547 929 2613 Ariamr‘ri
940 2547 1039 2629 repis,
1054 2547 1212 2612 Kalendis
1225 2548 1319 2611 Maii.

118 2716 203 2772 tertio
224 2719 357 2774 Ariamiri
385 2721 461 2791 regis
483 2721 615 2776 Kalendis
636 2720 711 2790 blaii,
728 2737 794 2776 cum
844 2721 944 2775 Romae
958 2719 1022 2788 Leo,
1038 2719 1089 2793 qui
1107 2719 1344 2792 quadragesimus
1367 2719 1427 2774 lere
1448 2717 1567 2790 apostoli
1586 2715 1662 2772 Petri

129 2812 282 2884 provincias
313 2813 438 2885 episcopi
469 2814 624 2882 Lucretius,
655 2815 792 2885 Andreas,
843 2829 988 2869 successor
1001 2813 1119 2881 exstitit,
1133 2830 1185 2885 per
1197 2813 1336 2884 TurpIum
1349 2812 1494 2868 noterium
1506 2811 1582 2866 sedis
1602 2826 1663 2864 suas
1736 2839 1741 2846 ·

103 2922 122 2973 s,
137 2906 242 2971 coitus,
266 2906 432 2977 hildericus,
454 2907 595 2977 Lucetius,
617 2909 791 2977 Timotheus,
843 2907 881 2962 ad
889 2908 1032 2978 synodum
1043 2907 1168 2963 Gallicies
1176 2913 1274 2963 contra
1282 2907 1404 2979 impiam
1416 2904 1599 2962 Priscilliauae
1608 2904 1665 2959 hae·

103 3003 150 3054 ret
162 2999 310 3071 praecptis
323 3001 435 3071 praelati
452 3001 647 3073 gloriosissimi
661 3002 793 3057 ariamiri
843 3001 913 3057 rests
934 3005 1040 3056 sectam
1055 3000 1161 3072 scripta
1180 3017 1232 3056 sua
1253 3000 1365 3056 direxit.
1387 3000 1473 3071 Cujus
1486 2999 1573 3055 etiam
1588 3013 1661 3070 pree·

103 3112 107 3146 ι
124 3093 344 3164 metropolitana
361 3095 491 3165 ejusdcm
509 3095 665 3167 provinciae
676 3096 794 3152 ccclesIa
804 3122 832 3198 C
843 3099 926 3165 cepta
951 3096 1175 3150 Tarraconenses
1200 3099 1231 3149 ct
1253 3094 1493 3165 Carthaginenses
1520 3092 1662 3165 episcopi,

103 3191 184 3253 ssent,
210 3186 423 3242 considentibus
445 3188 530 3243 simul
550 3189 698 3261 episcopis,
721 3206 793 3262 prae·
845 3188 971 3244 Lusitani
986 3204 1100 3260 quoquc
1115 3191 1145 3243 ct
1157 3188 1256 3259 betici,
1272 3186 1611 3253 lactoInterseconcilio,
1622 3202 1665 3241 ra·

103 3296 161 3352 que
184 3280 372 3352 presbyteris,
399 3282 612 3355 astantibusque
637 3267 793 3354 ministris,
845 3282 943 3352 gulam
958 3281 1024 3337 tidei
1037 3282 1357 3338 contraPriscillianam
1375 3282 1510 3337 haeresim
1531 3297 1598 3336 cum
1612 3280 1663 3335 uli-

103 3389 169 3428 'erso
183 3375 269 3443 clero,
283 3375 427 3430 lsucretIus
440 3382 610 3432 memoratae
627 3377 794 3450 metropoli·
845 3375 949 3447 quibus
969 3375 1101 3447 capitulis
1121 3375 1342 3444 conscribentes,
1363 3376 1399 3430 ad
1415 3373 1580 3430 Baleariium
1596 3378 1665 3429 tunc

103 3467 202 3522 clasiae
224 3468 370 3540 episcopus
383 3470 476 3524 dixit:
492 3471 543 3524 iliu
557 3476 608 3540 est,
625 3471 796 3527 sanctissimi
845 3468 932 3539 hujus
951 3468 1143 3523 braccarensis
1167 3469 1292 3524 ecclesiae
1314 3469 1467 3541 presulem
1481 3466 1664 3536 direxerunt;

111 3560 189 3633 quod
208 3561 368 3616 secundum
388 3563 515 3618 instituto
532 3563 737 3622 venerabilium
748 3581 794 3619 ca·
845 3562 922 3618 unde
936 3565 964 3616 et
977 3562 1045 3634 quia
1058 3562 1155 3634 ipsum
1167 3563 1342 3634 praescriptus
1357 3561 1425 3617 fidei
1439 3561 1585 3632 exemplar
1598 3576 1665 3615 cum

103 3658 131 3709 et
143 3655 259 3710 decreta
267 3656 413 3711 catholicae
425 3660 454 3710 et
464 3657 626 3728 apostolicae
639 3658 796 3730 disciplinae
846 3655 904 3711 suis
916 3655 1047 3727 capitulis
1060 3672 1119 3727 prae
1131 3657 1265 3711 manibus
1278 3656 1325 3710 hic
1333 3655 1483 3723 habemus,
1497 3671 1550 3727 pro
1562 3654 1667 3710 instru-

103 3746 213 3803 rbamus
234 3749 435 3804 sacerdotalem
459 3750 535 3805 inter
552 3768 604 3805 nos
616 3751 678 3806 lieri
692 3751 796 3807 dehere
847 3748 941 3806 ctione
954 3748 1152 3820 ignorantium
1163 3750 1196 3821 (si
1211 3753 1309 3805 vestran
1322 3749 1416 3821 placet
1427 3734 1603 3818 reverentiae)
1618 3763 1665 3803 re-

103 3858 162 3911 um,
178 3843 245 3915 quia
259 3860 316 3897 non
337 3845 428 3899 solum
442 3844 636 3900 ecclesiasticis
650 3845 757 3916 regulis
769 3851 798 3902 et
847 3843 960 3898 citetur.
975 3842 1083 3898 Omnes
1096 3844 1221 3915 episcopi
1235 3844 1388 3899 fflrerunt:
1404 3842 1489 3898 Valde
1504 3841 1667 3897 necessaria

103 3952 129 3992 as
141 3941 346 4009 opportunam,
364 3937 412 3993 sed
426 3938 555 3994 stabilem
576 3938 664 3994 ctiam
686 3956 798 4012 semper
847 3936 952 3991 horum
965 3936 1155 4009 capitulorum
1169 3942 1212 3992 est
1223 3937 1360 4005 lectio,ut
1371 3936 1441 3991 dum
1450 3933 1667 4007 simplicioribus

103 4029 224 4085 cantatis
238 4031 372 4085 fraternas
385 4032 579 4102 concordiem,
596 4033 665 4088 dum
677 4049 797 4106 congre·
848 4029 1008 4102 quibusque
1023 4030 1143 4101 pristina
1157 4032 1321 4086 sanctorum
1342 4030 1472 4085 instituta
1487 4027 1665 4101 panduntur,

103 4124 137 4179 ml
151 4123 183 4178 in
197 4124 313 4178 nomine
329 4125 442 4180 Domini
455 4126 618 4182 sacerdotes
635 4143 670 4182 ca
683 4127 757 4183 inter
769 4145 799 4183 se
848 4123 1015 4180 abominata
1023 4123 1085 4195 jam
1096 4124 1267 4180 olimasede
1275 4123 1432 4179 beatissimi
1444 4123 1520 4178 Petri
1534 4120 1666 4194 apostoli,

122 4216 272 4274 collatione
297 4219 457 4290 requirunt,
482 4236 547 4292 quas
572 4221 730 4276 secundum
749 4222 797 4276 do·
849 4221 879 4272 et
899 4217 1037 4273 damnata
1059 4217 1243 4273 Priscillianus
1263 4217 1381 4274 haeresis
1402 4217 1542 4290 figmenta
1562 4231 1666 4288 cogno-

107 4310 800 4386 apostoticamnniatemspiritustnvineutopacis
848 4316 974 4367 mantas.
995 4311 1114 4367 Lectum
1140 4317 1183 4367 est
1208 4312 1353 4385 exemplar
1365 4311 1442 4380 lidci,
1458 4327 1524 4367 cum
1538 4309 1669 4382 capitulis

103 4410 142 4461 nt.
153 4405 233 4460 Nunc
242 4422 321 4477 ergo,
333 4407 470 4478 quoniam
483 4410 613 4478 optatum
621 4407 702 4463 nobis
715 4407 800 4479 hujus
849 4404 917 4473 suis,
934 4421 998 4476 quac
1019 4421 1054 4462 nc
1078 4406 1269 4478 prolixitatem
1287 4408 1413 4462 iacerent
1437 4405 1482 4460 his
1505 4404 1591 4476 gestis
1613 4402 1667 4458 mi·

103 4499 214 4568 rahonis
234 4500 311 4554 diem
332 4499 548 4571 gloriosissImus
560 4505 645 4573 atque
658 4493 840 4573 piissimusD
850 4499 928 4554 sume
942 4502 1009 4554 sunt
1020 4498 1138 4556 inserte.
1152 4501 1218 4555 Post
1228 4500 1381 4555 lectionem
1396 4498 1588 4570 capitulorum
1602 4496 1670 4552 licet

103 4597 166 4649 ater
177 4594 320 4666 aspirante
334 4593 387 4648 sibi
401 4594 521 4649 Domino
534 4594 644 4650 utiliter
655 4612 800 4651 commen·
850 4592 935 4648 lectio
954 4592 1115 4649 necessaria
1129 4593 1270 4649 recensita
1283 4598 1335 4660 est,
1350 4597 1448 4648 tamen
1465 4588 1626 4646 evidentius
1640 4591 1671 4644 et

104 4686 165 4743 rius
184 4688 218 4743 de
237 4692 310 4742 statu
320 4688 389 4743 tidei
400 4688 482 4757 {sicut
491 4689 621 4761 superius
630 4689 739 4745 dictum
751 4690 800 4761 est)
851 4685 1007 4757 simplicius
1020 4702 1051 4741 ea
1068 4703 1133 4758 quae
1144 4691 1212 4742 sunt
1220 4685 1407 4742 exsecrabilia
1419 4685 1461 4740 ita
1474 4683 1572 4757 positis
1582 4683 1669 4740 etiam

103 4797 174 4836 mus.
190 4781 270 4848 aaa,
286 4782 353 4837 licet
361 4783 422 4853 jam
436 4781 505 4837 olim
519 4782 700 4837 Priscillianus
710 4784 800 4839 heere·
851 4779 980 4851 capitulis
990 4779 1077 4835 modo
1091 4779 1292 4835 declarentur:
1306 4784 1338 4834 ut
1351 4779 1400 4850 qui
1414 4779 1510 4834 mInus
1520 4782 1564 4834 est
1576 4778 1670 4833 erudi·

103 4874 172 4948 agio
184 4874 214 4928 in
228 4874 424 4947 Hispaniarum
439 4876 591 4948 provinciis
605 4876 714 4931 detecta
726 4877 762 4932 stt
773 4880 804 4932 et
851 4877 898 4928 tus
912 4873 1062 4946 intelligat,
1087 4877 1117 4928 et
1138 4873 1175 4928 sit
1195 4872 1386 4929 anathematis
1400 4872 1540 4929 sententia
1554 4874 1672 4943 explosa

103 4986 129 5038 a,
143 4984 180 5024 ne
193 4968 257 5040 quis
272 4975 369 5024 tamen
393 4985 444 5040 per
463 4969 667 5041 ignorantiam,
682 4973 731 5024 aut
748 4969 801 5024 ali·
849 4967 911 5039 jem
936 4965 1101 5023 priscilliani
1128 4966 1233 5023 erroris
1259 4968 1399 5039 figmenta
1424 4967 1619 5035 damnentur;
1639 4969 1672 5021 ut

106 5062 149 5135 (ut
170 5062 281 5135 assolet)
304 5062 450 5133 scripturis
473 5063 608 5134 deceptus
632 5063 803 5136 apocryphis
853 5060 982 5133 quisquis
994 5060 1123 5130 clericus,
1138 5062 1182 5116 vel
1196 5061 1363 5130 monachus,
1378 5061 1542 5128 sicelaicus,
1556 5059 1672 5117 taleali·

103 5155 193 5212 adhuc
215 5156 303 5228 ipsius
325 5157 430 5211 erroris
443 5157 602 5228 pestilentia
619 5156 655 5212 sit
667 5157 801 5226 intectus,
852 5153 1359 5226 quidscntireadhuc,veldelendere
1372 5153 1669 5226 fiteritdepreheasus,

103 5249 165 5305 tius
189 5250 298 5322 ignaris
322 5250 485 5306 hominibus
508 5251 669 5306 declaretur
681 5251 732 5323 qui
750 5251 803 5323 ipsi
852 5251 990 5321 tanquam
1003 5264 1067 5304 vere
1080 5249 1228 5320 putridum
1243 5250 1406 5305 membrum
1421 5246 1671 5304 continuodecor·

103 5343 211 5400 imitate
231 5348 258 5399 at
274 5345 303 5398 in
318 5345 422 5398 ultimis
437 5344 521 5416 hujus
534 5344 685 5416 provinciae
700 5344 804 5400 finibus
854 5358 922 5413 pore
933 5340 1114 5398 abscindatur
1127 5342 1273 5399 catholicae
1295 5343 1436 5413 Ecclesiae,
1453 5358 1490 5397 ne
1512 5344 1562 5396 aut
1580 5339 1670 5395 socie-

103 5436 133 5493 rti
144 5442 194 5492 aut
206 5439 338 5509 exiguam
349 5443 478 5510 autpene
490 5438 600 5493 nullam
610 5440 696 5492 rcctae
709 5437 803 5493 erudi·
853 5434 918 5491 tatis
933 5434 991 5491 sive
1004 5435 1150 5507 pravilatis
1167 5437 1228 5508 ejus
1246 5438 1360 5494 macula
1370 5453 1385 5492 a
1395 5439 1472 5492 recte
1492 5431 1673 5490 credentibus

103 5526 227 5583 lotitiam
254 5527 448 5599 contigerunt.
469 5527 558 5581 Credo
581 5531 678 5582 autem
703 5530 804 5582 vestras
855 5528 890 5584 dc
905 5528 1091 5600 permistione
1109 5530 1211 5585 talium
1225 5530 1334 5603 aliquid
1347 5528 1512 5585 orthodoxis
1524 5529 1673 5599 reputetur

103 5618 171 5677 linis
194 5620 399 5676 fraternitatem
422 5638 515 5688 nosse,
537 5621 604 5693 quia
625 5637 658 5676 eo
676 5625 804 5693 tempore
855 5621 1052 5694 opprobrium.
1066 5621 1533 5697 PropositacontraPriscillianam
1541 5619 1673 5677 heresim

117 5712 148 5771 in
163 5714 327 5788 regionIbus
340 5715 550 5771 nefandissimae
564 5713 745 5770 Priscillianae
758 5731 803 5770 se·
854 5715 988 5788 capitula,
1001 5721 1031 5772 et
1044 5717 1149 5774 relecta
1163 5719 1310 5774 continent
1320 5716 1382 5772 haec
1397 5733 1404 5770 ι

103 5825 178 5868 neae
208 5807 378 5884 serpebant,
408 5809 589 5865 beatissimus
620 5825 695 5883 papa
726 5807 804 5865 urbis
851 5890 854 5896 ¹
890 5811 911 5868 Ι.
920 5809 1715 5892 siquisratrcmettuaunstspmtaxaaactamaaa
