3870 6150
657 245 800 304 terrun.
821 244 865 304 su
884 245 966 303 sac.
986 247 1032 304 rx.
1044 276 1079 287 -
1099 248 1222 305 rsruoru
1240 246 1453 305 uuamroars

546 375 775 450 EPISTOLA
813 377 1098 450 ALEXANDRI
1136 379 1276 450 PAPAE
1315 376 1548 450 SECUNDA.

632 488 673 552 Ut
686 490 828 553 vitentur
841 489 1053 554 detractiones
1067 498 1099 554 ct
1112 491 1242 573 injusta
1257 490 1467 573 pulsationes.

242 604 403 659 hausura
425 601 574 675 episcopus
595 606 728 662 omnibus
751 606 845 662 divino
863 606 1019 663 sacerdotio
1069 608 1129 680 puli
1137 607 1195 664 mei
1204 610 1380 663 commutata
1390 610 1441 662 est.
1453 604 1600 671 Quomodo
1610 601 1813 659 recedetame
1823 616 1889 656 cum

206 695 393 767 iungentibus
405 712 460 767 pax
473 702 501 752 et
513 697 706 755 misericordia
715 699 930 772 multiplicetur,
941 705 1021 756 etse·
1068 706 1236 769 revertatur,
1252 701 1302 774 qui
1323 700 1454 773 regiones
1477 700 1585 754 vestras
1605 693 1746 753 devorati
1768 695 1888 766 Propter

204 788 314 862 pientia
328 791 413 861 atquo
425 789 502 846 bona
510 789 641 847 voluntas
654 794 684 849 in
697 793 830 850 omnibus
842 798 980 866 augeatur
993 798 1022 849 et
1031 789 1062 865 Α
1070 795 1148 867 quod
1161 812 1219 851 nou
1234 794 1289 850 erit
1300 793 1353 858 tihi
1365 793 1484 848 mittens
1498 789 1659 846 funiculum
1673 787 1756 844 sortis
1768 788 1801 843 in
1814 792 1889 844 ooetu

206 881 392 938 fructificetur
405 882 436 937 in
450 884 579 940 Domino.
1071 888 1198 956 bomini,
1211 905 1228 943 o
1243 888 1339 943 lsrael.
1354 886 1394 942 Ne
1405 883 1564 958 loquamini
1578 883 1740 956 loquentes.
1751 881 1816 937 Non
1830 881 1888 937 stil-

243 975 337 1031 Gratia
357 975 407 1032 bet
431 993 545 1046 sumus,
572 978 674 1034 tratres
698 980 864 1049 charissimi,
886 979 915 1035 id
942 979 1020 1051 quod
1070 979 1141 1035 labit
1153 996 1238 1053 super
1251 980 1327 1049 istos,
1343 995 1401 1034 non
1423 976 1649 1049 comprehendet
1666 973 1806 1043 confusio,
1823 973 1890 1029 dicit

205 1084 314 1124 sumus.
336 1068 443 1125 Idcirco
466 1070 547 1126 nobis
571 1072 779 1142 providendum
803 1077 845 1130 est
864 1075 893 1128 et
915 1071 1019 1144 oppido
1070 1073 1217 1141 Dominus,
1233 1072 1335 1129 Jacob:
1350 1070 1494 1143 Numquid
1513 1069 1692 1125 abbreviatus
1711 1072 1755 1123 est
1773 1067 1889 1139 spiritus

206 1161 410 1217 decertandum
419 1178 456 1218 ne
467 1163 498 1218 iu
510 1179 543 1219 ea
552 1164 632 1220 vacui
642 1165 831 1234 inveniamur,
846 1165 907 1233 sed,
918 1164 1021 1220 eadem
1071 1166 1195 1234 Domini,
1210 1170 1260 1220 aut
1281 1165 1353 1220 tales
1376 1169 1443 1219 sunt
1466 1162 1654 1235 cogitationes
1679 1159 1765 1232 ejus?
1789 1160 1889 1215 Nonne

206 1254 290 1309 nobis
304 1260 474 1327 cooperante
489 1256 588 1328 gratia,
599 1257 725 1313 fructum
734 1259 854 1314 Domino
863 1256 1021 1330 plurimum
1071 1259 1156 1314 verba
1170 1275 1234 1313 mea
1247 1258 1325 1312 bona
1338 1261 1414 1324 sunt,
1429 1272 1496 1311 cum
1515 1271 1549 1310 eo
1568 1254 1618 1326 qui
1637 1256 1716 1308 recte
1737 1251 1890 1323 gradituri

207 1350 396 1420 reportemus.
419 1349 499 1413 Quod
518 1350 602 1405 alitor
615 1350 678 1406 fieri
701 1367 759 1407 non
784 1353 886 1422 potest,
900 1348 957 1405 nisi
975 1366 1020 1405 sa·
1070 1352 1105 1406 Et
1119 1356 1244 1418 econtra,
1259 1351 1384 1422 populus
1405 1365 1487 1404 meus
1506 1348 1536 1402 in
1556 1345 1750 1402 adversarium
1770 1360 1888 1400 consur·

205 1439 345 1510 pientiam
360 1442 503 1510 sectando,
518 1443 635 1515 ejusque
649 1449 792 1517 precepta
812 1443 981 1499 lectionibus
994 1446 1023 1497 ct
1071 1444 1152 1514 rexit,
1166 1444 1290 1516 desuper
1301 1443 1429 1498 tunicam
1443 1440 1563 1513 pallium
1576 1439 1726 1496 sustulistis
1736 1442 1765 1494 ει
1778 1454 1828 1493 eos
1840 1436 1890 1510 qui

205 1532 321 1604 hymnis
339 1534 523 1604 meditando,
543 1539 628 1608 atque
656 1553 689 1592 eo
713 1536 937 1592 adminiculante
966 1535 1020 1590 im·
1072 1536 1231 1593 transibant
1244 1535 1420 1608 simpliciter,
1436 1532 1614 1590 convertistis
1632 1532 1668 1587 ad
1688 1531 1811 1587 bellum.
1824 1553 1839 1581 »
1857 1532 1891 1586 ut

203 1625 319 1698 plaudo,
343 1627 461 1695 orando,
475 1627 626 1699 vigilando,
648 1634 678 1684 ει
697 1629 873 1685 voluntatem
897 1629 958 1700 ejus
980 1627 1021 1700 (in
1072 1635 1207 1686 econtra:
1223 1628 1562 1701 Nehisquiaccusautur
1580 1625 1624 1681 vel
1643 1623 1821 1680 tribulantur
1839 1639 1890 1695 per

206 1723 343 1792 qrautum
349 1711 418 1792 'pse
435 1721 553 1792 largitus
565 1722 673 1794 fuerit),
687 1722 825 1794 perticere
847 1721 1018 1777 studeamus.
1070 1725 1184 1780 Nahum
1193 1724 1363 1795 prophetam
1373 1721 1539 1777 confortans
1551 1735 1601 1774 eos
1610 1717 1650 1773 sic
1659 1716 1787 1790 loquitur
1796 1717 1890 1773 Domi·

204 1811 262 1868 Nec
281 1813 413 1869 eamdem
434 1814 638 1886 negligendam
653 1815 777 1887 gratiam
792 1815 873 1871 nobis
886 1815 1022 1869 Dominus
1071 1835 1135 1888 nus,
1149 1817 1246 1873 dicens
1261 1833 1267 1872 :
1285 1839 1298 1867 α
1313 1817 1348 1871 Et
1360 1815 1524 1872 confortans
1538 1811 1569 1868 iu
1583 1811 1630 1867 die
1645 1808 1852 1880 tribulationis,
1862 1813 1891 1866 et

205 1905 293 1974 dedit,
304 1906 353 1961 sed
363 1905 485 1963 fideliter
494 1909 684 1965 exercendam
695 1909 806 1965 tribuit.
817 1908 933 1965 Dilectio
943 1907 1021 1964 enim
1072 1911 1161 1966 sciens
1168 1914 1315 1984 sperantes
1324 1909 1354 1964 in
1365 1926 1406 1965 se.
1417 1910 1452 1964 ut
1461 1908 1494 1963 in
1503 1906 1609 1963 diluvio
1619 1908 1815 1978 pretereunte
1824 1920 1890 1961 sou·

204 1998 265 2055 sine
285 1999 468 2057 simulatione
487 2001 519 2057 in
540 2003 622 2057 nobis
640 2019 711 2073 esse,
726 2004 754 2058 ει
767 2018 906 2075 apparere
924 2001 1019 2069 debet,
1071 2002 1290 2059 summationem
1299 2001 1383 2058 faciet
1392 2001 1445 2056 loci
1454 2000 1526 2072 eJ‘us,
1537 2002 1566 2055 ει
1576 1999 1707 2055 inimicos
1717 1998 1782 2069 ejus
1791 2013 1887 2071 perse·

202 2091 273 2164 quia
284 2092 379 2148 omnis
392 2093 442 2165 qui
453 2093 515 2150 odit
526 2093 644 2151 tratrem
656 2112 740 2151 suum
751 2094 892 2151 homicida
906 2093 1021 2158 εει.οιιί
1071 2098 1196 2170 quantur
1208 2095 1346 2151 tenebra.
1359 2093 1433 2159 Quid
1446 2092 1575 2166 cogitatis
1595 2094 1695 2147 contra
1709 2090 1888 2147 Dominum?

203 2201 270 2242 vero
283 2184 376 2256 diligit
388 2202 464 2254 eum,
474 2186 508 2242 in
519 2187 576 2243 Deo
588 2193 696 2257 manet,
711 2189 827 2244 etheus
841 2189 871 2243 in
885 2204 929 2256 eo,
942 2186 1020 2242 unde
1030 2153 1059 2226 Β
1070 2189 1324 2248 confirmationem
1344 2188 1406 2259 ipse
1428 2187 1522 2243 saciet.
1539 2187 1600 2241 Non
1619 2189 1773 2258 consurget
1787 2183 1888 2257 duplex

204 2283 233 2336 et
243 2279 392 2350 Apostolus
405 2279 462 2334 ait:
477 2300 491 2330 ιι
503 2279 594 2337 Nolite
603 2281 746 2352 judicare,
757 2280 871 2349 tratres,
884 2279 1015 2350 invicem,
1069 2281 1225 2350 tribulatio,
1241 2281 1308 2354 quia
1323 2280 1394 2336 sicut
1407 2279 1496 2352 spinae
1511 2295 1540 2336 se
1555 2278 1678 2335 invicem
1691 2276 1886 2348 complectun-

205 2371 253 2428 sed
263 2369 451 2442 hoojudicate
462 2372 566 2444 magis,
577 2387 614 2428 ne
625 2373 739 2445 ponatis
752 2372 955 2430 offendiculum
967 2373 1022 2428 ira-
1070 2378 1127 2443 tur,
1142 2374 1182 2430 sic
1196 2374 1356 2430 convivium
1369 2389 1469 2429 eorum
1479 2371 1588 2444 pariter
1600 2370 1777 2444 potantium,
1787 2385 1886 2426 consu·

203 2464 292 2521 trive}
302 2464 485 2536 scandatum
500 2486 514 2517 a
526 2471 554 2523 et
567 2465 704 2523 Dominus
716 2465 810 2539 inquit
826 2483 833 2522 :
848 2487 863 2518 «
876 2465 958 2531 Quod
967 2464 1021 2521 tibi
1071 2470 1189 2522 mentur
1200 2466 1279 2539 quasi
1290 2466 1395 2539 stipula
1403 2464 1534 2520 ariditate
1545 2462 1641 2535 plena.
1654 2464 1694 2517 Ex
1705 2465 1735 2517 te
1746 2461 1839 2518 exibit
1848 2477 1889 2518 oo-

203 2572 262 2614 non
275 2557 318 2613 vis
331 2558 403 2627 heri,
415 2558 496 2615 alteri
508 2575 546 2615 no
560 2559 659 2629 tacias;
672 2578 686 2613 a
701 2563 729 2616 ει
744 2559 820 2615 alibi.
836 2581 849 2609 «
863 2561 894 2615 tn
908 2558 962 2614 hoc
974 2574 1020 2615 co·
1071 2561 1272 2633 gitansooutra
1279 2558 1433 2615 Dominum
1444 2557 1592 2625 malitiam,
1601 2560 1699 2612 mente
1710 2559 1888 2627 pertractans

204 2653 341 2723 gnoscent
355 2667 454 2708 omnes
466 2651 535 2724 quia
547 2652 605 2708 mei
621 2652 687 2708 estis
701 2650 841 2725 discipuli,
856 2651 879 2707 si
892 2651 1020 2708 dilectio·
1070 2653 1342 2728 praevaricationem.
1356 2653 1421 2708 Huc
1443 2651 1515 2707 dixit
1537 2649 1673 2706 Dominus
1688 2665 1695 2705 :
1715 2648 1745 2704 Si
1770 2647 1888 2722 perfecti

203 2760 271 2800 uem
280 2744 437 2800 habueritis
448 2744 484 2801 ad
493 2744 631 2814 invicem3
643 2750 673 2801 ει
685 2743 816 2802 Salomon
830 2745 871 2800 ait
885 2761 892 2801 ε
905 2765 920 2796 a
931 2744 1022 2801 Sacri·
1070 2746 1186 2816 furunt,
1199 2747 1239 2801 ita
1252 2750 1280 2802 st
1291 2747 1398 2818 plures,
1408 2743 1448 2801 sic
1460 2760 1576 2817 quoque
1585 2742 1777 2799 attondentur
1787 2746 1817 2798 et
1827 2757 1889 2814 per·

203 2836 302 2893 ficium
316 2839 438 2893 salubus
453 2842 496 2894 εει
509 2838 656 2894 attendere
670 2839 812 2895 mandatis
828 2842 858 2894 et
873 2838 1020 2894 discedere
1071 2838 1214 2896 transibit.
1227 2838 1323 2894 hltlixi
1336 2843 1365 2895 ιε
1377 2841 1407 2894 ει
1419 2854 1477 2893 nou
1489 2837 1616 2910 affligam
1629 2841 1657 2892 te
1670 2836 1755 2890 ultra.
1768 2855 1785 2887 a
1800 2834 1888 2890 Facite

203 2929 239 2985 ab
251 2928 331 2985 omni
343 2929 503 3002 iniquitate.
515 2950 530 2981 »
544 2930 663 2988 Summa
676 2931 753 2988 enim
765 2931 902 3003 iniquitas
914 2935 957 2987 est
966 2931 1023 2985 lra-
1071 2936 1123 3003 est,
1138 2932 1250 2997 tratres,
1263 2931 1351 2987 verbo
1364 2931 1463 2986 fallere
1477 2929 1637 2997 hominem,
1652 2928 1702 2984 sed
1714 2943 1774 2983 nou
1787 2928 1886 2984 Deum.

203 3025 262 3079 tres
287 3020 448 3092 detrahere,
472 3027 501 3079 et
521 3039 662 3092 seruare,
684 3023 763 3079 unde
788 3023 924 3095 scriptum
950 3027 993 3079 est
1012 3039 1020 3079 :
1070 3025 1187 3097 Sapiens
1199 3041 1258 3081 non
1270 3027 1314 3080 est
1328 3024 1376 3096 qui
1389 3028 1482 3092 nocet,
1495 3039 1548 3079 nee
1563 3023 1607 3077 vir
1618 3022 1768 3093 linguosus
1780 3020 1886 3077 iuma-

206 3136 221 3167 a
235 3114 334 3172 Omnis
347 3116 397 3188 qui
409 3115 533 3172 detrahit
546 3116 664 3173 tratrem
680 3133 764 3172 suum
779 3114 925 3172 homicida
939 3120 991 3172 ost.
1006 3137 1020 3166 r
1069 3118 1132 3174 lum
1151 3133 1182 3172 so
1204 3117 1308 3188 dirigat
1330 3116 1360 3171 iu
1385 3121 1472 3185 terra,
1486 3115 1557 3171 nihil
1577 3131 1646 3171 vero
1668 3114 1738 3169 mali
1755 3111 1889 3189 vult,‚qui

204 3207 552 3265 Etomuishomicidanon
561 3208 1021 3282 habetpartemauthereditatem
1071 3211 1162 3267 tidelis
1175 3214 1227 3266 est.
1240 3210 1310 3265 htalo
1323 3208 1399 3264 enim
1413 3214 1442 3264 et
1461 3225 1548 3281 pravo
1572 3207 1687 3280 ingenio
1701 3204 1776 3261 fides
1796 3205 1890 3262 eliens

204 3301 235 3357 in
247 3316 337 3374 regno
349 3301 411 3372 Dei,
426 3305 457 3357 et
467 3301 555 3357 alibi:
575 3323 589 3352 «
603 3303 706 3358 Cavete
722 3318 780 3371 vos,
794 3303 897 3357 tratres
915 3301 1022 3357 charis·
1071 3308 1123 3373 est,
1131 3305 1171 3359 ait
1180 3303 1256 3358 enim
1266 3302 1417 3373 Apostolus
1428 3302 1464 3357 de
1475 3301 1634 3357 infidelium
1643 3299 1809 3371 ignorantia
1821 3314 1828 3355 :
1840 3297 1889 3355 «st

204 3393 279 3465 simi,
300 3409 339 3450 ne
362 3393 516 3467 participes
539 3393 705 3450 efficiamini
726 3393 814 3467 (quod
834 3394 916 3467 absit)
941 3394 1023 3451 malis
1071 3397 1150 3453 enim
1159 3395 1359 3469 cognovissent
1368 3410 1519 3466 nunquam
1530 3394 1684 3449 Dominum
1696 3393 1794 3466 gloriar
1802 3390 1890 3448 cruci·

205 3503 317 3556 eorum,
332 3509 346 3538 »
365 3490 395 3543 ει
406 3503 467 3543 non
480 3487 573 3543 solum
584 3503 634 3543 vos
647 3493 743 3543 cavete
762 3503 779 3542 a
797 3488 911 3556 talibus,
925 3486 974 3542 sed
995 3489 1060 3590 etc
1071 3489 1207 3546 fixissent.
1224 3511 1239 3541 »
1255 3489 1433 3559 crucifigunt
1446 3488 1524 3543 enirn
1543 3487 1697 3542 bominum
1709 3485 1759 3558 qui
1779 3502 1848 3542 eum
1860 3485 1889 3541 iu

205 3594 303 3636 essere
315 3579 384 3636 alios
397 3579 433 3636 ab
446 3581 496 3649 eis,
509 3585 539 3636 et
559 3584 688 3637 avertere
710 3580 819 3650 docete,
836 3580 871 3636 de
885 3580 931 3636 his
944 3579 1023 3636 enim
1072 3582 1328 3640 sacerdotibussuis
1340 3584 1567 3653 persequuntur:
1580 3579 1649 3652 quia
1658 3595 1727 3634 crux
1736 3595 1753 3633 a
1763 3579 1889 3635 ommam

206 3671 343 3729 hominm
363 3673 401 3729 ait
423 3689 476 3746 per
493 3675 667 3746 prophetam
691 3673 837 3730 ldichaeam
853 3690 860 3728 :
879 3695 893 3724 «
907 3674 954 3729 Vre
973 3671 1022 3745 qui
1072 3675 1183 3732 dicitur.
1197 3676 1331 3748 Magnum
1344 3691 1411 3730 vero
1431 3689 1544 3728 sacrum
1564 3672 1684 3727 sustinet
1704 3671 1755 3745 qui
1774 3687 1889 3743 compe·

205 3765 341 3839 mgitatis
354 3766 467 3838 inutile,
484 3771 513 3823 et
526 3766 684 3839 operamini
701 3767 811 3823 malum
833 3766 863 3823 in
885 3766 1024 3823 cubilibus
1072 3761 1728 3834 titurtsed,tamenbeatiquipersecutiouem
1736 3760 1889 3832 patiuntur

206 3859 316 3916 restris.
329 3860 360 3916 ln
372 3859 435 3917 luce
447 3860 589 3917 matutina
602 3861 709 3916 facient
720 3860 791 3917 illud
805 3861 939 3932 quoniam
953 3876 1021 3915 con·
1070 3861 1187 3930 propter
1194 3857 1347 3929 justitiam.
1356 3856 1425 3913 Ecce
1435 3855 1475 3910 ait
1486 3855 1571 3911 tudes
1579 3854 1730 3926 Apostolus
1742 3871 1749 3908 :
1765 3852 1887 3909 «Veniet

206 3958 252 4010 tra
267 3956 357 4009 Deum
371 3957 414 4010 est
425 3970 528 4010 manus
540 3969 652 4009 eorum.
664 3954 699 4008 Ει
708 3953 916 4029 concupierunt
928 3967 1022 4022 agros,
1072 3951 1210 4006 Dominus
1218 3950 1249 4004 in
1259 3950 1384 4005 millibus
1394 3950 1452 4003 suis
1464 3948 1557 4004 tacere
1566 3948 1715 4019 judicium,
1727 3951 1757 4002 et
1767 3946 1888 4019 perdere

205 4048 237 4102 et
246 4046 385 4102 violenter
396 4046 534 4113 trrlornnt,
547 4050 576 4100 et
587 4045 687 4100 domos
700 4049 867 4116 rapuerunt,
878 4049 908 4099 ει
919 4044 1025 4100 catum·
1072 4060 1173 4099 omnes
1185 4043 1298 4114 impios,
1308 4045 1466 4115 etarguere
1481 4057 1597 4097 omnem
1608 4056 1734 4107 carnem,
1746 4040 1782 4096 de
1792 4037 1888 4096 omui·

207 4137 516 4205 niabauturrirum,et
525 4137 641 4192 domum
651 4135 721 4207 ejus,
732 4135 826 4191 virum
836 4139 865 4192 ει
875 4137 1025 4193 haredita—
1071 4136 1126 4192 bus
1148 4135 1339 4208 impietatibus
1360 4151 1472 4191 eorum.
1489 4157 1503 4185 »
1526 4135 1602 4203 Hac,
1623 4134 1734 4200 iratres,
1750 4131 1831 4189 valde
1853 4130 1888 4188 ti·

207 4233 266 4286 tem
274 4229 346 4301 ejus.
357 4227 462 4284 idcirco
473 4228 541 4284 dicit
551 4228 687 4285 Dominus
696 4227 854 4286 hacttioce
864 4245 918 4303 ego
929 4230 1023 4303 cogito
1072 4228 1179 4285 menda
1187 4232 1289 4284 suntet
1297 4226 1509 4301 perpendenda,
1518 4225 1681 4283 aeveniens
1691 4225 1888 4298 unusquisque

208 4337 294 4393 super
317 4320 458 4378 familiam
478 4320 565 4378 istam
586 4322 707 4390 malum,
722 4321 799 4378 unde
816 4338 876 4378 non
891 4322 1025 4380 auferetis
1074 4321 1257 4395 adjudicium
1269 4308 1385 4395 poeham
1404 4337 1469 4377 cum
1488 4319 1586 4392 impiis
1606 4318 1732 4392 recipiat,
1749 4317 1800 4374 sed
1822 4334 1889 4374 cum

206 4416 278 4472 oolla
296 4418 399 4486 restra,
415 4419 445 4473 et
467 4431 524 4470 non
546 4413 727 4471 ambulabitis
748 4416 873 4488 superbi,
887 4415 1024 4489 quoniam
1069 4415 1152 4488 justis
1159 4413 1380 4487 gloriam.0uod
1387 4413 1451 4486 pius
1458 4412 1733 4485 Dominuspraestare
1741 4411 1888 4483 ᾱιςιιειιιε,

207 4514 324 4584 tempus
336 4509 495 4584 pessimum
508 4514 561 4569 est.
573 4511 606 4565 tn
616 4507 662 4565 die
677 4508 726 4566 illa
739 4515 868 4567 sumetur
877 4527 964 4583 super
973 4526 1025 4567 ros
1074 4509 1123 4581 qui
1137 4508 1245 4564 visitet
1258 4510 1362 4580 regnat
1375 4523 1427 4579 per
1439 4506 1543 4563 secula
1555 4510 1667 4562 cuncta.
1682 4505 1750 4560 Data
1767 4502 1888 4560 Kalend.

207 4605 353 4677 parabata,
368 4607 397 4661 ει
408 4601 570 4661 cantabunt
584 4602 728 4659 canticum
741 4619 806 4659 cum
819 4604 965 4673 suavitate,
979 4602 1024 4660 di·
1072 4601 1146 4671 ltaii,
1159 4601 1276 4657 itehano
1289 4603 1318 4658 et
1329 4601 1429 4658 Vetere
1445 4616 1486 4656 cc.
1499 4598 1673 4656 consulibus.

208 4697 336 4754 ossuum
359 4715 366 4753 :
387 4697 614 4770 Depopulations
640 4695 741 4752 vastati
763 4712 872 4768 sumus,
885 4713 951 4769 pars
971 4712 1024 4770 po·

465 4878 757 4967 ruoreruur
791 4855 1050 4968 oscarus
1085 4875 1230 4965 stru
1264 4876 1421 4962 esea
1455 4873 1634 4961 eatur.

749 5004 841 5076 (Anno
858 5003 973 5060 Domini
993 5005 1054 5068 tas,
1068 5007 1199 5073 tempore
1217 4999 1354 5072 Adriani.)

244 5115 383 5174 Omnibus
404 5116 435 5174 in
455 5116 514 5174 neo
536 5120 629 5190 Patre,
644 5124 673 5177 et
694 5120 817 5178 Domirm
841 5127 937 5179 nostro
956 5122 1061 5206 tesul)
1072 5125 1125 5177 ost.
1141 5119 1240 5175 Fidem
1252 5118 1330 5175 enim
1343 5122 1449 5174 rectem
1467 5133 1515 5173 ros
1534 5118 1631 5172 tenere
1646 5116 1769 5185 opertet,
1783 5115 1818 5167 ut
1832 5112 1891 5169 dis·

208 5212 320 5269 Christo
335 5210 445 5268 dilectis
457 5211 593 5268 iratribus
605 5214 637 5269 in
655 5215 794 5272 charitate
806 5216 919 5272 Domini
931 5214 1023 5272 nostri
1072 5213 1227 5271 sentientes
1248 5211 1284 5267 ab
1305 5210 1456 5284 apostolica
1474 5227 1533 5266 non
1557 5208 1618 5264 sitis
1638 5204 1777 5263 doctrina.
1793 5204 1893 5262 Unum

207 5306 273 5364 iesu
286 5304 400 5377 Christi,
415 5304 513 5362 errus
527 5306 665 5365 Romana
684 5307 815 5366 Ecclesia
832 5308 1021 5382 archiepisco·
1073 5307 1151 5364 enim
1163 5322 1264 5362 aarum
1277 5305 1366 5362 Deum
1379 5306 1489 5361 Patrem
1508 5306 1537 5358 et
1552 5302 1655 5358 Filium
1668 5317 1685 5356 a
1698 5296 1847 5371 prophetis
1862 5302 1894 5353 ει

208 5399 407 5474 russanum.
1072 5400 1204 5474 apostolis
1224 5398 1403 5456 ostendimus
1426 5395 1623 5470 predicatum,
1642 5411 1659 5448 a
1678 5392 1780 5465 quibus
1802 5392 1894 5447 etiam

244 5492 423 5561 charissimi,
437 5491 560 5551 fideliter
574 5493 650 5567 agite
669 5494 1023 5565 iuomuibus,utttde1es
1071 5494 1211 5567 Spiritum
1236 5497 1368 5550 sanetum
1395 5490 1538 5547 credimus
1557 5504 1617 5544 nou
1641 5502 1700 5542 osse
1721 5484 1892 5553 discretum,

209 5591 238 5643 ει
251 5603 311 5645 non
325 5587 455 5645 infideles
468 5585 664 5645 inveniamini.
679 5589 771 5646 Nolite
785 5589 890 5646 imitari
903 5590 1022 5658 malum,
1073 5584 1142 5644 isaia
1156 5586 1297 5660 propheta
1312 5586 1424 5642 dicente
1440 5600 1448 5640 ι
1466 5584 1552 5653 «Ego
1564 5596 1629 5637 sum
1643 5580 1715 5634 Deus
1729 5579 1759 5633 et
1772 5592 1834 5632 nou
1848 5581 1894 5635 ost

208 5679 257 5735 sed
270 5682 346 5754 quod
358 5680 468 5737 bonum
481 5685 525 5736 est
535 5681 621 5754 agite,
633 5682 701 5754 quia
714 5684 763 5755 qui
776 5700 809 5739 ex
821 5684 880 5740 Deo
893 5689 937 5740 est
950 5683 1024 5740 beno
1073 5681 1144 5738 alius
1157 5687 1262 5753 praeter
1275 5696 1331 5736 me.
1354 5681 1388 5735 Et
1409 5694 1462 5749 per
1476 5676 1619 5748 meipsum
1628 5673 1706 5744 juro,
1719 5670 1785 5743 quia
1806 5670 1896 5727 exirit

209 5771 284 5840 iacit,
301 5775 350 5845 qui
364 5781 461 5831 autem
473 5775 561 5844 male,
577 5791 636 5833 non
652 5793 685 5832 ex
701 5779 767 5848 Deo,
782 5778 832 5834 sed
853 5794 887 5832 ex
911 5777 1023 5833 diabolo
1074 5790 1108 5830 ex
1122 5791 1170 5831 ore
1185 5790 1251 5831 meo
1265 5773 1383 5842 ventam
1398 5776 1427 5827 et
1441 5785 1535 5826 sermo
1556 5783 1637 5823 meus
1658 5781 1718 5822 nou
1739 5763 1893 5837 avertitur,
