3870 6150
130 234 183 290 'lar

572 230 714 290 ᾸΡΡΕΝΙ).
734 233 778 287 ΑΙ)
796 232 877 288 SAEC.
899 231 941 286 lll.
957 260 992 270 -

1012 229 1134 286 lSlDOltl
1154 226 1366 285 uuacaroals
1760 227 1810 285 728

129 352 326 413 provocamus,
344 343 378 395 ut
395 340 497 396 melius
517 340 698 412 sanctiusque
714 338 873 408 vincamus,
894 356 942 396 seu
953 339 1148 425 Avincamur.
1164 337 1220 394 Sed
1231 351 1343 408 possem
1357 334 1440 407 plura
1450 333 1556 402 dicere,
1571 333 1628 389 nisi
1639 348 1689 387 ιιι
1703 335 1812 389 consta·

129 449 216 507 prave
239 433 393 488 sentientes
414 450 430 488 a
449 433 532 489 bonis
551 433 716 502 avertimur,
736 438 769 488 ιιι
787 432 822 487 ad
836 436 942 488 rectam

129 527 281 582 redeamus
292 527 379 596 viam,
394 526 455 598 ejus
465 527 568 582 auxilio
578 528 641 599 plus
656 543 785 598 egemus.
800 526 944 598 Numquid

129 624 189 676 tem
203 619 394 690 mortiferum,
418 625 477 676 tarn
493 637 621 693 preceps
641 620 816 676 videaturad
836 636 942 689 casum,

129 717 191 768 tam
204 713 364 785 expositum
380 713 414 769 ed
428 715 526 770 omnia
540 714 674 786 pericula,
690 714 713 768 si
724 715 778 769 boc
788 714 880 770 solum
894 730 946 769 no-

129 806 173 862 bis
188 809 410 879 putantesposse
425 807 554 863 sufficere
564 807 638 879 quod
653 807 778 862 liberum
794 806 945 862 arbitrium

129 917 194 956 cum
216 916 399 956 nasceremur
418 901 588 972 accepimus,
614 901 689 956 ultra
707 901 768 972 jam
788 917 805 954 a
822 901 944 956 Domino

130 994 201 1049 nihil
221 1010 391 1066 quaeramus,
412 993 504 1063 idest,
522 993 645 1050 auctoris
667 993 758 1049 nostri
778 993 868 1064 obliti,
885 994 945 1065 ejus

127 1087 296 1160 potentiam,
320 1093 351 1143 ιιι
366 1104 417 1143 ιιι
432 1088 625 1156 ostendemus,
644 1087 748 1143 liberos
770 1088 943 1159 adjuramus,

131 1180 282 1253 quasijam
304 1181 425 1252 amplius
444 1181 521 1253 quod
546 1181 612 1235 dare
632 1181 728 1253 possit,
749 1196 808 1236 non
829 1180 943 1250 habeat,

131 1275 180 1346 qui
189 1277 217 1329 te
226 1274 256 1328 in
267 1279 316 1330 tuo
325 1279 390 1330 ortu
402 1274 525 1330 liberum
538 1275 615 1343 lecit,
629 1273 788 1329 nescientes
795 1273 945 1346 quodnisi

129 1367 243 1439 magnis
256 1368 386 1438 precibus
399 1368 492 1440 gratia
505 1368 534 1422 in
550 1385 600 1423 nos
610 1367 765 1440 implorata
779 1368 944 1435 descendat,

130 1477 313 1533 nequaquam
325 1466 447 1517 terrena.
461 1461 532 1517 labis
545 1464 574 1517 ιι
588 1461 728 1518 mundani
743 1461 870 1533 corporis
881 1461 944 1516 vin·

131 1570 195 1609 cere
205 1570 343 1609 conemur
351 1571 471 1623 errores,
482 1571 547 1610 cum
556 1572 639 1627 peres
648 1573 700 1612 nos
708 1555 746 1610 ad
755 1555 946 1611 resistendum

130 1663 190 1702 non
206 1647 326 1703 liberum
346 1648 507 1716 arbitrium,
528 1649 578 1704 sed
599 1649 648 1703 liei
664 1650 739 1704 solus
753 1648 845 1704 iacere
858 1649 946 1720 possit

994 438 1040 488 ret
1052 435 1154 487 cuncta
1169 430 1281 486 dixisse.
1296 428 1429 500 Quisquis
1441 443 1510 500 ergo
1520 427 1588 483 huic
1600 425 1761 482 assentiens
1770 427 1809 482 vi·

996 528 1079 583 detur
1092 543 1153 581 esse
1168 523 1317 579 sententia
1331 539 1389 594 qua
1401 521 1475 578 dicat
1488 521 1634 594 adjutorio
1650 520 1737 576 nohis
1753 537 1809 576 non

994 637 1065 692 opus
1080 636 1141 674 esse
1154 617 1260 684 divino,
1275 616 1423 672 inimicum
1436 632 1465 671 se
1479 614 1627 670 catholica
1639 613 1710 670 fidei
1723 618 1751 669 ei
1762 615 1809 669 nei

993 713 1132 769 beneficio
1144 711 1296 784 profitetur
1309 711 1464 780 ingratum.
1477 709 1547 765 Nam
1557 725 1612 764 nec
1627 713 1727 764 nostra
1740 724 1809 763 com·

994 807 1128 862 munione
1137 807 1204 860 sunt
1216 802 1297 876 digni
1307 819 1394 874 quarn
1404 801 1586 875 praedicando
1597 802 1698 857 taliter
1707 800 1809 873 pollue

994 903 1071 956 runt.
1092 899 1137 955 Sic
1158 898 1236 954 enim
1250 913 1302 952 sua
1316 900 1418 968 sponte
1433 896 1502 951 dum
1515 899 1679 968 sequuntur
1691 895 1809 967 illaque

994 990 1495 1064 dicuntur,longiusaverareligione
1504 989 1650 1060 sugerunt.
1658 989 1730 1045 Cum
1737 988 1808 1044 enim

995 1087 1048 1142 boc
1062 1089 1154 1141 totum
1167 1087 1197 1140 in
1210 1089 1306 1140 nostra
1323 1083 1495 1157 professione
1508 1083 1656 1149 consistat,
1676 1081 1808 1154 quotidie-

995 1180 1095 1252 nisque
1111 1179 1244 1252 precibus
1262 1177 1333 1233 nibil
1352 1194 1480 1250 agamus,
1494 1176 1550 1233 nisi
1563 1175 1808 1250 quemadmodum

996 1275 1044 1329 liei
1071 1273 1295 1330 misericordiam
1321 1286 1538 1344 consequamur,
1567 1269 1808 1342 quemadmodum

995 1368 1069 1424 terre
1089 1383 1240 1440 possumus
1260 1366 1315 1420 ista
1332 1364 1498 1437 jactantes?
1517 1364 1596 1433 Quis,
1617 1379 1699 1436 rogo,
1719 1367 1808 1420 tantus

995 1462 1109 1517 illorum
1123 1465 1237 1533 pectora
1260 1476 1340 1515 error
1356 1459 1487 1528 obcaecat,
1502 1466 1533 1514 ut
1545 1457 1568 1514 si
1581 1457 1635 1530 ipsi
1644 1458 1756 1513 nullam
1765 1457 1808 1512 lici

996 1555 1116 1627 gratiam
1129 1555 1263 1622 sentiunt,
1275 1553 1342 1625 quia
1351 1568 1405 1608 nec
1416 1552 1495 1624 digni
1504 1557 1580 1619 sunt,
1591 1567 1645 1606 nec
1653 1553 1807 1617 merentur,

996 1666 1048 1704 nec
1060 1649 1095 1704 dc
1107 1648 1169 1703 aliis
1182 1647 1370 1714 considerant,
1382 1646 1460 1718 quod
1476 1645 1604 1718 quotidie
1617 1645 1739 1716 singulis
1750 1661 1807 1716 gra·

131 1740 277 1795 auxilium.
291 1741 363 1795 Nam
378 1741 401 1796 si
411 1741 457 1796 ille
470 1743 572 1796 clamat
586 1742 729 1813 adjutorio
740 1741 793 1797 sibi
804 1759 874 1814 opus
886 1758 946 1798 esse
956 1724 984 1796 Β
996 1742 1035 1798 ιιι
1046 1741 1305 1813 divinalargiatur‘l
1315 1740 1388 1797 Sunt
1396 1739 1513 1812 quidem
1522 1739 1679 1795 istiomnes
1690 1737 1808 1793 caeeitnte

130 1833 227 1888 divino
239 1834 287 1906 qui
300 1834 387 1905 digne
406 1836 459 1890 hoc
478 1851 536 1890 non
551 1841 701 1907 quareret,
724 1835 747 1891 si
767 1836 811 1891 cui
823 1835 946 1890 liberum
997 1835 1167 1908 dignissimi,
1181 1835 1230 1906 qui
1241 1850 1292 1889 nec
1301 1834 1354 1888 hoc
1363 1833 1416 1888 sibi
1425 1833 1614 1905 reliquerunt,
1623 1835 1658 1887 ιιι
1671 1832 1806 1888 seauxilio

132 1926 283 1982 arbitrium
297 1929 360 1999 plus
377 1929 532 2000 prodesset,
546 1930 652 2001 quippe
666 1945 730 1984 cum
750 1929 793 1984 vir
808 1929 905 1984 beatus
918 1932 948 1984 et
997 1928 1114 1984 credant
1127 1927 1235 1984 evocari
1249 1927 1285 1982 ab
1297 1926 1441 1982 erroribus
1457 1942 1537 1997 posse
1548 1925 1654 1981 divino.
1671 1926 1807 1998 Negantes

127 2020 189 2090 jam
204 2022 309 2077 electus
323 2039 339 2076 a
352 2021 473 2077 Domino
488 2022 559 2077 nibil
572 2022 673 2094 egerit,
688 2027 786 2078 tamen
799 2022 840 2078 ita
853 2023 946 2077 Domi·
997 2023 1074 2077 enim
1090 2022 1138 2077 ilci
1149 2020 1323 2093 adjutorium
1339 2036 1398 2075 ιιοιι
1411 2019 1483 2086 aliis,
1499 2019 1548 2076 sed
1563 2018 1615 2075 sibi
1628 2019 1683 2074 hoc
1700 2020 1806 2091 penitus

130 2129 201 2168 num
216 2115 388 2186 deprecatur
402 2117 559 2187 postulans.
579 2137 593 2165 ιι
608 2115 728 2187 adjutor
737 2132 819 2171 meus
829 2121 898 2184 esto,
910 2133 947 2171 ne
996 2116 1182 2182 abstulerunt,
1193 2113 1241 2186 qui
1252 2113 1391 2170 evellendi
1402 2118 1469 2169 sunt
1477 2112 1591 2185 longius
1600 2116 1628 2169 ct
1637 2112 1674 2167 ab
1685 2113 1805 2167 Ecclesia

133 2206 316 2279 derelinquas
329 2225 386 2277 me,
404 2224 498 2280 neque
511 2208 649 2280 despicias
658 2225 716 2280 me,
730 2209 804 2265 Deus
816 2209 947 2265 salutaris
996 2208 1269 2281 proculremovendi
1284 2207 1448 2276 visceribus,
1462 2222 1499 2262 ne
1510 2206 1616 2261 diutius
1629 2207 1723 2262 multa
1735 2222 1805 2261 occu·

131 2315 212 2354 meus
226 2300 308 2370 [Pscl.
323 2319 399 2370 xxvi,
414 2304 450 2372 7).
465 2322 479 2353 ιι
495 2304 550 2357 Nos
560 2300 642 2356 nobis
650 2301 775 2358 liberum
785 2302 946 2372 arbitrium,
996 2319 1068 2374 pans
1086 2302 1253 2357 insanabilis
1273 2303 1337 2373 posi
1356 2317 1435 2356 error
1452 2301 1601 2356 increscat.
1616 2300 1646 2356 Si
1665 2300 1743 2355 enim
1762 2300 1803 2356 diu

129 2392 178 2448 ille
189 2394 342 2450 Dominum
352 2395 475 2467 postulat
487 2395 658 2466 adjutorem.
673 2396 754 2461 Quod
764 2396 825 2451 nati
838 2413 946 2463 sumus,
997 2396 1106 2451 ιιιιιιιιι
1119 2395 1169 2450 sub
1181 2395 1237 2449 hac
1247 2394 1416 2466 impunitate
1428 2393 1544 2463 versati,
1555 2409 1673 2449 necesse
1686 2396 1731 2448 est
1742 2392 1803 2448 mul·

128 2504 212 2559 posse
226 2488 356 2544 sufficere
367 2489 448 2545 nobis
462 2489 581 2545 dicimus
596 2508 603 2559 3
625 2489 672 2546 ille
687 2491 787 2558 ileum,
808 2506 845 2546 ne
864 2490 946 2546 dere·
996 2494 1041 2545 tas
1052 2490 1083 2544 in
1095 2490 1148 2544 hac
1161 2505 1212 2543 sua
1224 2487 1361 2560 pravitate
1373 2492 1485 2542 mentes
1495 2486 1642 2556 inducant,
1656 2486 1801 2559 decipiant·

129 2581 287 2653 linquatur,
320 2586 429 2638 exorat.
451 2584 522 2650 Non,
546 2600 627 2655 rogo,
653 2584 802 2639 manifeste
828 2583 948 2638 dicimus
998 2600 1053 2656 quc
1067 2583 1232 2637 innocentes
1244 2581 1287 2637 vel
1300 2581 1393 2653 potius
1403 2581 1600 2653 imprudentes
1610 2581 1661 2654 qui
1673 2580 1759 2636 tidem
1768 2596 1801 2635 ca-

130 2676 207 2747 quod
222 2692 344 2744 oremus,
360 2693 426 2731 cum
434 2677 482 2731 ille
492 2679 642 2748 tantopere
650 2677 760 2744 beatus,
776 2677 848 2732 sicui
861 2693 948 2748 supra
997 2677 1132 2732 tholicam
1155 2692 1212 2730 non
1233 2677 1406 2748 sequuntur;
1424 2675 1564 2747 putabant
1577 2674 1657 2729 enim
1675 2691 1724 2730 eos
1737 2679 1799 2730 recte

132 2767 265 2835 diximus,
285 2769 337 2836 vir,
354 2786 390 2824 nc
405 2769 584 2841 despiciatur,
601 2773 728 2841 exoptat,
744 2770 784 2823 illi
803 2769 880 2825 enim
895 2786 945 2824 ne·
998 2771 1113 2839 sentire,
1135 2787 1207 2843 quos
1222 2770 1316 2824 adhuc
1335 2768 1433 2823 vident
1452 2768 1482 2823 in
1502 2767 1626 2824 Ecclesia
1648 2769 1798 2841 perdurare.

131 2877 207 2916 cesse
227 2864 279 2929 est,
307 2862 360 2916 ista
382 2866 510 2934 arguunt
528 2862 577 2934 qui
595 2863 645 2917 illa
664 2863 843 2932 confirmant,
860 2862 948 2918 David
998 2864 1153 2936 Separatur
1167 2879 1236 2934 ergo
1252 2879 1350 2917 asano
1364 2878 1483 2934 corpore
1497 2862 1600 2916 vulnus
1612 2861 1756 2930 insanum,
1769 2877 1799 2916 ιι

131 2954 209 3008 enim
222 2954 357 3009 orationis
372 2954 498 3025 ignarus,
514 2958 543 3010 et
557 2972 614 3010 suae
633 2960 743 3011 naturae
758 2955 880 3024 nescius,
901 2972 946 3011 ac·
997 2959 1132 3028 motoque
1153 2955 1246 3011 morbi
1266 2955 1406 3011 sarientis
1418 2954 1526 3022 afflatu,
1547 2955 1658 3010 cautius
1671 2972 1733 3028 quae
1746 2956 1798 3009 snut

131 3049 254 3117 cusetur,
269 3047 318 3120 qui
332 3064 398 3102 cnm
413 3047 480 3103 sciat
493 3054 590 3105 tamen
603 3049 634 3104 in
646 3066 696 3104 sua
709 3052 809 3105 natura
823 3065 882 3105 esse
896 3050 946 3105 ad·
957 3089 985 3164 C
998 3051 1107 3106 sincera
1120 3050 1284 3121 perdurent,
1298 3054 1327 3105 et
1335 3065 1405 3121 grex
1419 3048 1520 3121 purior
1532 3047 1568 3104 ab
1580 3048 1634 3103 hac
1650 3049 1720 3104 mali
1732 3064 1798 3120 paco

128 3140 254 3212 jutorcm
269 3140 321 3196 sibi
336 3141 489 3197 Dominum
503 3146 531 3197 et
545 3142 689 3197 assiduum
707 3143 878 3215 adjutorem,
895 3161 948 3200 nec
997 3145 1036 3199 ιιι
1053 3143 1222 3216 contagione
1238 3145 1387 3214 purgetur.
1404 3142 1447 3198 sit
1461 3141 1547 3198 totius
1564 3143 1693 3214 corporis
1705 3141 1797 3197 illibata

130 3234 171 3289 illi
183 3234 287 3290 suflicit
300 3235 455 3303 assiduum,
470 3236 520 3291 sed
535 3253 571 3292 ne
589 3236 740 3308 aliquando
757 3237 838 3291 illum
851 3237 946 3308 despi·
997 3237 1144 3310 perfectio,
1174 3253 1262 3308 quam
1284 3253 1333 3291 vos
1355 3235 1436 3309 sequi
1457 3239 1486 3290 et
1506 3239 1615 3304 tenere,
1633 3236 1689 3291 hac
1707 3235 1736 3290 in
1748 3235 1797 3290 illos

131 3328 194 3397 ciat,
219 3328 394 3384 orationibus
415 3330 546 3401 protinus
570 3333 693 3402 exoptet,
718 3335 746 3385 ιι
772 3346 825 3402 per
847 3346 947 3402 corpus
998 3330 1231 3404 pronuntiatione
1250 3329 1437 3403 cognovimus
1455 3334 1484 3385 et
1501 3345 1556 3384 une
1578 3329 1728 3385 vobiscum
1748 3327 1796 3402 pari

131 3422 224 3477 omnis
235 3423 364 3494 psalterii
376 3422 429 3478 hoc
445 3426 474 3478 ιι
493 3423 639 3495 praedicat,
658 3428 686 3479 ιι
701 3425 814 3480 clamat.
833 3424 863 3480 Si
879 3440 948 3496 ergo
996 3425 1159 3481 assentione
1181 3441 1335 3479 servamus.
1353 3423 1407 3488 Qui
1421 3423 1443 3478 si
1457 3428 1554 3478 tamen
1568 3422 1724 3494 aliquando
1736 3423 1764 3478 iu
1775 3437 1795 3475 se

130 3515 184 3570 hoc
210 3515 258 3571 ille
285 3516 326 3572 ita
347 3533 485 3589 magnum
507 3517 568 3587 scit,
590 3523 621 3572 ιιι
638 3517 750 3573 assidue
774 3518 889 3586 diceret,
907 3519 949 3573 ita
998 3518 1047 3574 Dei
1062 3518 1237 3590 adjutorium
1252 3517 1328 3591 quod
1342 3516 1398 3571 huc
1411 3533 1501 3589 usque
1516 3521 1695 3589 negaverunt
1709 3531 1794 3588 provo

130 3610 322 3664 necessarium
338 3611 485 3666 confessus
505 3616 556 3680 ιιι,
572 3613 603 3665 ιιι
621 3611 745 3681 doceret,
760 3612 946 3683 quemadmo·
997 3612 1133 3680 caverint,
1148 3614 1178 3667 et
1193 3627 1265 3683 opus
1280 3611 1341 3683 ejus
1356 3609 1408 3665 sibi
1424 3609 1529 3665 auxilio
1543 3626 1604 3665 esse
1618 3610 1796 3682 cognoverint,

131 3701 200 3757 dum
214 3703 346 3776 Pelagius
360 3704 572 3776 Coelestiusque,
588 3705 711 3776 seposita
729 3705 810 3759 omni
834 3721 949 3777 respon·
997 3707 1030 3760 ut
1041 3706 1076 3761 de
1089 3706 1144 3761 hac
1156 3705 1233 3770 labe,
1247 3704 1284 3776 ,in
1301 3720 1359 3776 qua
1374 3703 1417 3758 sui
1431 3702 1523 3758 cordis
1537 3702 1735 3759 incurvatione
1749 3718 1795 3758 cor·

131 3796 210 3851 sione
232 3796 408 3869 psalmorum
429 3797 536 3870 talique
559 3797 690 3853 abdicata
709 3798 837 3853 doctrina
853 3815 948 3853 suasu-
997 3803 1112 3855 ruerant
1125 3798 1291 3865 liberentur,
1308 3801 1336 3852 ιι
1350 3797 1431 3869 quasi
1445 3795 1475 3851 in
1490 3797 1583 3851 lucem
1596 3796 1632 3852 de
1646 3797 1721 3853 foeda
1731 3792 1796 3852 traci

129 3905 177 3945 ros
194 3907 224 3944 se
243 3891 385 3963 aliquibus
405 3906 464 3946 esse
478 3890 626 3945 conildunt
643 3906 695 3945 nos
710 3890 884 3963 adjutorium
900 3890 948 3947 llei
997 3892 1129 3964 caligine,
1145 3891 1262 3946 remotis
1274 3889 1469 3962 abdicatisque
1482 3889 1615 3945 omnibus
1625 3890 1729 3963 quibus
1740 3893 1796 3945 tota

130 3999 182 4038 nec
199 3983 304 4039 debere
322 4000 461 4056 quarere,
479 4000 531 4039 nec
551 4000 646 4056 egere,
663 4000 729 4039 cum
744 4001 844 4040 omncs
858 3984 948 4040 sancti
998 4003 1034 4040 ne
1048 4002 1148 4041 verum
1161 3985 1300 4057 aspiceret
1310 3983 1471 4039 foedabatur
1483 3988 1511 4038 ιι
1523 3983 1666 4055 caligabat
1675 3987 1794 4056 aspectus,

131 4077 200 4132 nihil
226 4094 255 4133 ιι
284 4078 345 4132 sine
369 4078 422 4134 boc
449 4094 536 4150 agere
563 4094 646 4149 posse
669 4081 819 4133 testantur.
846 4078 947 4134 Libero
997 4078 1136 4135 damnent
1144 4079 1205 4134 haec
1214 4078 1342 4150 quaehuc
1351 4093 1440 4149 nsque
1449 4081 1609 4145 senserunt,
1622 4073 1794 4150 etaliquando

130 4170 207 4224 enim
222 4170 339 4226 arbitrio
351 4171 419 4226 olim
434 4171 482 4226 ille
501 4186 661 4241 perversus,
681 4170 753 4225 dum
769 4171 827 4226 suis
847 4170 945 4226 incon·
996 4172 1126 4227 animum
1140 4172 1223 4227 rectis
1239 4171 1475 4243 disputationibus
1489 4171 1704 4228 commodantes
1715 4170 1748 4227 ab
1759 4170 1795 4224 ιιι

129 4263 209 4317 sultis
223 4263 312 4318 utitur
333 4264 426 4331 bonis,
441 4264 547 4319 cadens
566 4264 597 4319 in
617 4263 858 4335 prevaricationis
877 4281 945 4335 pro·
996 4265 1204 4337 aliquantulum
1214 4265 1278 4320 labe
1293 4265 1423 4332 correcti,
1437 4264 1512 4319 veris
1523 4281 1553 4319 se
1567 4265 1709 4321 sanandos
1724 4259 1795 4320 consi

128 4355 225 4424 funda,
248 4355 455 4429 demersusque
480 4356 564 4411 nibil*
576 4356 819 4428 quemadmodum
846 4357 947 4414 exinde
996 4359 1041 4415 liis
1052 4359 1179 4414 tribuant
1194 4363 1278 4430 atque
1295 4357 1474 4413 submittant.
1487 4358 1567 4423 Quod
1582 4353 1796 4429 silescentem

130 4466 248 4522 surgere
261 4454 367 4522 posset,
384 4450 504 4517 invenit,
525 4466 633 4523 suaque
655 4450 684 4505 in
704 4456 844 4507 aeternum
858 4451 984 4535 liber-1)
995 4452 1025 4508 in
1042 4457 1178 4524 potestate
1194 4451 1362 4524 pontilicum
1375 4451 1436 4506 istis
1455 4451 1636 4524 aliquatenus
1650 4452 1791 4514 subvenire,

129 4548 187 4599 tate
202 4544 349 4618 deceptus,
361 4545 447 4618 hujus
461 4544 552 4600 ruinae
562 4543 698 4617 jacuisset
714 4562 876 4618 oppressus,
889 4545 946 4600 nisi

129 4653 195 4693 eum
214 4643 278 4710 post
293 4639 395 4696 Christi
410 4656 464 4712 per
477 4655 561 4695 suam
583 4638 707 4711 gratiam
728 4640 878 4695 relevasset
894 4639 944 4694 ad·

129 4734 238 4800 ventus,
252 4733 301 4805 qui
316 4749 367 4806 per
378 4751 459 4789 ιιοιι
475 4733 702 4807 regenerationis
720 4732 946 4805 purificationem

127 4825 303 4896 praeteritum
329 4843 415 4883 omne
434 4828 535 4883 vitium
560 4828 602 4882 sui
624 4827 807 4898 baptismatis
836 4827 946 4882 lavacro

128 4919 271 4990 purgavit,
296 4923 325 4975 et
349 4921 410 4992 ejus
438 4921 611 4977 confirmans
636 4923 818 4993 statumque
843 4921 946 4976 rectius

128 5012 365 5086 constabiliusque
380 5015 555 5086 procederet,
572 5019 668 5070 ιιιιιιιι
685 5031 764 5070 suam
780 5015 903 5087 gratiam
915 5016 946 5069 in

128 5110 275 5178 posterum
297 5123 356 5163 non
376 5108 537 5179 denegavit.
557 5109 627 5163 Nam
647 5107 774 5181 quisquis
799 5108 946 5165 bominem

131 5201 300 5257 redemisset
312 5219 329 5257 a
343 5202 496 5274 praeteritis
519 5202 564 5257 ille
582 5201 711 5273 peccatis,
739 5205 837 5257 tamen
856 5203 946 5259 sciens

130 5294 227 5369 179
241 5295 347 5352 iterum
360 5311 443 5367 posse
456 5311 583 5367 peccare,
598 5295 635 5350 ad
655 5295 868 5367 reparationem
883 5295 945 5364 sibi,

129 5391 369 5462 quemadmodum
390 5391 487 5462 posset
507 5389 555 5444 illc
582 5393 612 5444 et
633 5395 698 5460 post
719 5389 770 5444 illa
794 5388 946 5461 corrigere,

128 5483 218 5538 multa
241 5483 372 5539 servavit.
401 5481 575 5548 Quotidiano
601 5485 716 5553 praestat
740 5480 789 5537 illa
810 5481 945 5550 remedia,

129 5578 234 5649 quibus
249 5577 303 5634 nisi
314 5577 380 5633 freti
394 5576 550 5648 confisique
563 5574 697 5643 nitamur,
712 5576 872 5631 nullatenus
885 5575 945 5632 vin·

129 5687 192 5725 cere
211 5672 354 5727 humanos
367 5671 525 5744 poterimus
539 5685 659 5725 errores.
681 5671 799 5725 Necesse
815 5673 856 5725 est
869 5670 946 5725 enirn

119 5766 226 5837 atquo
242 5764 402 5824 auxiliante
416 5764 541 5838 vicimus,
558 5780 592 5822 eo
606 5763 710 5824 iterum
722 5780 780 5824 non
793 5763 947 5841 adjuvante

995 4551 1024 4602 et
1032 4546 1137 4601 talibus
1147 4544 1272 4616 aliquam
1282 4560 1381 4600 curam
1392 4549 1529 4615 praestare
1539 4545 1716 4616 vulneribus,
1725 4555 1794 4619 quam

995 4641 1065 4695 solet
1081 4637 1168 4709 lapsis
1183 4655 1249 4693 cum
1262 4638 1432 4710 resipuerint
1447 4640 1475 4693 et
1488 4638 1612 4694 Ecclesia
1626 4656 1685 4696 non
1698 4650 1794 4712 negata

995 4736 1028 4789 ut
1045 4749 1061 4786 a
1080 4732 1137 4786 suis
1152 4731 1316 4804 praecipitiis
1328 4731 1405 4786 intra
1418 4731 1490 4786 orilc
1507 4731 1620 4787 Domini
1635 4733 1795 4806 redigantur,

995 4843 1032 4882 ne
1059 4824 1126 4880 foris
1148 4825 1281 4897 praesenti
1305 4827 1334 4879 et
1352 4830 1430 4880 tanto
1452 4825 1585 4896 praesidio
1608 4843 1626 4881 a
1646 4827 1702 4883 lide
1717 4826 1796 4882 minu·

995 4920 1083 4976 tionis
1098 4918 1202 4975 exclusi
1217 4918 1350 4991 periculis
1372 4919 1506 4974 omnibus
1522 4925 1715 4991 exponantur,
1728 4922 1797 4977 devo·

996 5014 1079 5070 randi
1108 5013 1244 5087 luporum
1273 5013 1407 5068 dentibus
1433 5016 1518 5085 atque
1544 5014 1685 5083 vexandi,
1713 5014 1800 5088 quibus

997 5107 1133 5163 obsistere
1152 5107 1216 5173 hac,
1231 5122 1288 5178 qua
1301 5105 1364 5160 illos
1383 5106 1413 5160 in
1430 5123 1459 5161 se
1474 5106 1667 5176 irritaverant,
1680 5109 1801 5165 doctrine

997 5201 1178 5274 perversitate
1191 5216 1248 5254 non
1262 5203 1390 5270 possunt.
1401 5199 1454 5255 Sed
1466 5200 1535 5256 satis
1548 5201 1651 5256 vestris
1663 5201 1804 5258 monitisel

997 5295 1036 5349 sic
1050 5295 1118 5349 satis
1133 5292 1346 5349 abundantibus
1356 5298 1458 5349 nostra
1473 5293 1545 5365 legis
1558 5295 1702 5369 exemplis
1713 5296 1804 5370 proba·

997 5387 1806 5460 turesseresponsum,necquidquamsuperessedicimus,

996 5480 1809 5555 quoddicamus3cnmnihilpraetermissumavobis,uiiit

996 5578 1108 5632 constat
1122 5590 1181 5632 asse
1192 5590 1377 5647 suppressum
1390 5591 1461 5648 quos
1475 5574 1515 5630 illi
1530 5575 1649 5633 refutati
1662 5581 1691 5633 et
1705 5579 1811 5651 penitus

997 5671 1206 5742 cognoscantur
1219 5685 1278 5724 esse
1293 5669 1422 5724 convicti.
1439 5668 1505 5725 ldeo
1524 5685 1542 5726 a
1557 5669 1640 5726 uobis
1654 5670 1812 5729 testimonia

997 5764 1077 5821 nulla
1089 5766 1246 5839 ponuntur,
1259 5761 1326 5839 quia
1337 5765 1367 5818 et
1378 5761 1423 5820 bis
1437 5762 1522 5840 plena
1533 5763 1637 5822 ιιιιιιι
1648 5768 1703 5837 ιιι,
1713 5769 1743 5823 ιι
1754 5764 1814 5823 satis
