3870 6150
590 265 732 322 metuo.
752 263 796 322 AD
814 266 895 323 SAEC.
917 265 960 323 lx.
976 295 1010 308 -
1028 267 1150 326 lslnoul
1168 267 1381 327 uuuctrouts

458 565 747 662 INClPlUNT
780 568 1043 664 uectura
1077 568 1309 664 FABIANI
1343 568 1528 662 PAPAE.

699 755 789 823 lhnno
802 752 916 810 bomini
926 753 990 822 242,
1003 753 1087 810 becio
1101 753 1284 827 imperante.)

181 1039 375 1098 Dilectissimis
398 1042 503 1115 ubique
525 1043 671 1102 catholice
693 1045 822 1102 Ecclesiae
840 1046 961 1102 commi·
973 1047 1043 1131 Aet
1054 1045 1193 1102 convertit
1213 1045 1243 1102 in
1266 1061 1385 1118 pravam
1408 1046 1579 1102 doctrinam.
1600 1048 1623 1102 Α
1644 1044 1750 1121 quibus
1772 1062 1832 1117 vos,

145 1134 241 1191 nistrts
263 1136 413 1208 Fabianus,
436 1138 557 1194 salutem
571 1139 602 1194 in
625 1139 753 1197 Domino.
774 1140 966 1214 Divinisprrs-
1012 1139 1124 1210 tratres,
1139 1139 1257 1196 avertite
1272 1143 1300 1195 et
1319 1141 1416 1196 cavete
1433 1139 1469 1196 ab
1490 1138 1687 1212 omnibusqui
1709 1139 1832 1196 alteram

145 1228 234 1300 ceptis
259 1233 287 1285 et
311 1230 471 1303 apostolicis
502 1248 655 1289 monemur
687 1233 824 1291 institutis
855 1238 887 1290 ut
910 1252 964 1308 pre
1012 1231 1098 1289 fldem
1110 1237 1139 1289 et
1147 1233 1305 1290 doctrinam
1314 1237 1413 1290 tenent
1426 1249 1514 1306 qnam
1523 1232 1644 1305 apostoli
1655 1236 1684 1289 et
1693 1250 1833 1290 successo

145 1325 315 1379 cunctarum
339 1325 528 1382 Ecclesiamm
554 1330 629 1384 statu
662 1328 788 1401 impigro
811 1328 965 1402 vigilemus
1012 1342 1058 1383 res
1067 1342 1168 1383 eorum
1187 1330 1342 1384 tenuerunt
1357 1331 1385 1384 et
1402 1328 1573 1396 docuerunt,
1588 1343 1636 1397 ne,
1652 1327 1730 1400 quod
1750 1326 1831 1395 absit,

145 1415 259 1486 affectu,
273 1417 350 1473 unde
362 1435 539 1492 consequens
558 1424 600 1478 est
617 1421 720 1478 debere
740 1439 791 1479 vos
804 1424 886 1493 scire,
900 1441 965 1496 quse
1012 1424 1077 1494 post
1094 1437 1161 1477 eum
1184 1421 1331 1492 abeuntes,
1351 1420 1382 1476 in
1403 1421 1537 1494 laqueum
1558 1425 1663 1476 atone
1684 1420 1792 1478 cedatis
1806 1424 1834 1477 et

146 1509 223 1582 apud
246 1511 403 1567 Romanam
424 1512 454 1568 in
468 1529 547 1569 sacro
573 1517 699 1587 agimtur
719 1516 778 1572 ritu
800 1516 963 1588 Ecclesiam,
1012 1515 1198 1587 compedibus
1212 1515 1273 1587 ejus
1292 1515 1459 1570 teneamini.
1480 1515 1561 1571 Unde
1577 1513 1767 1572 fraternitatis
1786 1531 1832 1571 ve·

145 1606 178 1659 nt
199 1604 260 1676 ejus
282 1610 431 1677 sequentes
447 1608 587 1681 exempla,
612 1610 673 1681 ejus
689 1610 750 1665 veri
767 1610 817 1665 tilii
835 1611 963 1667 invenia-
1013 1612 1080 1663 strae
1103 1608 1270 1665 charitatem
1294 1608 1403 1665 intimis
1432 1608 1612 1665 obsecramus
1631 1607 1776 1681 precihus,
1802 1613 1835 1664 ut

144 1697 226 1766 mini,
251 1715 316 1772 quae
337 1703 430 1756 vestra
452 1706 495 1757 est
515 1705 608 1758 mater
630 1706 736 1759 vocata.
760 1703 874 1776 Septem
895 1721 964 1778 ergo
1013 1703 1118 1756 nostrae
1156 1701 1301 1774 parvitatis
1335 1702 1365 1757 in
1402 1701 1502 1759 vestris
1538 1700 1626 1758 sacris
1658 1701 1834 1757 orationibus

123 1790 281 1849 ¹diaconos
294 1793 324 1849 in
336 1793 508 1851 urbeltoma
521 1799 695 1869 perceptam
714 1797 849 1870 regiones
866 1799 962 1855 civita-
1013 1809 1156 1851 memores
1177 1810 1237 1851 esse
1258 1795 1430 1867 dignemini,
1455 1798 1569 1851 orantes
1594 1799 1624 1850 et
1646 1793 1833 1868 deprecantes

145 1884 192 1954 tls,
208 1884 282 1943 sicut
302 1888 462 1960 epatribus
484 1888 655 1962 accepimns,
680 1890 828 1964 babemus,
851 1894 964 1966 quiper
1014 1888 1168 1944 Dominum
1188 1887 1261 1957 coeli,
1286 1893 1320 1945 ut
1345 1893 1405 1945 tam
1431 1904 1595 1961 nosquam
1619 1892 1717 1945 sancta
1741 1891 1834 1946 mater

145 1978 274 2052 singulas
286 1980 481 2039 hebdomadas
494 1988 523 2041 et
535 1983 695 2041 Dominicos
710 1985 771 2042 dies
786 1991 871 2060 atque
884 1986 970 2043 testi:
1013 1981 1136 2038 Ecclesia
1149 1981 1253 2039 Christi
1276 1982 1403 2054 pretioso
1423 1982 1563 2056 sauguine
1578 1982 1736 2056 redempte,
1760 1984 1834 2038 ala-

144 2073 266 2130 vitatum
286 2075 514 2132 solemniacum
540 2077 759 2137 subdiaconibus
787 2084 817 2136 et
837 2080 962 2154 acolytis,
1013 2075 1095 2148 queis
1114 2076 1243 2132 venantis
1273 2079 1380 2132 satana
1399 2081 1429 2132 et
1446 2076 1482 2132 ab
1504 2075 1729 2148 importuniset
1753 2077 1836 2133 malis

144 2183 177 2222 ac
205 2167 384 2240 sequentinm
407 2169 541 2226 ordinum
566 2170 723 2242 ministris,
754 2173 883 2246 injuncta
910 2174 964 2231 sibi
1013 2169 1177 2225 hominibus
1190 2169 1357 2243 liberemur,
1373 2173 1402 2227 et
1417 2186 1510 2226 sermo
1527 2169 1683 2226 lleicurrat
1696 2170 1836 2226 etclarifi·

146 2259 297 2317 observant
307 2261 466 2318 ministeria
480 2267 509 2319 et
522 2264 616 2336 parati
626 2265 706 2322 omni
717 2267 790 2323 hore
799 2271 865 2322 sunt
874 2268 911 2324 ed
925 2267 965 2324 di·
1013 2267 1104 2331 cetur,
1119 2266 1148 2320 et
1159 2280 1245 2336 prava
1263 2280 1364 2320 eorum
1384 2268 1413 2321 et
1428 2263 1555 2321 omnium
1579 2279 1714 2336 perversa
1728 2264 1834 2320 decen·

145 2353 246 2409 vinum
258 2354 384 2411 cilicium
397 2358 426 2411 et
437 2356 572 2430 quidquid
588 2357 627 2414 eis
643 2358 805 2432 injungitur
821 2377 963 2434 peragen-
1013 2356 1087 2413 tium
1113 2360 1226 2413 corruat
1255 2357 1384 2413 doctrina
1415 2362 1500 2431 atque
1534 2356 1656 2413 deficiat.
1681 2357 1836 2414 Precamur

146 2447 226 2503 dum.
241 2448 381 2506 Similiter
398 2454 426 2507 et
441 2450 529 2519 vobis,
549 2456 635 2525 prout
654 2458 848 2526 opportunum
865 2425 1100 2526 tueriqssetiam
1127 2455 1160 2507 ut
1182 2451 1292 2523 pietatis
1315 2453 1416 2508 vestrae
1441 2450 1573 2524 precibus
1598 2450 1753 2523 impetrare
1774 2455 1834 2508 stu·

143 2559 198 2616 per
218 2542 343 2617 singulas
363 2544 490 2601 civitates
512 2550 554 2602 est
580 2546 760 2619 laciendum,
782 2551 816 2604 ut
837 2548 963 2605 divinum
1013 2544 1125 2614 dcatis,
1146 2550 1179 2601 ut
1205 2546 1279 2601 Deus
1302 2548 1331 2601 et
1353 2546 1491 2601 Dominus
1519 2549 1616 2601 noster
1644 2545 1724 2602 Jesns
1750 2545 1835 2603 Chri-

146 2637 252 2712 absque
267 2639 325 2694 ulle
340 2640 641 2713 moraetnegligentia
654 2641 964 2699 studioseacsolemni-
1013 2643 1072 2694 stus
1096 2637 1159 2713 35
1182 2639 1232 2712 qui
1254 2640 1315 2695 vult
1336 2655 1436 2695 omncs
1459 2639 1591 2696 homines
1609 2639 1699 2694 salvos
1721 2638 1784 2695 fleri
1807 2643 1836 2695 et

145 2734 189 2787 ter
198 2735 300 2804 agatur
308 2732 443 2789 officium.
455 2733 582 2806 Denique
594 2738 703 2807 septem
713 2736 965 2793 similitersnbdia-
1013 2733 1159 2789 neminem
1186 2731 1280 2805 perire
1300 2750 1350 2788 sua
1372 2733 1483 2806 ingenti
1505 2732 1713 2805 omnipoteutia
1735 2749 1834 2790 rever·

145 2841 231 2880 conos
246 2825 442 2882 ordinavimus
455 2827 506 2898 qui
522 2832 631 2899 septem
649 2829 768 2885 nammis
779 2829 965 2887 imminerent
1013 2826 1134 2883 tilaciat
1154 2827 1239 2883 corda
1261 2843 1360 2883 eorum
1380 2828 1417 2882 ad
1439 2843 1539 2883 sanam
1561 2826 1722 2883 doctrinam
1741 2830 1770 2883 et
1790 2844 1835 2883 ca-

145 2920 174 2975 et
188 2921 265 2991 gesta
285 2923 445 2991 martyrum
464 2920 600 2978 veraciter
618 2921 649 2977 in
667 2921 779 2995 integro
799 2923 965 2997 colligerent
1012 2919 1145 2976 thelicam
1170 2919 1270 2990 tidem,
1304 2925 1446 2993 quatenus
1481 2921 1648 2994 resipiscant
1682 2937 1699 2975 a
1731 2919 1837 2977 diaboli

144 3010 283 3085 nobisque
305 3013 435 3070 rimanda
455 3015 687 3084 manifestarent,
710 3016 787 3089 quod
809 3016 895 3074 etiam
914 3035 964 3073 vos
1013 3013 1121 3085 laqueis
1134 3013 1237 3086 quibus
1255 3015 1330 3087 capti
1353 3018 1497 3084 tenentur,
1512 3017 1542 3069 et
1563 3017 1759 3086 aggregentur
1771 3013 1837 3070 filiis

144 3121 243 3162 omnes
258 3123 345 3179 agere
367 3123 528 3177 monemus,
551 3108 632 3165 nain
655 3114 800 3182 posterum
822 3111 964 3184 aliquaer
1013 3107 1117 3162 matris
1140 3107 1284 3177 Ecclesiae3
1316 3107 1532 3163 reminiscentes
1566 3122 1680 3179 qnoque
1712 3106 1837 3163 fratrum

145 3197 190 3254 his
211 3199 353 3256 dubitatio
374 3201 434 3272 flat,
457 3201 632 3275 quaestioque
653 3202 770 3274 oriatur,
790 3223 804 3257 e
827 3205 965 3276 quoniam
1012 3203 1183 3269 vastrorum,
1199 3200 1375 3256 miseremini
1393 3200 1506 3256 illorum
1521 3200 1625 3274 quibus
1645 3200 1764 3272 potestis
1784 3201 1835 3255 bo-

146 3292 332 3366 omniaque
358 3294 462 3366 scripta
498 3299 565 3351 sunt
589 3297 627 3351 ad
649 3300 775 3353 nostram
802 3298 963 3353 doctrinam
1012 3293 1057 3350 nis
1075 3293 1174 3349 studiis
1195 3293 1295 3349 vestris
1320 3311 1357 3350 ne
1380 3294 1548 3366 perdantur,
1575 3295 1625 3349 sed
1646 3298 1675 3348 et
1703 3295 1837 3366 precibus

145 3385 247 3458 scripta
261 3391 336 3443 sunt.
351 3410 365 3438 υ
381 3389 416 3444 Et
429 3404 494 3461 quae
508 3389 614 3445 nostris
634 3390 811 3462 temporibus
828 3391 966 3448 veraciter
1013 3394 1042 3443 et
1064 3386 1125 3441 aliis
1142 3387 1277 3443 bonitatis
1290 3392 1390 3444 vestrae
1413 3388 1512 3443 studiis
1533 3387 1653 3443 Domino
1676 3387 1833 3444 salventur.

145 3479 308 3536 scribuntur
321 3481 360 3537 ad
380 3482 543 3538 futurorum
560 3483 717 3539 doctrinam
737 3484 910 3556 diriguntur.
930 3486 966 3540 Et
1013 3482 1055 3537 lta
1076 3497 1145 3552 ergo
1166 3481 1197 3537 in
1218 3481 1262 3537 his
1280 3482 1372 3554 agite,
1391 3485 1422 3536 ut
1437 3481 1603 3537 obedientes
1621 3480 1673 3536 lilii
1693 3485 1721 3537 et
1736 3481 1836 3538 fideles

144 3572 210 3629 ideo
219 3573 393 3631 fidelissimis
408 3576 470 3632 haec
483 3576 598 3649 negotia
617 3577 757 3634 committi
771 3578 963 3652 precipimus,
1013 3577 1119 3631 sanetae
1144 3574 1193 3631 Dei
1222 3575 1352 3631 Ecclesiae
1375 3575 1546 3647 appareatis,
1581 3579 1610 3630 et
1638 3577 1672 3630 ut
1693 3576 1836 3632 mercedis

145 3683 182 3722 ne
202 3667 298 3740 aliqua
319 3667 349 3724 in
372 3669 413 3724 eis
435 3668 529 3726 illusio
551 3669 714 3727 inveniatur
738 3687 773 3728 ex
797 3688 854 3744 que
873 3671 962 3729 tideli-
1013 3668 1134 3741 premia
1145 3669 1320 3741 percipiatis.

144 3761 197 3816 bus
211 3761 386 3834 scandalum,
400 3764 476 3835 quod
487 3764 571 3834 absit,
583 3765 700 3834 oriatur,
721 3766 796 3822 unde
819 3769 848 3822 et
871 3767 962 3822 chari·
1050 3761 1083 3817 lli
1105 3765 1134 3817 et
1154 3762 1323 3833 omnesqui
1346 3766 1453 3818 rectam
1470 3778 1530 3818 non
1549 3762 1652 3818 docent
1671 3762 1834 3819 doctrinam

143 3858 231 3911 talem
244 3861 368 3913 vestram
379 3861 497 3930 palerna
513 3858 664 3915 dulcedine
672 3859 798 3932 petimus
812 3862 845 3915 ul
858 3859 965 3915 incun-
1013 3855 1058 3910 vel
1085 3858 1193 3910 rectam
1218 3871 1275 3910 non
1296 3858 1396 3912 tenent
1417 3854 1521 3924 fidem,
1543 3859 1720 3912 accusatores
1739 3857 1835 3912 nemi-

143 3949 452 4007 ctisetfectumvestrse
465 3951 611 4008 charitatis
625 3958 723 4008 sancta
735 3953 820 4009 modo
840 3954 965 4009 Ecclesia
1012 3964 1079 4003 nem
1100 3952 1176 4004 recte
1199 3948 1378 4005 credentium
1401 3966 1532 4006 accusare
1545 3952 1674 4022 possunt,
1698 3949 1766 4021 quia
1788 3950 1834 4005 in-

143 4044 269 4099 iuveniat
283 4047 312 4100 et
325 4044 428 4099 favoris
439 4044 525 4100 vestri
538 4045 644 4100 solatiis
663 4061 835 4116 quocunque
848 4061 964 4103 necesse
1014 4042 1102 4099 lamia
1113 4045 1180 4097 sunt
1191 4042 1291 4112 notati,
1307 4047 1363 4099 eta
1378 4044 1441 4099 sinu
1461 4045 1567 4100 sanctae
1587 4043 1688 4099 matris
1701 4043 1835 4099 Ecclesia

144 4136 241 4206 tuerit,
259 4137 397 4208 potietur.
412 4138 447 4192 Et
467 4138 541 4193 sicut
557 4137 668 4193 bouitas
687 4138 772 4194 studii
786 4138 872 4194 vestri
886 4139 922 4195 de
934 4155 964 4197 se
1013 4135 1168 4208 apostolico
1190 4152 1329 4192 mucrone
1349 4153 1439 4210 usqne
1462 4137 1498 4193 ad
1517 4139 1624 4192 rectam
1647 4138 1836 4194 conversatis

145 4228 227 4285 nobis
247 4229 447 4286 certitudinem
477 4229 595 4302 praebet,
624 4235 658 4286 ut
677 4230 706 4286 in
734 4231 813 4287 nullo
837 4232 964 4289 diffidere
1013 4246 1081 4287 nem
1096 4234 1124 4286 et
1137 4231 1332 4286 reversionem
1347 4247 1444 4287 eorum
1456 4230 1571 4298 abscisi3
1587 4231 1665 4286 unde
1678 4231 1836 4303 apostolica

144 4323 298 4380 debeamus
321 4325 357 4380 de
384 4341 426 4395 ea,
450 4325 500 4382 sed
529 4326 620 4398 magis
646 4331 678 4382 ut
702 4326 875 4398 sapientibus
899 4328 964 4384 uuis
1015 4323 1183 4381 auctoritate
1198 4341 1263 4379 cum
1278 4324 1411 4380 omnibus
1434 4324 1551 4397 ejudem
1571 4324 1733 4397 apostolicae
1746 4328 1836 4398 atque

144 4417 276 4475 Ecclesia
297 4422 412 4488 nostra,
436 4420 497 4475 hac
526 4418 695 4477 fiducialiter
717 4421 963 4490 commendemus,
1013 4417 1180 4473 universalis
1201 4417 1332 4473 Ecclesia
1357 4417 1421 4472 liliis
1442 4420 1600 4474 statuentes
1624 4417 1779 4490 sancimus,
1804 4426 1836 4477 ut

144 4512 185 4568 ita
209 4515 274 4586 post
299 4512 405 4586 positas
431 4514 650 4587 opportunitatis
682 4514 844 4571 occasiones
870 4518 965 4572 vestra
1013 4526 1114 4567 omnes
1129 4509 1179 4582 qui
1193 4511 1224 4566 in
1237 4510 1375 4566 calholica
1388 4510 1444 4566 lide
1459 4511 1581 4583 suspecti
1595 4511 1703 4567 suntin
1716 4529 1835 4569 accusa·

144 4605 268 4663 efficacia
288 4607 431 4665 elaborare
451 4608 562 4664 enixius
588 4608 683 4676 debet,
709 4611 795 4681 atque
820 4609 851 4665 in
871 4610 964 4666 modis
1013 4603 1089 4661 tione
1104 4607 1180 4660 recte
1193 4605 1370 4661 credentium
1381 4621 1439 4660 non
1450 4605 1650 4677 suscipiantur,
1665 4606 1732 4678 quia
1742 4606 1836 4680 suspi-

145 4699 249 4772 quibus
258 4701 392 4773 possibile
400 4702 487 4758 luerit
502 4701 581 4758 omni
592 4701 685 4758 studio
695 4702 811 4775 abigere
821 4706 964 4760 contume·
1013 4698 1232 4771 cionessemper
1243 4703 1310 4754 sunt
1329 4699 1505 4755 amovenda.
1525 4699 1623 4755 Merito
1646 4715 1714 4773 erge
1731 4715 1834 4756 eorum

144 4792 205 4849 lias.
228 4795 379 4851 Hortamur
399 4795 486 4851 etiam
508 4812 568 4864 vos,
586 4795 667 4867 juxta
693 4795 801 4852 dictum
828 4797 962 4869 apostoli,
1013 4792 1185 4865 reprobatur
1196 4792 1347 4861 accusatio,
1362 4793 1411 4865 qui
1424 4793 1454 4848 in
1464 4795 1542 4848 recte
1553 4792 1609 4848 lide
1622 4792 1746 4866 suspecti
1755 4799 1833 4861 sunt,

144 4886 257 4943 stabiles
272 4904 333 4944 esse
349 4891 377 4944 el
390 4888 560 4958 immobiles,
577 4889 758 4946 abundantes
770 4890 801 4946 in
817 4906 903 4962 opere
913 4892 965 4946 Do-
1013 4903 1067 4943 uec
1081 4886 1120 4941 eis
1132 4886 1249 4942 omuino
1263 4891 1306 4942 est
1325 4886 1500 4942 credendum
1519 4885 1568 4960 qui
1584 4886 1729 4943 Trinitatis
1745 4887 1835 4945 tidem

144 4979 218 5036 mini
239 4997 362 5054 semper,
386 4981 505 5039 scientes
526 4982 603 5056 quod
628 4982 710 5039 labor
731 4987 823 5040 vester
840 5001 898 5040 non
922 4988 966 5041 est
1013 4979 1147 5053 ignorant
1179 4979 1314 5036 Similiter
1333 4995 1515 5053 omnesquae
1532 4984 1696 5036 sanctorum
1714 4982 1835 5037 Petrum

142 5073 237 5130 inanis
258 5075 435 5147 innomine,
451 5080 479 5133 et
500 5076 567 5132 alibi
586 5094 593 5132 :
611 5098 625 5127 «ι
644 5077 765 5149 Vigilate
787 5086 816 5134 et
836 5081 913 5134 orate
937 5083 966 5134 et
1015 5071 1118 5129 statuta
1130 5077 1190 5128 tam
1204 5072 1355 5145 praeteritis
1364 5089 1451 5145 quam
1464 5073 1567 5129 latueris
1576 5073 1754 5146 temporibus
1766 5091 1837 5131 ana·

143 5172 215 5225 atate
228 5169 257 5225 in
277 5168 345 5236 tide,
366 5169 487 5226 viriliter
504 5170 580 5243 agite
601 5177 629 5227 et
644 5167 1201 5242 confortamini,omnia1)thematirant
1221 5166 1435 5236 submovemus,
1450 5171 1479 5222 et
1497 5167 1532 5222 ab
1555 5167 1633 5223 omni
1652 5168 1834 5225 accusatione

141 5267 238 5319 vestra
249 5263 280 5319 iu
293 5263 433 5320 charitate
447 5264 517 5320 fiant
531 5265 553 5333 ll
564 5264 624 5322 Gor.
641 5268 756 5333 xv1‚sa,
773 5265 856 5338 14).»
1015 5261 1145 5317 fidelium
1167 5260 1334 5316 alienamus.
1358 5260 1473 5317 Discreti
1497 5278 1566 5335 ergo
1592 5278 1706 5334 semper
1727 5261 1837 5319 debent

176 5361 297 5432 insuper
309 5362 337 5414 et
356 5357 427 5414 illud
447 5374 496 5414 vos
510 5359 581 5415 scire
600 5359 805 5426 desideramus,
826 5358 893 5431 quia
911 5374 964 5414 no·
1015 5371 1075 5411 esse
1088 5354 1185 5410 lideles
1203 5355 1239 5409 ab
1256 5353 1430 5422 infidelibus,
1451 5360 1480 5411 et
1488 5355 1558 5426 justi
1573 5355 1608 5410 ab
1625 5354 1748 5427 injustis,
1764 5372 1838 5429 quo·

141 5451 207 5507 stris
234 5451 415 5524 temporibus
441 5452 682 5525 praepedientibus
714 5451 833 5524 quidem
860 5451 965 5508 nostris
1013 5449 1091 5506 niam
1113 5447 1241 5504 infideles
1260 5452 1288 5504 ct
1311 5448 1437 5504 malivoli
1469 5449 1561 5506 modis
1585 5449 1688 5522 quihus
1714 5454 1837 5522 possunt

140 5545 272 5617 peccatis,
285 5546 423 5603 suadente
432 5546 550 5618 antiqno
560 5546 642 5601 hoste
651 5545 700 5618 qui
712 5560 835 5617 semper,
848 5562 862 5596 c
879 5549 911 5600 ut
920 5545 964 5601 leo
1014 5559 1128 5615 semper
1140 5542 1277 5598 infestant
1290 5540 1387 5599 fideles
1400 5546 1429 5598 et
1440 5543 1560 5614 perdere
1572 5543 1713 5613 nituntur,
1726 5546 1755 5598 et
1768 5544 1835 5601 ideo

142 5637 270 5709 rugiens,
281 5638 381 5697 circuit
394 5655 527 5713 quaerens
539 5655 625 5711 quem
636 5638 760 5694 devoret.
770 5659 784 5689 u
794 5638 965 5711 Supervenit
1012 5652 1072 5694 non
1086 5639 1153 5692 sunt
1168 5636 1352 5709 suscipiendi,
1369 5637 1418 5693 sed
1429 5635 1588 5710 repellendi
1608 5639 1637 5692 et
1649 5636 1748 5708 procul
1760 5637 1837 5710 abji-

140 5729 267 5784 Novatus
280 5747 316 5786 ex
334 5733 438 5804 Africa,
461 5737 491 5789 et
506 5730 646 5805 separavit
659 5731 694 5788 de
714 5731 838 5788 Ecclesia
859 5732 964 5789 Christi
1012 5729 1115 5798 ciendi,
1141 5747 1178 5787 ue
1203 5731 1322 5804 perdere
1347 5731 1446 5788 fideles
1473 5733 1523 5787 aut
1547 5730 1684 5788 infamare
1710 5731 1836 5802 possint.

115 5817 317 5876 moecharum
335 5827 367 5878 et
387 5826 533 5896 quosdam
558 5825 630 5885 alios
650 5825 756 5886 Christi
777 5828 962 5900 confessores,
1013 5825 1201 5900 Quapropter,
1225 5823 1397 5894 charissimi,
1426 5830 1520 5882 cavete
1545 5825 1646 5883 talium
1671 5825 1785 5884 lorcam
1803 5825 1837 5884 iu
