3870 6150
68 255 139 308 ttott
689 251 925 307 {insufflantem
944 250 1136 308 contactio.
1684 253 1750 306 1166
1817 326 1821 339 Ι

61 361 129 432 ejus
141 358 349 432 perficiendum
359 360 512 430 decertata,
523 363 557 416 nt
566 364 670 416 etcum
681 360 799 432 egregio
810 364 883 432 Apo·
893 370 922 445 Α
933 360 1064 417 diffusam
1078 379 1094 417 a
1107 379 1135 418 se
1151 363 1282 434 gratiam,
1297 363 1367 419 utin
1383 361 1490 419 unitate
1504 360 1581 431 fidei,
1596 364 1625 417 et
1640 361 1670 417 in
1683 361 1747 417 rin·

61 456 139 510 stolo
151 453 322 510 mereamini
336 453 448 522 dicere:
462 476 476 504 u
485 455 597 511 Bonum
608 460 754 511 certamen
767 456 880 524 certavi,
932 458 995 513 culo
1016 457 1094 529 pacis
1111 458 1270 526 ambuletis,
1292 460 1321 513 et
1335 480 1349 507 «
1363 457 1398 512 sit
1413 457 1546 530 splendor
1568 455 1683 512 Domini
1698 454 1748 512 usi

61 565 181 604 cursum
193 548 495 615 consummari,tldem
511 550 629 605 servavi.
646 550 685 605 De
700 551 824 623 reliquo,
840 567 882 605 re·
932 552 1021 607 nostri
1047 568 1134 624 super
1155 570 1206 608 nos
1229 554 1312 621 (Psoi.
1340 569 1450 621 nxxxrr,
1470 553 1512 623 tr)
1532 571 1547 601 a
1572 549 1747 606 dilectissimi

60 643 160 714 posita
172 646 214 698 est
227 642 299 698 mibi
313 659 419 698 corona
430 643 561 714 justitiae,
589 661 676 717 quam
690 644 793 700 reddet
809 644 880 701 mihi
932 646 1013 716 milri,
1030 651 1058 702 et
1072 646 1224 702 abundans
1238 646 1329 718 gratia
1342 646 1420 719 pacis
1439 649 1467 701 et
1488 644 1641 712 charitatis,
1666 647 1698 700 nt
1712 644 1747 700 si·

62 736 203 793 Dominus
215 735 245 791 in
259 736 342 793 illum
358 736 436 792 diem
452 737 545 808 justus
556 738 646 810 judex
662 739 697 810 (ll
716 741 783 795 itm.
800 755 836 809 ιι,
853 740 880 806 6,
933 741 968 795 tis
980 756 1071 796 tinum
1090 757 1191 812 corpus
1211 741 1343 813 spiritalis
1356 740 1456 796 matris
1468 743 1569 796 vestras
1582 741 1685 794 sanctae
1705 754 1748 794 ca·

62 833 102 901 8).
116 854 130 877 ι»
142 830 304 886 Salutantes
314 847 361 885 vos
371 831 401 886 in
412 830 535 887 Domino
545 833 640 889 valere
650 837 793 905 optamus.
807 834 882 889 Bene
932 834 1043 890 thelicae
1060 839 1089 890 ct
1108 834 1269 906 apostoliea
1283 835 1333 890 Dei
1350 833 1492 902 Ecclesia,
1506 833 1536 889 in
1548 849 1616 907 qua,
1630 834 1686 889 Deo
1698 848 1747 888 au·

62 926 164 981 rarlete.
187 925 256 980 flata
273 925 335 980 flat.
357 925 472 997 Aprilis,
493 926 656 998 imperante
676 926 793 983 domino
812 928 882 984 Con·
932 933 1010 985 ctore
1025 933 1054 985 et
1068 929 1248 1001 dispositore,
1260 929 1391 1001 quamvis
1409 932 1491 984 tanto
1508 927 1622 1000 fastigio
1640 926 1748 982 viribus

62 1020 203 1089 stantiae,
218 1035 324 1090 magno
338 1019 523 1091 imperatore,
538 1037 614 1076 anno
629 1022 674 1089 et,
692 1022 807 1093 imperii
819 1023 844 1094 ej
850 1040 882 1078 us
932 1024 1019 1096 longe
1032 1024 1166 1096 impares,
1176 1038 1347 1095 praesumus,
1359 1022 1509 1094 implentes
1521 1022 1590 1077 illud
1602 1020 1748 1094 propheti·

61 1128 141 1168 anno
156 1116 183 1183 2,
197 1111 353 1169 indictione
367 1116 459 1169 sexta.
932 1134 998 1174 cum
1012 1118 1120 1174 dictum
1136 1134 1143 1172 ι
1157 1139 1171 1166 «
1186 1120 1255 1174 Ecce
1267 1133 1354 1190 quam
1369 1117 1487 1185 bonum,
1502 1120 1530 1172 et
1543 1132 1630 1190 quarn
1641 1116 1745 1187 jucun·

131 1208 253 1279 Epistola
271 1208 408 1264 Zacharia
420 1209 458 1264 ed
470 1212 640 1279 Bontloctum
652 1213 814 1283 episcopam.
932 1214 1001 1268 dum
1015 1211 1156 1279 babitare,
1174 1212 1275 1268 fratres
1296 1211 1324 1266 in
1345 1227 1436 1266 unum
1456 1210 1540 1281 (Psoi.
1556 1227 1655 1279 cmu,
1674 1211 1709 1281 l).
1731 1230 1745 1260 u

99 1301 350 1358 Reverendissimo
372 1307 401 1359 et
423 1303 601 1360 sanctissimo
622 1304 881 1374 tamboanus
932 1306 1043 1362 Etenim
1071 1310 1100 1362 et
1125 1306 1149 1360 si
1173 1322 1225 1377 pro
1248 1305 1360 1360 itineris
1382 1303 1562 1377 longitudine
1583 1320 1747 1376 quanquam

63 1396 235 1468 coepiscopo
249 1399 412 1467 Zacaanrss,
427 1414 523 1454 servus
536 1415 681 1455 serrorum
696 1399 754 1455 [tei.
931 1416 1049 1473 corpore
1071 1417 1168 1455 sumus
1188 1399 1329 1466 absentes,
1349 1399 1379 1454 in
1394 1398 1500 1471 Spiritu
1515 1385 1611 1454 tamen
1625 1397 1748 1454 dilectio

6 1482 12 1491 ’
100 1490 234 1561 Virgilius
244 1496 273 1547 et
286 1491 435 1562 Sodamus,
445 1493 498 1548 viri
506 1493 641 1564 religiosi,
653 1493 731 1566 apud
741 1494 882 1565 Bajoario·
930 1495 974 1550 nis
987 1510 1100 1565 semper
1113 1510 1211 1549 snmus
1225 1492 1305 1548 robis
1320 1495 1485 1564 praesentes,
1500 1492 1637 1548 babentes
1652 1508 1702 1547 ros
1715 1492 1746 1546 in

62 1601 128 1639 rum
143 1584 320 1656 provinciam
333 1585 480 1659 degentes,
494 1587 552 1642 suis
565 1588 642 1660 apud
658 1604 711 1643 nos
723 1587 825 1644 litteris
838 1588 880 1643 usi
930 1587 1083 1643 visceribus
1104 1587 1217 1655 nostris,
1246 1590 1274 1642 et
1296 1585 1408 1641 assidue
1432 1589 1556 1652 orantes,
1580 1589 1611 1641 ut
1633 1587 1707 1642 [teus
1720 1588 1749 1643 at

61 1683 139 1749 sunt,
163 1696 217 1751 per
237 1696 307 1751 quas
325 1680 542 1749 intimaverunt,
563 1682 640 1754 quod
663 1685 712 1737 tua
724 1683 882 1738 reverenda
933 1681 1070 1738 Dominus
1091 1685 1185 1737 noster
1198 1682 1278 1737 fesus
1289 1681 1417 1737 Christus
1431 1678 1522 1734 multo
1539 1679 1662 1751 amplius
1680 1696 1747 1735 con·

63 1774 230 1829 fraternitas
245 1775 286 1831 eis
306 1774 472 1847 injungeret
495 1775 668 1834 Christianos
683 1777 778 1832 denuo
792 1743 920 1850 bapti·B
932 1776 1027 1831 firmet
1039 1776 1241 1842 cordavestra,
1255 1777 1284 1829 et
1295 1773 1460 1830 corroboret
1474 1773 1504 1828 in
1522 1772 1762 1830 exhortationem'

63 1885 139 1924 zare.
154 1868 235 1933 Quod
254 1869 415 1940 audientes,
429 1870 516 1926 nimis
536 1871 644 1927 fuimus
662 1871 834 1939 conturbati,
853 1876 882 1927 et
932 1870 1076 1942 Evangelii
1091 1869 1121 1925 in
1137 1869 1296 1925 ministerio
1319 1885 1376 1940 quo
1399 1866 1565 1940 fungimini,
1590 1871 1622 1923 ut
1642 1868 1748 1923 credita

62 1964 92 2018 in
101 1963 324 2019 admirationem
337 1965 491 2036 quamdam
503 1964 666 2035 indicimus,
676 1965 837 2034 sihabetur,
849 1971 882 2022 ut
930 1964 1009 2020 robis
1037 1964 1117 2036 plebs
1142 1964 1241 2020 restris
1269 1963 1323 2035 piis
1347 1960 1602 2031 admonitionibus,
1619 1961 1748 2033 adjutore

63 2057 537 2133 dictumestltetuleruntquippe
550 2060 880 2132 quodtueritineadem
931 2059 996 2124 fleo,
1021 2075 1038 2112 a
1065 2058 1201 2114 diabolica
1225 2058 1324 2113 fraude
1348 2057 1478 2123 liberata,
1505 2055 1582 2110 salva
1604 2055 1747 2126 persistat,

63 2152 209 2223 provincia
230 2154 369 2221 sacerdos,
391 2154 441 2226 qui
462 2154 592 2210 Latinam
610 2154 741 2227 linguam
766 2155 881 2227 penitus
930 2168 1036 2224 vosque
1051 2153 1219 2208 mereamini
1233 2153 1268 2207 de
1286 2167 1386 2207 eorum
1401 2150 1551 2206 animabus
1566 2149 1595 2204 in
1608 2149 1653 2205 die
1667 2149 1747 2207 Chri-

64 2247 227 2318 ignorabat,
244 2251 272 2303 et
287 2248 356 2304 dum
371 2249 538 2321 baptizaret,
563 2249 692 2305 nesciens
711 2249 804 2305 Latini
824 2250 881 2305 elo
930 2246 966 2301 sti
978 2251 1129 2318 apportare
1150 2247 1273 2301 lucrum.
1295 2246 1436 2317 Scriptum
1454 2244 1560 2317 quippe
1579 2247 1641 2299 est:
1658 2264 1672 2292 «
1687 2242 1748 2298 Filii

63 2342 133 2414 quii,
147 2342 309 2414 infringens
321 2344 461 2415 linguam,
473 2344 601 2400 diceret:
620 2344 734 2416 Baptizo
744 2347 771 2399 tc
784 2344 814 2399 in
828 2361 878 2399 no·
930 2340 1087 2411 sapientie,
1111 2340 1234 2395 Ecclesia
1250 2340 1405 2410 justorum,
1420 2345 1449 2394 et
1463 2338 1542 2393 natio
1559 2354 1670 2405 eorum,
1684 2335 1748 2391 obe·

63 2437 141 2493 mine
156 2438 260 2509 Patria,
276 2444 305 2495 et
321 2439 400 2507 Eilia,
421 2442 450 2493 ct
470 2439 576 2511 Spiritu
592 2444 698 2509 saneta,
719 2438 880 2510 acperhoc
930 2433 1036 2489 diontia
1058 2437 1086 2488 et
1111 2433 1234 2488 charitas
1257 2432 1349 2502 (Ereti.
1378 2448 1418 2499 ιιι,
1445 2434 1480 2503 t).
1505 2451 1519 2483 a
1542 2431 1665 2487 Obsecro
1677 2446 1747 2503 ergo

62 2536 112 2587 tua
132 2532 297 2588 fraternitas
314 2533 504 2589 consideravit
526 2533 714 2606 rebaptizare,
737 2533 804 2601 Sed,
818 2551 881 2589 san-
929 2544 989 2597 vos,
1012 2527 1172 2582 charissimi
1196 2527 1264 2593 mei,
1286 2531 1317 2582 tlt
1331 2526 1418 2598 digne
1430 2526 1584 2581 ambuletis
1599 2525 1747 2580 vocatione

63 2626 188 2682 ctissime
201 2627 298 2695 frater,
313 2627 336 2682 si
357 2628 403 2683 ille
418 2628 469 2700 qui
486 2628 649 2700 baptizarit,
671 2645 729 2682 non
751 2644 879 2684 errorem
929 2638 985 2694 qua
999 2621 1087 2676 vocati
1102 2620 1178 2687 estis,
1190 2623 1221 2675 ut
1236 2620 1318 2675 decet
1330 2623 1515 2675 sanctoscum
1529 2620 1619 2673 nrulta
1632 2618 1745 2690 sapien·

62 2721 257 2789 introducens,
273 2727 323 2777 arrt
336 2722 480 2790 baeresim,
503 2723 553 2776 sed
574 2739 625 2794 pro
641 2723 701 2777 sola
714 2722 880 2795 ignorantia
929 2716 980 2784 tiu,
1010 2717 1211 2788 supportantes
1238 2713 1360 2769 invicem
1388 2713 1419 2768 11¹
1450 2713 1608 2782 charitate,
1634 2712 1747 2768 ³⁰lli⁰iti

61 2816 201 2871 Romanae
213 2816 365 2871 locutionis
382 2817 565 2885 infringendo
581 2817 721 2888 lingnam,
735 2822 878 2890 utsupra,
929 2825 1041 2864 servare
1056 2809 1198 2864 unitatem
1211 2807 1332 2880 Spiritus
1349 2807 1379 2862 iu
1401 2807 1513 2861 vinculo
1535 2805 1622 2877 pacis,
1637 2811 1666 2862 et
1679 2806 1745 2861 cha-

62 2909 114 2965 fati
128 2926 237 2977 sumus,
256 2911 405 2982 baptizans
427 2911 551 2977 dixisset,
574 2927 632 2966 non
646 2927 798 2983 possumus
811 2927 877 2967 eon·
929 2903 1022 2958 ritulis
1037 2905 1145 2974 (Epic-t·
1160 2919 1196 2969 lv,
1215 2902 1268 2969 llil,
1284 2901 1353 2973 <luia
1368 2923 1382 2950 (ι
1395 2900 1460 2955 finit
1474 2899 1611 2972 ltrfflssssltti
1625 2899 1748 2955 charit&

63 3003 179 3071 sentire,
199 3008 230 3059 ut
247 3004 341 3060 denuo
353 3004 544 3077 baptizentur,
561 3004 637 3077 qnia,
652 3009 701 3061 tua
714 3005 791 3078 quod
806 3005 880 3062 hena
929 3003 971 3054 est
991 2998 1025 3053 de
1047 2997 1133 3053 eorde
1154 3012 1227 3068 puro
1249 3000 1277 3050 et
1292 2995 1464 3051 conscientia
1478 2995 1563 3062 bona,
1578 2999 1607 3050 et
1618 2992 1675 3049 flde
1687 3009 1747 3049 non

62 3100 246 3169 compertum
271 3099 358 3155 habet
377 3103 474 3154 sancta
503 3100 680 3166 fraternitas,
715 3098 917 3188 quicunquae
929 3093 993 3147 fleta
1009 3092 1030 3151 fl
1041 3094 1110 3147 Tim.
1123 3108 1141 3157 ι,
1152 3092 1187 3157 5)-
1199 3112 1213 3140 u
1225 3089 1340 3145 Gaudeo
1351 3089 1379 3145 in
1391 3088 1479 3156 mitis,
1491 3087 1664 3158 chall⁵³ifflia
1677 3104 1747 3159 t11¹⁰·

61 3191 219 3262 baptizatus
233 3192 319 3249 ttrerit
333 3193 369 3248 ab
387 3193 541 3260 haereticis,
561 3193 590 3248 in
607 3194 724 3250 nomine
738 3193 837 3264 Patris,
851 3196 880 3248 et
930 3186 1009 3241 niam
1032 3185 1102 3240 fides
1126 3187 1227 3248 restra,
1250 3187 1278 3238 01
1300 3183 1395 3237 unitas
1409 3197 1542 3252 (6861109
1557 3181 1745 3254 Ρῑθῑῑθθὸθῦῑ»

62 3286 137 3353 Filii,
156 3291 186 3342 et
205 3287 325 3359 Spiritus
339 3288 438 3357 sancti,
462 3288 540 3343 nullo
555 3288 639 3343 modo
652 3287 819 3360 rebaptizari
834 3288 880 3343 de-
929 3284 958 3335 ut
971 3277 1120 3334 manifesta
1135 3293 1194 3332 110ss
1216 3276 1308 3330 ³0¹1¹ffl
1330 3291 1426 3330 00ffl¹11
1446 3275 1514 3345 ⁰0⁰,
1530 3274 1580 3330 sed
1594 3275 1681 3330 eiiam
1696 3291 1743 3329 ⁰0·

62 3380 121 3448 bet,
134 3381 184 3436 sed
199 3398 251 3453 per
261 3383 350 3437 solam
364 3399 465 3437 manus
480 3382 690 3454 impositionem
701 3383 821 3454 purgari
834 3382 881 3437 da.
929 3390 992 3428 ram
1005 3372 1138 3427 omuibus
1151 3369 1327 3436 bominibus,
1342 3368 1410 3424 dum
1427 3368 1464 3423 ad
1478 3368 1621 3423 fautorem
1636 3371 1665 3423 et
1679 3383 1743 3423 ma·
1838 3449 1844 3458 .

930 3467 1050 3539 gistrum
1063 3468 1189 3521 vestrum
1202 3482 1218 3518 a
1234 3465 1290 3518 [ico
1303 3462 1499 3531 constitutum,
1509 3461 1623 3516 beatum
1633 3464 1745 3534 aposto·

929 3562 1023 3616 lorum
1037 3559 1208 3632 principem,
1228 3558 1356 3626 Petrum,
1379 3554 1587 3628 benignissima
1599 3554 1744 3610 voluntate

61 3474 123 3530 bet.
139 3475 221 3545 Nam,
235 3475 411 3531 sanctissime
424 3477 522 3543 frater,
533 3476 557 3530 si
567 3477 606 3531 ita
621 3480 673 3541 est,
693 3479 726 3530 ut
742 3475 823 3530 nobis
839 3491 880 3531 re·

61 3568 880 3642 latumest,nonampliusateillispradicenturhujusmo·

61 3664 103 3729 di,
114 3662 164 3718 sed
175 3667 206 3718 ut
215 3665 311 3719 Patres
321 3664 520 3719 sanctidocent
532 3667 560 3719 et
574 3663 740 3736 praedicant,
755 3667 806 3719 tua
819 3680 880 3718 san-

60 3757 145 3812 ctitas
155 3757 267 3813 studeat
277 3774 456 3814 conservare.
477 3757 770 3813 Deusteincolumcm
784 3761 879 3813 custo·

62 3851 132 3919 diat,
150 3851 382 3908 reverendissime
391 3852 490 3908 frater.
502 3853 572 3907 flata
583 3852 644 3908 Kal.
653 3851 728 3920 tulii,
736 3851 879 3923 imperan-

62 3949 92 3999 te
105 3945 222 4000 domino
235 3945 362 4017 piissimo
371 3948 497 4017 Augusto
508 3946 705 4013 Constantino,
716 3946 880 4001 otteocoro

61 4042 142 4106 nato,
152 4055 258 4109 magno
269 4039 449 4112 imperatore,
463 4056 538 4095 atino
551 4043 595 4107 rc,
607 4039 722 4111 imperii
732 4039 793 4111 ejus
802 4056 879 4095 anno

62 4136 176 4205 quarto,
190 4132 347 4188 indictione
360 4138 463 4205 quarta
476 4132 595 4188 decima.

142 4229 208 4283 item
221 4228 334 4298 aristeto
346 4228 467 4296 eJ'usdem
479 4227 516 4281 ad
529 4229 664 4298 episcopos
672 4225 800 4282 diuersos.

99 4318 292 4374 Dilectissimis
303 4319 393 4387 nobis,
406 4320 576 4376 Recurramo
584 4318 810 4390 Rothomagensi
823 4319 880 4391 epi-

61 4429 161 4485 seopo,
175 4413 316 4469 Rrussnro
325 4413 509 4468 ambianensi
521 4413 663 4485 episcopo,
673 4413 803 4469 Deonaro
816 4413 878 4469 Bel·

930 3653 1057 3711 conversi
1071 3653 1149 3709 estis.
1162 3650 1324 3707 Laudabilis
1342 3649 1413 3705 fides
1422 3655 1513 3705 vestra
1523 3651 1552 3705 et
1561 3649 1640 3705 bona
1654 3648 1743 3719 fama,

930 3749 1065 3822 quioniam
1094 3770 1108 3796 u
1133 3745 1259 3818 idipsum
1284 3744 1381 3816 sapitis
1403 3743 1478 3816 quod
1502 3746 1616 3816 oportet
1642 3759 1743 3814 sapere

930 3845 1015 3913 (Rom.
1037 3858 1085 3908 ιιι,
1105 3842 1141 3911 3).
1163 3862 1177 3889 u
1200 3840 1234 3895 Et
1252 3856 1337 3906 nunc,
1363 3839 1418 3893 Deo
1438 3840 1620 3909 cooperante,
1640 3839 1683 3891 est
1697 3853 1746 3907 ag·

930 3940 1050 4009 gregata
1075 3933 1207 3990 sanctitas
1227 3938 1320 3989 restra
1350 3935 1455 3987 nostrae
1481 3930 1609 3987 societati
1631 3931 1661 3986 in
1687 3946 1744 3985 uno

929 4029 1061 4103 pastorali
1093 4028 1168 4084 ovili.
1203 4029 1237 4083 Et
1268 4032 1311 4083 est
1342 4026 1425 4082 nobis
1455 4041 1529 4081 untrs
1559 4028 1666 4097 pastor,
1694 4025 1744 4096 qni

929 4142 946 4180 a
973 4126 1084 4197 pastore
1111 4126 1258 4195 pastorum
1295 4120 1415 4176 flamina
1447 4120 1505 4175 [teo
1540 4123 1569 4174 et
1600 4119 1744 4175 salvatore

930 4221 1029 4273 nostro
1041 4219 1107 4273 Jesu
1119 4216 1239 4281 Christo,
1253 4213 1386 4287 princeps
1400 4213 1594 4285 apostolorum
1609 4215 1638 4266 et
1649 4216 1753 4267 noster·

930 4312 1030 4367 doctor
1053 4314 1095 4366 est
1120 4309 1274 4365 institutus.
1300 4307 1414 4364 llabctis
1439 4308 1535 4379 itaque
1554 4307 1654 4362 nostra
1684 4306 1743 4360 vico

929 4406 964 4461 ad
977 4403 1205 4460 confirmandam
1218 4402 1402 4458 dilectionem
1419 4405 1552 4467 vestram,
1574 4404 1603 4454 et
1617 4398 1742 4453 collabo-

60 4505 204 4561 lovacensi
222 4507 364 4578 episcopo,
387 4508 508 4562 llearsno
539 4505 711 4562 florianensi
737 4487 1052 4578 episcopo,Drandum
1074 4496 1153 4552 robis
1177 4496 1208 4550 in
1226 4495 1378 4565 Evangelio
1404 4492 1507 4549 Christi
1531 4491 1743 4546 sanctissimum

60 4600 211 4655 Ft'ecrarco
224 4599 380 4670 'fungiensi
394 4598 810 4672 episcopo,Dar1nSpitonensi
822 4598 881 4671 epi·
931 4610 963 4648 ac
976 4590 1246 4648 reverendissimum
1261 4587 1449 4653 bonifacium,
1470 4585 1589 4640 fratrem
1601 4586 1744 4652 nostrum,

60 4708 160 4765 scopo,
174 4694 300 4749 Erusnso
313 4693 554 4750 chardomenensi
570 4693 712 4767 episcopo,
723 4694 881 4750 futuram·
931 4685 1185 4758 archiepiscopum,
1201 4682 1374 4755 apostolicae,
1388 4679 1462 4735 sedis
1472 4681 1599 4750 legatum
1613 4681 1643 4733 et
1652 4677 1745 4733 vicem

62 4804 98 4844 oo
112 4788 312 4843 Cameracensi
327 4789 471 4860 episcopo,
491 4788 636 4844 braciano
652 4787 880 4842 Wizarburncnsi
932 4785 1057 4837 nostram
1082 4781 1312 4851 praesentantem.
1332 4775 1375 4831 Sit
1393 4790 1462 4845 ergo
1476 4773 1637 4828 constantia
1653 4775 1746 4828 vestra

61 4882 206 4953 episcopo,
221 4882 385 4938 Graeciano
399 4882 582 4937 Laudunensi
600 4881 881 4953 episcopationem
930 4875 1065 4929 adversus
1079 4871 1272 4927 contentiones
1286 4884 1387 4925 0⁰l11m
1407 4867 1456 4939 ‘1¹¹5
1479 4866 1599 4922 utilem
1620 4865 1745 4938 Sittium,

62 4975 200 5031 lfeldensi
215 4975 359 5048 episcopo,
376 4980 532 5032 barrotano
554 4974 714 5030 Coloniensi
737 4974 880 5046 episcopo,
932 4971 960 5023 et
985 4982 1044 5022 nou
1060 4982 1124 5037 quae
1148 4964 1196 5020 Dei
1217 4966 1285 5019 sunt
1304 4963 1398 5031 tlfarc.
1421 4977 1479 5028 ιιιι,
1496 4963 1551 5031 33),
1574 4963 1602 5015 θῖ
1624 4959 1679 5015 0¹⁸st
1694 4959 1747 5013 f01‘·

63 5071 160 5125 nanno
171 5069 370 5142 straburgensi
386 5071 530 5143 episcopo,
553 5074 583 5125 et
595 5069 706 5125 efficeris
725 5067 882 5123 amantissi-
930 5062 988 5119 tior
1008 5064 1090 5132 petra
1111 5057 1270 5113 constantia
1288 5061 1398 5124 vestra,
1422 5055 1493 5111 sicut
1518 5054 1655 5126 scriptum
1681 5057 1744 5107 est:

65 5163 121 5218 mis
148 5163 297 5237 episcopis,
324 5165 506 5238 presbyteris,
536 5168 565 5221 et
589 5164 675 5220 etiam
704 5161 881 5228 diaconibus,
933 5157 1000 5211 «Ne
1016 5151 1167 5209 timueritis
1185 5152 1221 5206 ab
1245 5150 1297 5220 eis,
1324 5165 1420 5222 neque
1445 5147 1609 5206 terreamini
1633 5161 1650 5199 s
1674 5144 1745 5199 facie

63 5257 410 5329 cunctisqueorthodoxis
423 5259 610 5315 Ecclesiaram
630 5257 680 5314 Dei
691 5256 801 5312 clericis
811 5271 881 5327 apo·
932 5264 1031 5306 eorum
1046 5246 1097 5319 qui
1108 5244 1361 5318 corpuscccidunt,
1373 5245 1500 5300 animam
1511 5246 1675 5297 autemnon
1687 5253 1747 5309 pos·

63 5351 193 5407 stolicam
220 5351 380 5408 doctrinam
407 5353 582 5420 tenentibus,
607 5354 759 5408 Ztensarss
788 5349 883 5405 divina
932 5345 998 5401 sunt
1013 5341 1150 5398 occidere.
1163 5362 1177 5389 u
1196 5338 1302 5405 «Quod
1315 5342 1412 5395 antmn
1426 5338 1457 5393 in
1469 5350 1536 5391 aure
1552 5331 1665 5399 auditis,
1677 5345 1748 5402 prte-

62 5446 157 5516 maun
167 5445 305 5517 praeditus
319 5446 563 5520 apostolicaesedis
573 5444 711 5518 pontifex,
726 5459 824 5499 servus
835 5458 884 5498 au·
933 5439 1024 5494 dicate
1049 5435 1078 5491 in
1105 5433 1225 5501 lumine,
1243 5433 1325 5488 illum
1351 5433 1484 5487 timentes
1506 5425 1555 5498 qui
1578 5428 1670 5497 potest
1687 5439 1749 5478 cor-

63 5544 124 5594 tem
138 5554 284 5594 servorum
297 5540 358 5609 nei,
372 5540 402 5595 in
413 5540 534 5596 nomino
548 5541 669 5595 salutem
683 5537 762 5593 dicit,
933 5548 987 5604 pus
998 5536 1027 5587 et
1040 5529 1168 5586 animam
1191 5526 1329 5595 occidere,
1352 5529 1381 5580 et
1402 5521 1517 5577 mittere
1537 5518 1567 5574 in
1587 5517 1748 5591 gebennam

99 5631 211 5687 (tracias
236 5648 291 5705 ago
314 5635 371 5690 lieo
394 5634 469 5690 Patri
497 5632 699 5705 omnipotenti,
719 5634 748 5686 et
763 5629 883 5686 Domino
934 5626 1042 5695 (natta.
1066 5640 1093 5691 ι,
1119 5625 1165 5692 26,
1189 5623 1245 5691 28).
1273 5619 1423 5673 »Fratres
1444 5613 1511 5683 mei,
1536 5613 1566 5668 in
1588 5627 1672 5668 carne
1688 5627 1749 5666 am·

62 5727 129 5781 trsu
142 5726 255 5783 Christo
267 5727 352 5783 unico
364 5728 433 5783 Filio
447 5729 518 5799 ejus,
540 5733 569 5783 et
582 5725 700 5798 Spiritui
712 5726 821 5792 sancto,
834 5722 883 5794 qui
933 5718 1079 5784 balantes,
1125 5732 1182 5771 non
1229 5711 1383 5769 secuudum
1424 5723 1541 5764 curnem
1583 5705 1747 5761 militemus·

62 5824 159 5876 restra
172 5821 301 5877 omnium
325 5822 411 5878 corda
429 5821 607 5877 inflammare
628 5819 763 5893 dignatus
777 5821 819 5874 est
832 5833 885 5893 per
937 5838 949 5859 «ι
963 5817 1050 5868 Arma
1070 5810 1149 5866 enim
1168 5805 1276 5863 militiae
1289 5806 1396 5860 nostras
1413 5818 1469 5859 non
1485 5800 1621 5870 carnalia,
1635 5799 1683 5856 sed
1698 5814 1748 5872 po·
