3870 6150
11 282 14 287 ’
122 297 173 350 aaa
563 292 868 347 termemeno.
891 288 1353 350 rx-tstecerueeexroms
1443 266 1449 275 '

124 400 206 456 nohis
220 403 246 453 et
262 398 290 452 iu
303 397 421 452 concilio
438 399 597 466 statuenda,
620 401 643 453 si
658 399 770 454 ridetur
782 399 861 454 voltis
876 399 938 470 pari
948 402 1073 482 Abitur.
1087 401 1216 457 Universi
1234 400 1377 469 dixerunt,
1401 397 1597 454 saluberrime
1615 397 1706 470 proies

123 493 262 549 sententia
276 496 430 547 teneantur
448 492 535 546 ctiam
555 492 585 546 hi
604 492 654 562 qui
673 509 738 547 cum
753 492 843 547 viduis
861 508 936 546 com·
989 495 1150 550 debuerunt
1165 512 1182 549 a
1195 493 1400 549 [anteconcedi
1412 491 1541 547 consilio.

121 589 281 651 morantur,
310 587 339 639 et
363 584 441 639 nulla
461 601 560 640 secum
583 585 769 656 germanitate
793 585 938 657 conjuncti
1023 589 1054 650 x.
1077 589 1152 643 Felix
1172 587 1319 659 episcopus
1342 583 1467 639 Baiensis
1490 583 1583 639 dixit:
1602 583 1703 639 Ntrllns

122 682 197 734 sunt.
230 676 358 733 Universi
385 676 528 747 dixerunt,
553 678 636 749 juxta
664 678 763 734 viduos
786 682 815 735 et
839 678 938 733 viduas
988 682 1165 754 collegasuo
1179 682 1272 736 lacere
1286 676 1706 751 injuriam,multienimettm

121 773 221 827 eadem
236 771 283 825 lex
296 773 410 825 maneat
424 774 452 827 et
463 771 615 828 sententia.
988 774 1060 830 dunt
1079 792 1140 841 sua,
1166 777 1195 829 et
1212 775 1354 845 usurpant
1375 772 1468 827 aliena
1489 770 1557 843 ipsis
1577 769 1687 826 inritis.

157 867 188 920 V.
212 863 354 919 Primatus
380 864 529 936 episcopus
551 862 749 937 Begisilitanus
768 862 846 932 dixit,
870 880 937 935 sug·
988 867 1231 940 episcopusdixit,
1247 865 1373 922 avaritiae
1395 864 1582 937 cupiditatem
1601 862 1706 919 radicet

123 975 192 1030 gero
206 957 350 1013 sanctitati
362 961 473 1029 vestroe,
490 960 523 1013 ut
537 958 668 1014 statuatis
682 975 741 1012 non
760 957 845 1012 licere
857 957 937 1012 cleri-
987 961 1068 1017 nium
1084 961 1226 1016 malornm
1238 976 1298 1016 esse
1319 975 1405 1014 nemo
1426 957 1531 1029 estqui
1548 956 1706 1012 dubitent

122 1068 189 1107 cum
202 1051 329 1106 alienum
342 1049 377 1105 ab
391 1051 485 1122 aliquo
501 1050 606 1122 suscipi
621 1051 681 1106 sine
696 1049 797 1106 litteris
813 1049 939 1122 episcopi
989 1054 1178 1110 inhibendum
1193 1058 1246 1122 est,
1262 1069 1298 1108 nc
1316 1052 1380 1124 quis
1397 1052 1507 1107 alienos
1524 1051 1597 1105 lines
1614 1064 1705 1122 usurp

121 1145 174 1213 sui,
193 1161 285 1217 neque
299 1146 373 1216 apud
394 1160 423 1199 se
442 1144 578 1213 retinere,
602 1161 654 1200 nec
671 1143 778 1199 laicum
801 1159 939 1215 usurpare
988 1147 1170 1204 transcendat
1182 1147 1346 1219 episcopum
1358 1145 1495 1215 collegam
1510 1159 1605 1213 snum,
1625 1145 1706 1197 antu

122 1238 175 1293 sibi
188 1237 222 1293 de
235 1237 316 1308 plebe
330 1237 434 1307 atiena,
454 1241 485 1293 ut
497 1253 563 1294 eum
581 1237 694 1294 ordinet
714 1237 774 1292 sina
792 1234 938 1293 conscien-
987 1241 1104 1297 nlterius
1122 1239 1221 1312 plebes
1242 1239 1304 1294 sine
1323 1239 1384 1310 ejus
1405 1237 1506 1310 petitu,
1529 1236 1598 1308 quia
1617 1235 1687 1291 inde

123 1332 165 1386 tia
177 1331 239 1403 ejus
254 1331 388 1403 episcopi,
408 1332 443 1386 de
458 1331 539 1403 cujus
553 1332 637 1402 plebe
650 1335 702 1386 est.
716 1331 816 1386 Gratus
829 1329 938 1401 episco-
988 1335 1064 1389 mala
1079 1333 1178 1390 omnia
1198 1336 1382 1404 generantur.
1397 1328 1524 1387 Universi
1545 1329 1693 1400 dixerunt,

122 1440 176 1496 pus
190 1424 268 1495 dixit,
285 1424 346 1479 haec
364 1423 540 1479 observantia
558 1440 658 1495 pacem
674 1423 805 1479 custodit.
825 1423 896 1477 Nam
912 1427 941 1478 et
988 1427 1090 1499 placet.

124 1518 245 1574 memini
258 1517 287 1572 in
303 1517 480 1573 sanctissimo
491 1517 610 1573 concilio
620 1517 779 1573 sardicensi
791 1518 938 1586 statutum,
1024 1521 1066 1574 Xl.
1095 1519 1304 1591 Elpidophorus
1328 1517 1520 1574 Cuiealitanus
1549 1514 1701 1588 episcopus

122 1617 158 1666 ut
174 1627 259 1667 nemo
281 1611 397 1666 alterius
415 1610 506 1683 plebis
526 1610 674 1666 hominem
697 1614 825 1682 usurpet,
842 1609 891 1665 sed
916 1608 939 1664 si
989 1615 1096 1668 statuat
1124 1612 1257 1669 sanctitas
1275 1615 1369 1669 vestra
1391 1615 1424 1666 ut
1442 1609 1537 1666 clerici
1557 1607 1608 1680 qui
1629 1622 1706 1681 supet

122 1705 197 1760 torte
217 1703 271 1759 erit
290 1704 473 1772 necessarius,
497 1707 608 1775 petata
631 1704 738 1776 collega
755 1720 816 1770 suo,
837 1706 866 1759 et
888 1718 940 1774 per
989 1710 1170 1762 contumaces
1201 1709 1276 1775 sunt,
1313 1707 1507 1772 coerceantur,
1538 1702 1572 1758 ut
1603 1702 1654 1772 qui
1682 1716 1706 1756 n

121 1814 290 1853 consensum
305 1798 420 1853 habeat.
949 1774 1142 1872 Bmajorihus
1168 1798 1359 1872 irrogaverint
1383 1796 1511 1869 injurias,
1538 1798 1651 1851 metum
1673 1793 1706 1849 he

157 1892 199 1946 Vl.
225 1889 349 1946 Nicasius
372 1889 520 1962 episcopus
537 1889 731 1947 Gulustitanus
754 1890 834 1960 dixit,
856 1889 939 1945 eredo
988 1893 1088 1949 Gratus
1105 1892 1256 1965 episcopus
1274 1891 1354 1960 dixit,
1380 1889 1565 1945 manifestum
1584 1892 1629 1943 est
1648 1885 1706 1943 illm

121 1985 233 2056 placere
257 1983 470 2056 suggestionem
498 2000 593 2041 meam
624 1984 765 2040 sanctitati
788 1986 890 2039 vestrae
912 1985 940 2039 et
989 1986 1122 2054 esseltei,
1143 1985 1193 2057 qni
1213 1984 1406 2040 humilitatem
1428 1981 1596 2048 contemnit,
1617 1978 1706 2036 sedd

121 2078 271 2151 displicere
297 2075 395 2145 robis,
423 2080 456 2131 ut
477 2077 527 2149 qui
547 2077 674 2133 serviunt
698 2078 755 2133 Deo
776 2081 805 2134 et
836 2076 940 2132 annexi
990 2079 1039 2151 qui
1053 2078 1192 2151 superbiae
1208 2078 1342 2133 inventor
1356 2080 1384 2132 et
1396 2076 1597 2148 princepsest;
1617 2074 1692 2130 unde

122 2171 284 2240 suntclere,
300 2187 358 2224 non
373 2170 509 2226 accedant
521 2170 646 2225 adactus
660 2169 940 2226 seuadministratio-
988 2172 1116 2228 tumidus
1141 2172 1185 2228 vel
1209 2170 1430 2228 contumeliosus
1454 2166 1594 2224 exstiterit
1618 2167 1648 2221 in
1669 2182 1706 2222 mr

121 2280 189 2320 nem
201 2263 245 2318 vel
255 2261 485 2335 procurationem
498 2264 660 2320 domorum.
672 2264 776 2319 Gratus
789 2261 939 2335 episcopus
990 2269 1067 2335 natu,
1084 2268 1128 2321 vel
1142 2265 1265 2338 aliquam
1281 2280 1395 2318 causam
1414 2261 1555 2328 habuerit,
1570 2277 1586 2315 a
1606 2259 1696 2316 tribus

124 2356 204 2426 dixit,
216 2359 246 2410 et
258 2355 448 2427 apostolorum
461 2359 565 2412 statuta
578 2361 717 2429 suntquae
731 2355 839 2424 dicunt,
854 2371 940 2410 nemo
989 2359 1138 2432 episcopis,
1153 2359 1175 2413 si
1194 2358 1329 2413 diaconus
1353 2361 1395 2412 est
1415 2359 1561 2427 arguatur,
1579 2354 1603 2408 si
1627 2351 1706 2425 presb

121 2449 247 2506 militans
259 2450 317 2504 Deo
333 2448 438 2521 ingerit
452 2466 482 2504 se
497 2449 620 2521 negotiis
633 2448 815 2505 secularibus
824 2466 833 2518 3
847 2449 940 2520 proin-
989 2468 1048 2521 sex,
1063 2452 1085 2508 si
1105 2451 1255 2525 episcopus
1277 2468 1294 2505 a
1313 2449 1466 2506 duodecim
1487 2444 1706 2503 consacerdotint

122 2543 156 2599 de
182 2546 231 2598 aut
251 2542 347 2598 clerici
367 2542 423 2598 sint
443 2543 504 2599 sine
527 2542 687 2599 actionibus
709 2542 870 2611 domorum,
891 2546 940 2597 aut
990 2545 1094 2601 diatm.
1107 2544 1235 2601 Universi
1246 2544 1380 2600 dixerunt
1390 2541 1525 2615 episcopi,
1536 2542 1706 2613 contemptu:

124 2641 232 2694 actores
252 2637 313 2691 sine
333 2635 426 2692 ottlciu
451 2637 631 2693 clericorum.
648 2635 777 2693 Universi
797 2635 938 2700 dixerunt,
989 2638 1175 2693 contumaciae
1194 2640 1223 2693 et
1235 2637 1376 2710 superbie
1400 2636 1429 2691 in
1449 2634 1582 2690 omnihus
1596 2631 1699 2704 frangi,

122 2731 176 2786 hoc
188 2729 379 2785 observemus.
989 2747 1056 2786 vero
1068 2748 1121 2803 pro
1135 2731 1263 2803 personis
1279 2732 1315 2786 ab
1328 2734 1433 2786 statuto
1448 2743 1569 2784 numero
1584 2725 1706 2782 audiatur

158 2823 213 2876 Vll.
240 2822 375 2877 casianus
391 2821 537 2877 Usnlensis
560 2821 813 2895 episcopusdixit,
834 2824 941 2877 statuat
1025 2825 1081 2881 ΧΠ.
1110 2824 1272 2896 Antigonus
1291 2823 1438 2896 episcopus
1458 2821 1616 2878 tdatirensis
1635 2818 1706 2877 dixit

124 2914 246 2990 gravitas
260 2916 361 2984 vestra,
378 2919 410 2969 ut
427 2914 634 2987 unusquisque,
654 2915 772 2970 clericus
790 2915 834 2970 vel
854 2913 940 2969 laicus
989 2933 1053 2974 vem
1066 2917 1202 2990 injuriam
1224 2916 1329 2988 patior,
1353 2920 1382 2972 et
1403 2916 1487 2972 credo
1511 2914 1609 2971 dolere
1631 2915 1706 2969 sanct

123 3103 177 3160 sui.
188 3102 291 3158 Gratus
299 3101 448 3174 episcopus
457 3100 539 3172 dixit,
548 3101 661 3157 nisihoc
667 3101 978 3215 observatumfueritc
989 3120 1057 3160 nem
1072 3104 1219 3176 injuriam.
1236 3102 1386 3176 Optantius
1401 3119 1468 3158 eum
1484 3117 1512 3158 se
1523 3104 1706 3175 representat

123 3195 289 3260 communio
298 3195 347 3251 liet
359 3193 478 3266 passiva.
493 3195 562 3251 Nam
579 3195 604 3250 si
618 3212 684 3251 cum
696 3195 799 3251 litteris
811 3197 941 3267 receptus
991 3200 1069 3253 ctum
1084 3214 1183 3252 mcum
1196 3196 1308 3267 hahuit,
1320 3195 1478 3252 etdivisum
1495 3197 1548 3264 est,
1563 3197 1597 3249 ut
1608 3193 1706 3249 illiciat

123 3290 218 3359 tuerit,
246 3294 274 3346 et
299 3287 453 3345 concordia
479 3286 561 3344 inter'
580 3288 726 3361 episcopos
750 3292 886 3356 servatur,
913 3290 942 3344 et
991 3290 1088 3347 lorum
1103 3290 1301 3363 imperitorum
1311 3289 1423 3345 animas
1437 3287 1706 3360 contradisciplinan

122 3400 208 3441 nemo
219 3381 329 3439 subtilis
341 3382 459 3438 alterius
474 3381 590 3454 lugiens
599 3381 833 3439 communionem
847 3382 883 3437 ad
899 3383 940 3437 al·
991 3386 1036 3440 tra
1053 3382 1116 3456 77
1145 3383 1338 3456 evangelicam
1367 3381 1564 3450 traditionem,
1590 3384 1690 3437 contm

123 3482 219 3534 terum
233 3479 355 3533 latenter
367 3475 485 3531 accedit.
500 3475 628 3532 Universi
644 3476 791 3544 dixerunt,
808 3475 941 3532 omnibns
993 3467 1136 3551 placitam.
1154 3477 1224 3532 Nam
1238 3478 1259 3532 sl
1271 3476 1323 3532 sibi
1337 3492 1418 3548 posse
1430 3475 1597 3547 contingere
1607 3472 1706 3530 arbitra

124 3571 255 3645 provides
270 3570 386 3626 etelero
399 3569 519 3626 etlaicis
532 3568 666 3625 consulis.
992 3588 1141 3643 nunquam
1168 3572 1296 3643 prolecto
1321 3571 1350 3625 in
1372 3569 1490 3625 tratrem
1512 3566 1615 3641 uliquis
1636 3566 1706 3639 deliq

160 3666 227 3721 Vlll.
250 3664 368 3737 ldagnus
388 3663 538 3736 episcopus
564 3663 747 3735 astuagensis
767 3662 847 3734 dixit,
874 3661 943 3735 quid
994 3664 1069 3720 unde
1084 3669 1134 3720 aut
1147 3664 1247 3719 initam
1261 3662 1338 3736 pacti
1358 3662 1401 3717 sui
1420 3661 1547 3718 obtineat
1564 3660 1706 3717 firmitate!

24 3803 27 3808 .
125 3757 268 3816 dilectioni
293 3760 394 3814 vestra
421 3757 532 3813 videtur
561 3746 759 3830 procuratores
780 3760 808 3813 et
833 3761 943 3813 actores
992 3762 1151 3814 conventus
1159 3758 1288 3813 sisenen
1299 3755 1470 3824 cohibuerit,
1482 3753 1701 3810 ecclesiasticam

126 3854 213 3909 ctiam
227 3869 277 3925 per
285 3869 314 3907 se
322 3857 432 3908 tutores
442 3850 616 3925 pupillorum
627 3849 650 3905 si
660 3850 783 3906 debcant
793 3848 942 3905 ordinarit
994 3850 1183 3922 disciplinam.
1200 3849 1326 3906 Universi
1349 3848 1492 3918 dixerunt,
1507 3865 1560 3920 pax
1575 3850 1706 3914 servetur,

126 3946 225 4002 Gratus
237 3945 388 4017 episcopus
404 3943 486 4012 dixit,
500 3944 524 3998 si
541 3946 607 4016 post
620 3942 746 4014 deposita
761 3942 900 4012 universa,
916 3947 944 3996 ct
993 3943 1198 3999 custodiantur.

126 4038 237 4095 reddita
260 4036 420 4104 ratiocinia,
443 4036 466 4089 si
487 4040 567 4091 actus
598 4036 662 4090 vitre
688 4035 815 4106 ipsorum
838 4033 945 4090 tuerint
1029 4036 1096 4091 Xlll.
1111 4035 1468 4109 Abundantiusepiscopus
1482 4032 1706 4091 Adumetinusd

127 4130 241 4203 probati
263 4129 293 4183 in
313 4128 457 4197 omnibus,
479 4127 584 4182 dehent
604 4143 670 4182 cum
690 4127 775 4182 laude
797 4126 901 4197 clerici,
922 4128 944 4182 si
993 4132 1092 4186 nostro
1104 4129 1369 4186 conciliostatutum
1387 4133 1440 4198 est,
1466 4134 1498 4185 nt
1522 4144 1580 4184 non
1600 4128 1683 4184 liceat
1700 4142 1706 4180 ι

128 4219 847 4297 postulatituerinthonoremunerari.Sienimante
857 4219 942 4277 liher-
995 4223 1139 4291 tenerare;
1156 4223 1230 4296 quod
1241 4221 1382 4278 sanctitati
1397 4228 1453 4278 tuae
1468 4227 1497 4277 et
1510 4219 1704 4277 huieconcilio

128 4321 217 4374 tatem
228 4314 410 4387 negotiorum
419 4313 463 4369 vel
477 4313 636 4370 ciliciorum
650 4314 685 4368 ab
696 4314 793 4387 aliquo
802 4313 864 4370 sine
875 4333 943 4371 con·
995 4319 1041 4372 tur
1060 4315 1195 4387 praesenti
1214 4315 1319 4388 placito
1342 4315 1520 4387 designetur.
1543 4313 1645 4369 Gratus
1662 4310 1706 4385 epi

129 4410 301 4467 sideratione
328 4406 414 4463 luerit
442 4407 598 4477 ordinatus,
633 4407 757 4463 Ecclesia
781 4407 944 4465 infamatur.
995 4408 1077 4479 dixit,
1091 4409 1210 4464 novellae
1229 4408 1429 4481 suggestiones
1447 4424 1512 4479 qua
1530 4407 1573 4463 vel
1595 4405 1706 4462 obscura

130 4503 257 4562 Universi
272 4503 416 4570 dixerunt,
427 4505 503 4556 recte
520 4501 617 4557 emnia
632 4501 730 4557 statuit
743 4500 873 4559 sanctitas
886 4507 985 4582 tuan
996 4503 1040 4556 vel
1055 4503 1107 4557 sub
1122 4518 1225 4574 genere
1238 4503 1327 4557 latent
1348 4502 1513 4573 inspectae
1531 4499 1615 4555 nobis
1629 4499 1706 4555 tormt

131 4599 250 4670 ideoque
263 4597 301 4653 ita
313 4598 356 4652 est
368 4598 399 4650 et
410 4597 508 4650 nostra
522 4598 565 4650 est
576 4611 690 4670 quoquc
706 4594 856 4652 sententia.
997 4595 1111 4666 cipient.
1127 4595 1270 4651 Caeterum
1284 4596 1319 4650 de
1332 4594 1433 4666 quibus
1447 4593 1625 4667 apertissime
1635 4590 1706 4649 divin

167 4693 208 4747 lll.
222 4692 309 4746 Metus
321 4687 497 4745 canonensis
511 4689 657 4761 episcopus
670 4688 752 4758 dixit,
767 4691 843 4745 recte
857 4690 947 4745 statu·
998 4691 1082 4759 ptura
1095 4687 1190 4743 sanxit
1202 4705 1261 4744 non
1276 4686 1434 4744 differenda
1445 4687 1588 4743 sententia
1599 4689 1652 4755 est,
1664 4682 1706 4742 sed

132 4789 195 4841 turn
211 4789 263 4852 est,
285 4788 318 4838 ut
339 4781 452 4838 obnoxii
471 4780 570 4837 alienis
590 4782 714 4855 negotiis
733 4799 790 4838 non
811 4781 947 4838 ordinen·
998 4781 1189 4852 exsequenda,
1208 4780 1327 4853 proinde
1341 4781 1418 4853 qued
1437 4781 1466 4836 in
1487 4779 1566 4837 laicis
1584 4780 1706 4852 reprehe:

132 4883 189 4934 tur.
202 4877 308 4932 Tamen
320 4875 430 4931 dimissi
454 4878 484 4929 et
504 4875 607 4947 gratias
626 4875 733 4932 reterre
752 4875 866 4945 debent,
890 4881 949 4931 eta
999 4873 1027 4930 id
1045 4874 1244 4947 multomagis
1262 4873 1371 4931 clericis
1392 4879 1505 4947 oportet
1522 4873 1706 4946 predamnar

133 4969 301 5027 clericerum
328 4968 434 5041 injuria
452 4973 621 5040 temperare,
646 4971 675 5023 et
693 4968 762 5040 ipsis
787 4987 844 5025 non
868 4968 950 5024 liceat
999 4965 1069 5023 versi
1085 4966 1226 5038 dixerunt,
1237 4985 1321 5024 nemo
1332 4967 1603 5040 centraprcphetas‚
1619 4980 1704 5023 nemo

133 5063 249 5120 clericos
266 5063 377 5117 nostros
390 5060 495 5131 eligere
516 5059 712 5133 apothecarios
733 5061 776 5117 vel
798 5061 948 5117 ratiocina-
999 5060 1152 5133 Evangelia
1164 5061 1233 5116 facit
1246 5062 1306 5116 sine
1320 5061 1456 5134 periculo.

134 5161 220 5213 tores.
232 5157 334 5210 Gratus
344 5153 494 5226 episcopus
504 5152 592 5210 dixit:
607 5153 680 5209 Nulli
695 5154 814 5210 dubium
822 5159 865 5211 est
873 5156 949 5228 quod
1035 5155 1099 5209 xlv.
1115 5154 1216 5210 Gratus
1228 5154 1376 5228 episcopus
1390 5153 1471 5225 dixit,
1484 5154 1568 5225 juxta
1585 5154 1706 5210 statutae

135 5262 245 5317 omnes,
267 5244 311 5299 rel
332 5241 451 5311 domini,
472 5242 514 5297 vel
536 5246 742 5314 procuratores,
764 5243 808 5299 vel
829 5244 948 5317 quicun—
1000 5247 1706 5320 etmeamediocritatissententiam,placetlaccre

134 5357 190 5415 quc
210 5338 347 5412 presunt,
371 5351 434 5390 cum
451 5332 594 5391 audierint
616 5336 802 5393 saluberrima
821 5337 951 5394 instituta
1001 5341 1132 5398 omnium
1155 5341 1375 5409 conclusionem,
1392 5339 1515 5396 teniversi
1542 5339 1617 5396 tituli
1634 5336 1706 5412 desig

135 5433 258 5500 concilii,
277 5434 306 5487 et
326 5429 379 5486 sihi
404 5431 479 5484 esset
501 5428 673 5497 consultum,
696 5447 749 5486 nec
768 5430 949 5503 impeditum,
1000 5434 1103 5505 digesti
1116 5439 1232 5490 teneant
1246 5432 1402 5489 sententias
1414 5449 1490 5489 suas.
1506 5432 1580 5490 Sane
1593 5432 1706 5489 creden

135 5528 279 5603 propriam
293 5523 439 5581 debebunt
458 5527 618 5596 temperare
639 5523 775 5595 injuriam
797 5524 826 5580 in
842 5525 951 5580 clericis
1000 5544 1068 5583 nere
1082 5529 1179 5583 multis
1191 5527 1318 5583 conciliis
1332 5545 1348 5582 a
1366 5527 1495 5598 patribus
1512 5526 1628 5595 nasum,
1645 5526 1706 5582 aa

134 5623 249 5690 nostris,
269 5618 346 5693 quod
365 5617 389 5673 si
409 5615 513 5688 injuria
531 5616 739 5673 constitutionis
760 5615 952 5691 imperatoria
1001 5637 1066 5675 nem
1082 5619 1264 5677 temerariam
1278 5637 1337 5676 csse
1353 5621 1532 5688 damnatam,
1544 5622 1573 5674 et
1587 5618 1706 5693 rehepn'r

136 5714 252 5777 clericos
263 5709 464 5785 inquietandos
485 5710 658 5783 putaverint,
678 5711 701 5766 si
720 5710 847 5768 defensio
864 5713 952 5769 eccle·
1000 5714 1178 5786 impietatem
1193 5730 1254 5769 esse
1267 5713 1454 5785 puniendam,
1470 5728 1542 5787 quas
1553 5727 1600 5768 res
1614 5711 1703 5769 etiam

137 5804 249 5861 siastiea
267 5821 321 5861 nos
339 5820 398 5862 non
418 5803 539 5878 deridet,
559 5805 654 5877 pudor
674 5804 805 5881 publicus
823 5803 951 5862 vindica·
1001 5807 1120 5864 concilio
1135 5807 1288 5877 credojam
1299 5807 1455 5863 terminum
1466 5804 1618 5881 accepisse,
1629 5804 1706 5881 reliq
