3870 6150
122 240 173 295 153
742 228 980 291 haematiten
999 232 1193 290 collacare.
1758 237 1811 295 154

120 361 208 418 quam
227 343 334 399 multos
347 341 485 398 eccidisse
502 342 704 413 cognorimus3
725 347 821 399 cavete
842 342 944 398 talium
955 353 985 429 Α
995 358 1064 398 nare
1073 341 1123 398 aei
1133 341 1401 409 Ecclesiamrolunt,
1417 345 1447 396 et
1461 354 1655 416 cumcorpore
1665 342 1810 400 vobiscum

117 438 213 511 jacula
226 442 255 494 et
269 436 382 510 antiqui
400 436 488 493 hostis
505 438 694 506 tentamenta,
710 452 762 510 per
774 453 840 509 quae
855 437 943 492 etiam
994 452 1055 492 esse
1067 435 1196 492 videatur
1209 438 1305 491 mente
1320 439 1348 491 et
1359 435 1458 491 animo
1471 438 1573 491 contm
1586 453 1634 492 ros
1652 440 1705 506 est,
1724 440 1811 496 otest

121 532 252 605 proprios
265 532 441 604 propinquos
455 547 553 586 coram
568 531 650 586 nobis
666 530 830 587 vulneratos
842 530 943 585 cndcra
993 529 1085 584 multo
1097 529 1218 600 nequior
1232 528 1320 584 hostis
1334 528 1479 605 hicquam
1491 528 1533 584 illi
1547 529 1596 602 qui
1611 529 1767 600 fuissent,
1782 536 1813 588 et

121 627 254 682 vidimus.
266 625 411 681 Attendite
425 625 543 697 laqueos
561 624 761 681 insidiantium
774 624 876 696 quihus
890 639 943 678 no·
994 622 1143 678 evidenter
1158 621 1273 688 ¹inimici
1289 626 1370 691 sunt;
1393 622 1440 677 hic
1456 623 1533 677 enim
1552 638 1605 696 per
1618 622 1811 681 amicitiarum

122 724 163 775 tos
177 725 206 775 et
220 718 430 774 commilitones
446 718 627 790 strangulare
643 718 751 785 solent;
772 716 859 773 nolite
874 716 944 772 tales
993 715 1116 791 speciem
1131 731 1195 788 que
1215 720 1282 772 sunt
1301 714 1418 770 inimica
1433 715 1516 788 gerit,
1540 720 1569 773 et
1590 716 1736 774 eeclesiam
1749 717 1808 774 dis-

123 814 213 887 sequi,
232 812 283 869 scd
298 812 399 884 procul
419 811 550 884 repellite
568 828 626 867 eos.
643 813 750 881 Estote,
767 810 850 881 juxta
864 809 942 866 Veri-
992 809 1088 881 pergit
1100 825 1133 864 ac
1145 811 1245 865 vastat.

122 907 186 962 tatis
201 922 313 972 vocem,
327 905 483 978 prudentes
498 910 529 960 ut
544 894 699 976 serpentes,
716 907 745 959 et
757 903 900 975 simplices
912 907 945 958 ut
1028 901 1172 974 Ideoque,
1199 900 1378 972 charissimi,
1405 901 1449 957 his
1484 901 1643 974 apostolicis
1673 903 1810 963 institutis

122 1000 277 1055 columbae.
292 998 392 1053 Videte
408 1015 444 1053 ne
458 998 488 1054 in
502 1014 622 1053 vacuum
633 1013 747 1071 quoque
760 996 882 1053 curratis
895 998 945 1052 aut
993 1010 1042 1050 roa
1055 999 1208 1052 monentes
1222 995 1401 1064 instruimus,
1415 999 1447 1051 ut
1459 993 1558 1051 effecta
1570 996 1674 1052 certior
1687 997 1811 1056 charitas

122 1093 271 1160 laboretis,
281 1091 331 1148 sed
339 1091 581 1148 alterutrumiulti
592 1090 724 1163 precihus
734 1089 945 1146 storationibus
994 1087 1812 1162 vestrasollicitiusdeiueepsagerestudeatetcautiua,no

123 1186 301 1242 voluntatem
311 1185 362 1241 Dei
377 1184 469 1242 faeere
480 1185 652 1252 contendite,
663 1189 716 1241 eta
729 1183 905 1251 memoratis,
920 1182 946 1238 si
994 1181 1120 1254 perversi
1134 1188 1163 1238 et
1175 1182 1302 1238 infideles
1314 1183 1447 1239 homines
1461 1182 1584 1239 laedendi
1596 1183 1696 1240 fidelos
1713 1201 1746 1240 ac
1760 1185 1811 1244 be·

123 1278 334 1351 incorrigibiles
346 1279 542 1352 appamerint,
553 1295 602 1334 ros
614 1279 644 1333 in
658 1277 793 1334 omnihus
805 1279 944 1349 separate.
995 1276 1110 1330 nerolos
1124 1275 1433 1346 habeanifacultatem,
1448 1277 1770 1349 quoniamspestalium
1785 1284 1813 1338 et
1877 1298 1881 1307 ·

122 1372 483 1430 Similiteretabomnibus
492 1372 947 1445 quosllpostolusoommemorat
996 1368 1129 1425 omnium
1139 1369 1294 1442 impiorum
1306 1374 1444 1442 tanquam
1456 1369 1564 1443 lanugo
1575 1373 1619 1426 est
1627 1378 1815 1444 maerente
1885 1380 1888 1387 '

123 1468 235 1538 dicens,
248 1482 315 1522 cum
328 1466 369 1522 eis
380 1482 433 1521 nec
450 1466 547 1522 cibum
559 1481 683 1535 sumere,
698 1465 767 1536 quia
781 1468 809 1520 et
821 1463 862 1520 illi
874 1463 947 1521 sicut
996 1462 1116 1534 tollitur,
1130 1468 1160 1519 et
1171 1466 1310 1535 tanquam
1324 1479 1427 1535 spuma
1445 1463 1558 1536 macilis
1577 1480 1642 1536 quae
1660 1467 1815 1538 aprocella

124 1566 150 1617 et
167 1561 216 1616 isti
231 1564 300 1616 sunt
311 1559 471 1632 repellendi
490 1564 598 1640 etanta
618 1558 837 1615 satisfactionem
851 1557 945 1614 Eccle-
996 1555 1182 1630 dispergitur,
1196 1562 1223 1613 et
1235 1561 1374 1630 tanquam
1386 1558 1484 1613 fumus
1496 1558 1546 1631 qui
1562 1575 1579 1613 a
1596 1561 1682 1614 rento
1695 1559 1814 1617 diffusus

122 1655 169 1710 siae
184 1670 246 1710 uon
260 1656 327 1710 sunt
340 1653 522 1726 suscipiendi,
544 1653 680 1726 quoniam
702 1651 744 1707 illi
763 1668 830 1707 cum
844 1651 947 1725 quibus
996 1654 1048 1719 est,
1064 1653 1092 1706 et
1114 1656 1251 1723 tanquam
1273 1651 1413 1707 memoria
1435 1652 1556 1724 hospitis
1570 1652 1656 1709 unias
1675 1652 1817 1727 dieiproe·

123 1749 223 1804 cibum
237 1764 352 1804 sumere
364 1763 423 1802 non
437 1747 515 1815 licet,
529 1747 681 1803 manifeste
697 1749 836 1818 apparent
848 1728 984 1818 seque-B
995 1743 1146 1800 tereuntis.
1174 1744 1377 1816 summopore,
1403 1745 1578 1815 charissimi,
1604 1746 1674 1803 tales
1696 1747 1816 1805 cavandi

122 1841 203 1898 strati
218 1858 311 1914 usque
326 1840 362 1896 ad
375 1840 600 1898 satisfactionem
620 1857 637 1895 a
653 1839 774 1914 reliquis
794 1839 945 1908 fratribus;
998 1841 1065 1893 sunt
1077 1842 1106 1893 et
1118 1837 1265 1893 avertendi
1278 1841 1364 1910 atque
1378 1837 1524 1910 rejiciendi
1542 1839 1566 1894 si
1579 1844 1714 1897 nocentes
1728 1857 1815 1914 appa·

125 1935 317 2009 quamobrem
333 1951 392 1991 non
411 1934 517 1991 debent
533 1950 586 1990 nec
605 1937 726 2006 possunt
745 1933 776 1989 in
791 1933 946 1989 accusatio-
996 1930 1117 2001 ruerint,
1133 1931 1201 2003 quia
1212 1948 1271 1987 non
1281 1932 1375 1986 solum
1389 1931 1595 2004 ecclesiasticae,
1607 1932 1814 1992 sedetiamsre-

125 2047 193 2087 nem
205 2029 334 2085 fidelium
346 2028 461 2102 suscipi,
475 2028 526 2085 sed
539 2027 628 2084 etiam
644 2028 680 2083 ab
693 2043 792 2084 eorum
805 2026 947 2083 consortio
997 2023 1053 2079 culi
1067 2025 1156 2097 leges,
1168 2023 1192 2079 si
1201 2030 1345 2095 nocentes,
1356 2040 1414 2082 non
1423 2025 1650 2105 suscipiunt,sed
1661 2028 1815 2099 repellunt.

130 2123 265 2196 usquead
275 2123 339 2195 jam
359 2122 464 2178 dietam
483 2121 706 2178 satisfactionem
726 2120 838 2193 repelli,
860 2137 897 2175 ue
909 2118 946 2175 si·
997 2117 1077 2173 Unde
1093 2117 1230 2190 scriptum
1249 2121 1303 2189 est,
1322 2134 1353 2173 os
1374 2117 1659 2191 impiorumderorat
1677 2120 1814 2193 iniqnita-

127 2217 212 2272 miles
224 2217 265 2273 eis
277 2216 449 2287 efficiantur,
464 2221 513 2272 aut
534 2232 636 2271 eorum
659 2213 949 2271 excommunicationi
998 2213 1066 2280 tem,
1080 2213 1109 2266 et
1127 2210 1264 2267 Dominus
1285 2227 1339 2284 per
1357 2211 1528 2284 prophetam
1548 2211 1675 2286 loquitur
1697 2214 1818 2274 dicenss

126 2311 303 2383 subjaceant,
317 2310 498 2383 quoniamsic
507 2309 626 2383 apostoli
637 2308 946 2365 statuemntdicentes:
999 2323 1013 2354 «
1030 2304 1103 2360 Cum
1127 2308 1225 2360 sancto
1245 2308 1359 2362 sanctus
1381 2305 1447 2375 eris,
1466 2310 1574 2362 etcum
1594 2323 1726 2380 perverso
1748 2325 1816 2381 per·

126 2405 195 2460 Cum
210 2404 528 2461 excommunicatisnon
539 2409 581 2460 est
593 2401 876 2473 communicandum,
885 2406 915 2458 et
924 2401 947 2457 si
998 2396 1127 2466 verteris,
1141 2401 1170 2454 et
1185 2413 1250 2454 cum
1260 2399 1349 2455 electo
1362 2398 1469 2455 electus
1483 2399 1549 2471 eris,
1565 2404 1672 2458 etcum
1687 2401 1746 2458 viro
1761 2419 1816 2461 no·

126 2499 267 2571 quiscum
278 2498 527 2555 excommunicatis
538 2498 692 2555 avertendo
705 2496 949 2570 regulasseieuter
999 2491 1073 2547 centi
1090 2508 1196 2548 nocens
1208 2492 1264 2548 eris
1286 2493 1369 2564 (Psoi.
1390 2509 1455 2562 nvn,
1471 2496 1507 2549 26
1521 2498 1547 2551 et
1564 2495 1646 2568 seq.);
1668 2516 1683 2547 u
1705 2501 1734 2553 et
1745 2499 1818 2571 dpa-

126 2594 230 2666 psallat
242 2593 276 2648 in
287 2593 381 2661 domo,
394 2592 539 2648 autsimul
549 2593 661 2648 locutus
674 2592 773 2663 luerit,
787 2594 838 2647 aut
850 2606 948 2646 orave-
998 2585 1088 2641 stolus
1103 2585 1197 2658 inquit
1213 2603 1220 2641 ε
1240 2607 1254 2637 u
1266 2587 1562 2643 Pervertemntbanos
1576 2604 1669 2645 meres
1679 2589 1817 2664 colloquia

127 2687 172 2757 rit,
186 2687 236 2742 ille
245 2687 448 2742 communione
458 2685 596 2758 privetur.
605 2687 685 2742 Tales
696 2702 766 2758 ergo
775 2685 805 2741 in
816 2684 950 2741 omnibus
999 2678 1074 2734 mela
1094 2677 1120 2751 (f
1131 2679 1191 2738 cor.
1205 2695 1249 2750 aa,
1264 2680 1318 2752 ³3).
1336 2699 1351 2732 a
1373 2681 1492 2750 ldcireo,
1517 2684 1551 2738 ut
1570 2681 1750 2754 prelibatum
1763 2687 1816 2757 est,

127 2785 192 2836 sunt
207 2780 333 2836 cavendi
346 2783 376 2836 et
389 2796 447 2836 non
462 2779 645 2852 suscipiendi,
660 2779 821 2852 quiajuxta
833 2780 950 2851 Aposto-
997 2772 1059 2844 jam
1072 2772 1141 2829 mali
1156 2775 1224 2828 sunt
1234 2788 1348 2847 semper
1359 2774 1487 2844 cavendi,
1501 2775 1618 2832 elbonis
1631 2779 1717 2850 atque
1729 2776 1816 2836 bana·
1898 2764 1901 2770 ¹

126 2875 185 2930 lum
198 2891 259 2930 non
275 2874 369 2930 solum
380 2875 431 2947 qui
443 2874 554 2930 faciunt
566 2873 748 2943 damnantur,
760 2873 809 2929 sed
821 2872 870 2946 qui
886 2888 951 2928 con·
999 2866 1069 2922 volis
1083 2871 1126 2923 est
1143 2867 1353 2940 inherendum,
1375 2871 1405 2924 et
1420 2868 1579 2942 perieulum
1594 2869 1710 2927 desidie
1726 2889 1818 2945 quan·

128 2969 257 3024 sentiunt
277 2968 457 3024 facientibus.
480 2967 560 3024 Unde
583 2970 612 3023 et
632 2967 736 3023 beatus
757 2966 949 3039 apostolorum
999 2968 1061 3020 tum
1074 2981 1225 3038 possumus
1241 2965 1426 3024 declinemus.
1448 2969 1483 3024 Et
1502 2984 1540 3024 ne
1552 2968 1639 3040 pestis
1655 2969 1716 3026 haec
1733 2971 1820 3028 latius

128 3063 262 3135 princeps
278 3063 387 3132 Petrus,
400 3062 430 3119 iu
445 3062 624 3118 ordinatione
634 3059 790 3117 Clementis
802 3060 950 3133 alloquens
960 3105 989 3182 c
1000 3058 1174 3133 divulgetur,
1192 3060 1340 3117 severitate
1363 3077 1421 3134 qua
1439 3078 1589 3133 possumus
1607 3062 1819 3138 abscindamus,

127 3156 280 3229 populum,
291 3155 366 3211 inter
384 3157 488 3212 caetera
504 3155 545 3211 ait
558 3171 565 3211 :
578 3154 750 3212 sinimicus
766 3159 808 3210 cst
819 3153 872 3210 iste
887 3154 950 3211 Cle·
1000 3153 1138 3224 quoniam
1146 3154 1352 3211 nontemcritas
1362 3155 1517 3211 intervenit
1526 3157 1758 3230 presumptionis
1770 3157 1821 3217 rabi

128 3266 211 3305 mens
226 3249 314 3305 alicui
325 3265 378 3321 pro
396 3248 505 3306 actibus
524 3249 592 3318 suis,
609 3266 657 3305 vos
676 3248 763 3305 nolite
776 3250 950 3323 exspectare,
1002 3249 1046 3302 est
1069 3245 1217 3319 diligentia
1242 3247 1365 3321 pietatis.
1390 3251 1465 3322 Agat
1489 3266 1604 3323 semper
1624 3253 1821 3328 unusquisque

129 3343 235 3416 utipse
248 3342 332 3398 robis
347 3342 432 3411 dicat,
453 3360 519 3399 cum
537 3343 587 3399 illo
609 3342 697 3399 nolite
717 3341 803 3398 amici
818 3358 889 3410 esse,
903 3340 952 3399 sed
1002 3344 1129 3397 vestrum
1153 3342 1208 3398 bae
1231 3341 1434 3400 informatione
1459 3345 1611 3417 apostoliea
1632 3346 1721 3402 fultus
1734 3348 1820 3420 juxta

128 3438 292 3511 prudenter
303 3437 452 3498 ohservare
464 3437 587 3510 dehetis,
596 3436 773 3493 etroluntati
780 3437 804 3508 ej
809 3453 840 3492 us
845 3435 953 3509 absque
1002 3434 1076 3490 vires
1088 3452 1165 3507 suas,
1182 3441 1210 3493 et
1219 3436 1346 3493 fraterna
1360 3437 1511 3494 dilectione
1524 3440 1554 3494 et
1567 3441 1665 3495 sancta
1683 3440 1822 3513 religione

129 3531 398 3588 communicatione
412 3531 605 3588 obsecundare
621 3537 650 3588 ot
663 3535 788 3588 avertere
803 3547 852 3586 ros
868 3529 904 3585 ab
919 3545 953 3586 eo
1002 3545 1097 3585 mores
1111 3529 1243 3602 proprios
1262 3546 1428 3587 conservare
1448 3535 1477 3587 et
1493 3531 1524 3588 in
1542 3548 1694 3590 commune
1713 3534 1822 3593 alteru·

129 3625 173 3681 cui
184 3626 284 3698 ipsum
295 3625 407 3681 sentitis
416 3625 575 3694 adversum,
588 3625 698 3683 sednec
706 3624 786 3697 loqui
795 3623 840 3680 his
850 3623 954 3696 quihus
1003 3625 1081 3678 trum
1097 3623 1230 3695 adjurme
1244 3627 1273 3679 et
1284 3623 1315 3679 in
1333 3624 1472 3681 charitate
1489 3643 1671 3699 permanere,
1687 3632 1716 3685 et
1727 3629 1757 3685 in
1771 3631 1823 3689 aei

130 3720 190 3793 ipse
206 3735 269 3775 non
282 3719 418 3792 loquitur,
438 3724 470 3776 ut
484 3720 680 3793 unusquisque
698 3719 747 3791 qui
761 3719 886 3791 inculpa
900 3719 953 3789 est,
1003 3717 1147 3772 voluntate
1163 3716 1358 3773 indesinenter
1378 3718 1492 3775 studeat
1512 3719 1662 3791 inherere,
1682 3728 1716 3778 ut
1737 3724 1825 3781 simul

132 3813 203 3869 dum
217 3813 299 3888 cupit
312 3813 574 3871 omniumrestrum
588 3813 727 3870 amicitias
741 3813 827 3885 ferre,
841 3812 956 3869 festinet
1003 3809 1155 3866 laudantes
1177 3809 1330 3866 [lominum
1348 3810 1504 3868 indefessas
1526 3829 1639 3886 semper
1655 3814 1696 3871 illi
1715 3816 1823 3888 gratias

132 3907 215 3962 citius
226 3906 406 3963 reconciliari
421 3907 448 3963 ci
459 3907 510 3980 qui
520 3907 655 3964 omnibus
666 3910 781 3980 praeest,
800 3912 829 3963 et
839 3923 891 3980 per
901 3906 956 3962 hoc
1004 3919 1134 3976 agamus.
1149 3905 1244 3960 Valete
1259 3904 1289 3960 iu
1305 3904 1437 3977 Domino,
1451 3905 1620 3978 charissimi,
1633 3911 1663 3963 at
1674 3909 1821 3982 praedicta,

133 4000 235 4057 redeat
244 4000 415 4057 adsalutem
426 4018 493 4057 cum
502 4002 618 4059 obedire
628 4002 746 4074 coeperit
759 4001 876 4057 monitis
885 4016 958 4074 pree·
1004 4001 1038 4054 ut
1050 3997 1154 4054 melius
1165 3997 1294 4070 potestis,
1305 3998 1427 4054 Domino
1437 4016 1521 4072 opem
1533 4000 1653 4070 ferente,
1665 4001 1824 4076 adimplere

134 4094 264 4151 sidentis.
279 4094 310 4152 Si
323 4111 389 4152 vero
408 4095 472 4168 quis
488 4095 597 4152 amicus
615 4095 702 4152 fuerit
715 4095 760 4151 his
779 4095 882 4169 quihus
896 4094 957 4167 ipae
1006 4092 1214 4149 studeremus
1239 4092 1337 4150 Kalen.
1352 4092 1429 4164 tulii,
1453 4093 1582 4152 llanimio
1601 4097 1631 4152 et
1651 4096 1773 4168 aphrico
1788 4099 1825 4176 Ν
1906 4171 1908 4175 Ι

136 4205 193 4245 non
207 4189 347 4264 loquitur,
362 4206 438 4247 uuus
450 4193 493 4246 est
506 4195 536 4247 et
549 4191 610 4263 ipse
628 4206 664 4248 aa
680 4189 735 4246 illis
756 4189 806 4263 qui
820 4188 955 4248 extermi-
1006 4186 1179 4244 consulibus.

409 4493 638 4570 EPISTOLA
663 4493 809 4570 CUJUS
836 4495 991 4569 SUPRA
1015 4492 1082 4566 AD
1109 4490 1271 4567 OMNES
1297 4492 1562 4568 EPISCOPOS.

175 4665 312 4726 isaurus
327 4669 476 4743 episcopus
489 4671 567 4728 urbis
583 4673 681 4730 Romae
702 4672 835 4729 omnibus
855 4672 957 4729 Orien·
967 4681 998 4758 D
1009 4669 1134 4726 turbare.
1149 4668 1202 4725 Sed
1223 4669 1296 4724 sicut
1314 4669 1369 4725 hoe
1384 4671 1463 4743 quod
1479 4669 1598 4729 rationis
1618 4665 1750 4749 exigebat
1776 4681 1829 4738 nti-

142 4761 243 4818 talibus
266 4762 419 4836 episcopis,
432 4767 462 4821 et
475 4766 584 4823 cunetis
596 4767 725 4823 fidelibus
738 4766 768 4823 in
782 4765 902 4823 llomino
915 4782 958 4822 sa·
1008 4765 1074 4821 litas
1086 4763 1211 4836 oportuit
1233 4762 1363 4832 defluus,
1383 4764 1424 4819 ita
1442 4765 1521 4838 quod
1535 4765 1688 4826 definitum
1711 4777 1755 4829 est
1767 4791 1827 4833 non

143 4854 240 4912 lutem.
1011 4858 1096 4916 debet
1108 4857 1217 4913 violari.
1239 4857 1352 4913 Litteris
1370 4859 1471 4914 restris
1488 4873 1556 4917 vero
1578 4862 1653 4919 inter
1666 4869 1769 4925 caetera
1781 4869 1828 4926 in·

176 4949 273 5023 Erigit
298 4949 412 5009 dilectio
433 4957 527 5010 vestra
548 4953 621 5011 sedis
642 4953 806 5027 apostolica
822 4952 962 5023 consulta,
1012 4958 1121 5010 sertum
1133 4951 1296 5009 invenimus
1309 4951 1448 5024 quosdam
1461 4954 1589 5033 regionis
1602 4963 1702 5016 restra
1717 4962 1828 5034 episeo-

145 5059 205 5115 quae
217 5043 300 5101 vobis
321 5044 464 5119 denegare
482 5065 540 5105 non
557 5065 719 5121 possumus,
738 5065 791 5105 nec
813 5048 961 5116 debemus,
1012 5063 1094 5119 pose
1114 5049 1208 5103 restro
1224 5050 1379 5118 nostroque
1402 5046 1502 5103 ordine
1526 5048 1697 5124 discrepare,
1721 5059 1751 5110 et
1771 5073 1830 5114 non

147 5136 196 5194 hoc
209 5144 309 5195 autem
326 5142 355 5196 et
372 5141 593 5212 predecessores
611 5146 726 5199 nostros
748 5143 903 5199 multamm
916 5157 962 5198 re·
1012 5157 1065 5214 per
1088 5140 1215 5212 singidos
1227 5157 1317 5196 annos
1337 5140 1368 5195 in
1385 5157 1465 5197 coene
1483 5142 1594 5200 Domini
1619 5143 1743 5203 chrisma
1765 5166 1833 5206 con-

149 5232 266 5303 gionum
282 5233 424 5307 episcopis
436 5235 528 5309 egisse
541 5236 640 5311 liquet,
657 5240 687 5294 et
698 5254 752 5294 nos
765 5237 854 5310 quiin
864 5235 965 5292 eadem
1013 5236 1109 5304 licere,
1124 5234 1173 5290 sed
1187 5233 1258 5289 duos
1270 5239 1320 5291 aut
1331 5240 1389 5292 tres
1406 5252 1494 5292 annos
1512 5238 1719 5296 confectionem
1740 5243 1832 5299 sancti

149 5327 209 5383 sede
220 5327 344 5384 Domino
353 5329 496 5402 largiente
505 5331 635 5388 collocati
645 5349 753 5403 sumus,
762 5347 849 5404 agere
860 5330 964 5387 dehere
1014 5327 1177 5386 chrismatis
1187 5328 1275 5383 semel
1289 5333 1382 5384 aetam
1392 5346 1569 5387 conservare.
1585 5332 1686 5389 Dicunt
1697 5331 1785 5403 enim,
1798 5340 1834 5394 ut

148 5418 272 5479 haurne
284 5421 409 5479 charites
424 5426 453 5480 et
470 5424 640 5483 obedientie
662 5426 792 5483 debitum
808 5423 964 5498 compellit.
1015 5423 1045 5479 in
1060 5422 1225 5479 memoratis
1237 5422 1364 5495 apicibus
1372 5424 1541 5496 reperimus,
1551 5441 1603 5481 nec
1613 5425 1768 5482 balsamum
1779 5445 1833 5501 par

149 5513 343 5590 Curaestergo
352 5522 452 5574 vestre
462 5519 647 5577 sollicitudini
657 5520 967 5591 adhibendauteaquaa
1016 5517 1142 5590 singulos
1154 5533 1244 5573 annos
1256 5533 1337 5589 posse
1352 5518 1487 5590 reperire,
1507 5534 1559 5574 uec
1576 5535 1689 5575 necesse
1703 5521 1765 5577 fore
1780 5538 1834 5596 per

149 5615 210 5666 sunt
224 5610 262 5666 ab
274 5611 410 5684 apostolis
430 5630 587 5688 eorumque
602 5615 809 5673 successoribus
827 5613 965 5684 ordinata,
1016 5612 1142 5685 singulos
1155 5628 1244 5666 anuos
1254 5611 1378 5667 chrisma
1388 5612 1538 5682 conticere,
1552 5611 1602 5666 sed
1616 5612 1686 5668 dum
1698 5630 1834 5677 nuacon-

151 5708 175 5758 et
187 5703 343 5779 instigante
365 5711 463 5764 saneto
481 5708 589 5782 Spiritu
608 5710 747 5779 instituta,
767 5725 820 5767 nec
838 5707 968 5765 dissimu·
1016 5706 1101 5763 lectio
1113 5705 1273 5762 chrismatis
1294 5705 1429 5776 abundat,
1451 5705 1538 5761 eham
1557 5704 1622 5762 fieri
1640 5723 1761 5768 necesse
1774 5728 1847 5769 uon

150 5795 214 5856 latio
235 5800 395 5878 negligere,
409 5819 463 5863 neo
476 5803 569 5879 aliqua
583 5805 771 5880 praesumon
792 5803 885 5863 valeat
897 5817 967 5879 per·
1018 5800 1136 5862 habere.
1148 5803 1257 5863 Errant
1267 5800 1350 5860 emm
1364 5799 1419 5881 qui
1429 5800 1504 5869 talia
1520 5801 1710 5882 assumunt,
1719 5809 1882 5880 sumente
