3870 6150
32 258 35 269 ·
124 248 177 301 aaa
569 200 711 297 larana.
731 239 872 296 mssa.
894 240 1356 300 n.-isio0arnanelron1s
1645 208 1648 213 ’
1754 245 1806 301 aar.

126 355 218 409 vebat.
235 354 270 408 Et
279 352 365 408 siebat
377 352 480 422 iugens
497 351 690 421 spectaculum
705 349 940 405 convenientibus
950 350 1118 438 Apeiactus
1125 350 1228 406 virtute
1235 351 1377 407 dictorum
1385 354 1483 406 mutus
1491 351 1634 406 adomnia
1646 351 1808 408 hocsoluna

127 449 161 503 ad
176 446 352 501 audiendum
365 444 455 499 doctis
478 447 506 498 et
528 443 661 499 litteratis
677 443 753 497 viris.
773 443 830 497 Nec
844 444 939 497 tamen
990 444 1085 515 potuit
1096 445 1272 516 respondere
1287 462 1294 498 z
1314 446 1352 498 lta
1365 443 1418 498 sibi
1428 443 1528 513 videri,
1547 461 1599 501 nec
1613 443 1693 500 aliud
1706 462 1808 502 rerum

125 542 184 596 ullo
198 555 303 612 genere
318 537 503 610 philosophus
517 536 649 592 concludi
664 553 681 590 a
695 535 941 608 quodompotcrat
990 552 1050 591 esse
1070 553 1155 608 quam
1171 537 1291 592 dixerat.
1308 539 1385 593 Tunc
1406 537 1504 593 senior
1517 539 1577 593 hac
1589 537 1685 611 inquit
1700 557 1707 594 ι
1725 539 1756 594 Si
1770 539 1810 593 ita

126 629 940 702 autconstringi.Tantaenimdicendiarteohjactisquta-
990 645 1051 685 csse
1073 630 1228 698 credidisti,
1258 647 1353 703 surge,
1383 635 1411 687 et
1437 647 1556 704 sequere
1580 648 1627 688 me
1648 632 1686 687 ad
1709 633 1809 688 [lomi-

127 724 266 782 stionihns
279 724 494 791 occurrebatur
506 722 555 778 ubi
567 723 691 778 maxime
701 723 939 793 putareturastri·
992 723 1098 790 nicum,
1114 729 1142 778 et
1170 724 1255 795 hujus
1273 724 1339 780 tidei
1361 725 1540 795 signaculum
1564 726 1684 799 suscipe.
1711 728 1746 782 Et
1772 726 1812 782 ita

127 826 189 875 ctus
203 820 280 874 velut
292 817 393 889 anguis
406 816 532 872 lubricus
546 816 717 872 elaberetur.
731 815 785 871 Sed
801 819 832 870 ut
845 820 939 870 osten·
990 816 1177 888 philosophus
1191 816 1366 872 Christianus
1382 817 1498 874 effectus
1512 819 1629 875 mudena
1642 835 1672 875 se
1687 821 1812 892 gratula-

127 914 209 970 deret
231 916 311 979 Deus,
335 910 402 982 quia
427 932 441 960 «
455 927 513 965 nan
537 910 566 964 in
588 925 718 965 sermone
739 925 861 981 regnum
879 909 939 978 liei,
990 914 1036 964 tus
1048 910 1259 966 astrictumln
1273 911 1550 967 illoetiamcoueilio
1562 911 1617 968 fuit
1629 912 1812 984 Paphnutius

126 1008 220 1063 sedin
235 1006 339 1060 virtute
361 1004 527 1076 consistite
541 1004 601 1058 Cor.
625 1020 661 1069 iv,
680 1001 737 1075 20),
751 1025 765 1051 ι
780 1003 896 1075 quidam
909 1018 941 1057 ex
991 1002 1079 1058 homo
1103 1004 1153 1058 Dei
1176 1004 1326 1075 episcopus
1340 1005 1465 1076 AEgypti,
1481 1005 1511 1059 in
1531 1021 1588 1076 quo
1607 1008 1687 1061 muta
1704 1005 1812 1062 virtute

127 1099 346 1167 consessoribus,
368 1097 586 1167 simplicissime
611 1103 720 1152 naturae
740 1096 797 1163 vir,
818 1100 847 1151 et
871 1095 941 1150 nihil
991 1096 1086 1152 inerat
1101 1097 1199 1169 gratia,
1217 1101 1248 1151 ut
1266 1098 1348 1169 signa
1370 1115 1422 1169 per
1435 1114 1501 1153 eum
1523 1114 1581 1154 non
1600 1099 1697 1155 minas
1721 1116 1811 1171 quam

128 1194 207 1250 aliud
220 1193 312 1248 sciens
326 1214 340 1242 «
355 1190 409 1245 nisi
424 1190 566 1245 Christum
578 1190 684 1255 iesum,
707 1194 735 1245 et
752 1190 835 1279 'hunc
850 1188 941 1244 cruci·
992 1189 1102 1245 dudum
1117 1208 1169 1263 per
1182 1192 1324 1262 apostolos
1337 1192 1453 1247 fierent.
1462 1193 1522 1256 Quo
1535 1193 1622 1248 etiam
1633 1193 1664 1248 in
1679 1197 1812 1266 tempore

127 1291 216 1343 lixum
232 1290 251 1345 tl
274 1290 332 1345 Cor.
350 1303 379 1354 n,
399 1288 435 1354 2),
453 1305 466 1334 ιι
487 1284 562 1338 inter
582 1288 700 1338 caeteros
723 1283 866 1339 auditores
880 1283 941 1354 epi·
991 1286 1021 1338 ct
1033 1284 1183 1355 Spyridion
1199 1285 1317 1356 Cyprius
1332 1285 1480 1357 episcopus
1500 1286 1622 1358 insignis
1641 1287 1811 1344 habebatur.

129 1399 229 1453 scopos
244 1380 350 1434 aderat.
362 1378 415 1443 Qui
428 1395 494 1432 curn
508 1377 624 1432 vidisset
637 1377 841 1448 philosophum
857 1377 943 1430 insul·
992 1377 1072 1432 Tales
1087 1378 1176 1447 igitur
1190 1378 1219 1432 in
1234 1377 1291 1435 iilis
1305 1378 1398 1433 adhuc
1412 1379 1590 1449 temporibus
1609 1381 1694 1435 multi
1707 1380 1762 1435 viri
1782 1381 1811 1435 in

128 1478 238 1530 tantam
251 1474 364 1540 nostris,
382 1477 409 1525 at
429 1471 528 1525 callida
549 1487 578 1525 se
594 1469 794 1541 disputationis
808 1474 867 1524 arte
879 1470 941 1541 jac·
992 1470 1122 1525 Ecclesiis
1137 1471 1250 1526 Domini
1269 1471 1459 1543 refulgebant,
1476 1488 1510 1528 er
1531 1473 1633 1544 quibus
1650 1474 1768 1545 plurimi
1781 1475 1811 1528 in

129 1574 250 1636 tantem,
266 1565 356 1637 poscit
378 1565 413 1619 ab
434 1563 567 1619 omnibus
588 1564 681 1624 locuni
705 1563 775 1617 velie
797 1578 825 1617 se
849 1562 943 1633 paucis
991 1563 1041 1619 illo
1055 1564 1174 1619 concilio
1188 1565 1315 1620 luerunt.
1329 1566 1571 1637 Intereaperdies
1585 1567 1811 1639 singulosagita-

129 1679 194 1717 curn
216 1659 384 1731 philosopho
403 1657 594 1713 sermocinari.
611 1658 683 1711 'ium
704 1672 772 1710 vero
793 1655 880 1710 nostri
894 1655 942 1725 qui
992 1655 1075 1712 batur
1089 1660 1255 1726 conventus,
1272 1674 1325 1712 nec
1344 1658 1426 1713 iacile
1449 1662 1499 1713 aut
1520 1664 1628 1714 temere
1650 1663 1732 1715 tantu
1756 1664 1808 1715 sta-

130 1755 339 1826 simplicitatem
360 1752 412 1806 viri
434 1758 462 1806 et
476 1751 650 1822 imperitiam
672 1750 703 1804 in
718 1766 849 1804 sermone
868 1750 940 1804 dun·
952 1730 981 1803 Β
994 1753 1073 1805 tuere
1088 1750 1241 1821 audebant,
1264 1754 1293 1807 et
1316 1752 1469 1808 vocabatur
1488 1753 1570 1809 Anus
1592 1754 1762 1826 frequenter
1781 1754 1808 1809 ia

128 1854 207 1904 taxat
226 1849 350 1913 nossent,
368 1862 470 1917 parere
488 1848 516 1900 et
531 1845 609 1897 vetut
627 1842 767 1915 pudorem
788 1843 942 1914 quomdam
992 1843 1154 1912 concilium,
1165 1844 1441 1901 elassiduotractatu
1457 1846 1627 1903 assertiones
1643 1848 1706 1919 ejus
1718 1848 1806 1903 discu-

130 1942 189 2014 pati
204 1958 240 1996 ne
254 1942 327 1995 forte
338 1939 415 2011 apud
430 1936 547 1993 callidos
558 1937 689 1992 homines
699 1935 767 1990 risui
783 1937 944 1991 alliceretur
992 1937 1145 2005 habentur,
1158 1937 1271 2009 siquod
1282 1938 1431 1994 adversum
1443 1939 1504 1995 haee
1517 1944 1615 1996 tenere
1627 1940 1807 1997 deberentur

130 2038 228 2089 sancta
244 2033 417 2105 simplicitas.
438 2030 561 2086 l'orstitit
584 2033 681 2084 lamen
700 2030 804 2099 senior,
826 2034 855 2084 et
876 2029 943 2083 hina
993 2031 1077 2086 statui
1094 2047 1207 2087 summa
1221 2047 1286 2086 cum
1304 2032 1507 2089 deliberatione
1523 2034 1805 2106 quaerebantvernm

130 2128 221 2183 morit
235 2126 373 2181 sermonis
385 2123 546 2179 exordium.
563 2143 576 2174 ιι
593 2125 623 2177 1ιι
637 2122 943 2193 nomine,inquit,tesu
993 2129 1058 2195 post
1067 2123 1208 2179 diutinum
1221 2125 1401 2197 multumque
1407 2127 1807 2199 tractatumplacuitomnibns

129 2221 243 2289 Christi,
259 2218 442 2291 philosophe,
458 2216 527 2270 audi
541 2232 605 2287 quaa
619 2231 686 2269 vera
696 2219 772 2270 suut.
786 2217 859 2271 Deus
872 2233 944 2270 unus
993 2216 1172 2272 aevelutnno
1182 2220 1805 2278 cunctorunioreetcordedccerniturOmon·

131 2314 235 2384 estqui
248 2312 314 2367 iecit
325 2312 427 2366 coeiurn
440 2312 469 2364 et
481 2312 597 2377 terrain,
613 2309 719 2380 quique
737 2308 845 2364 homini
857 2325 944 2381 quem
993 2313 1052 2365 sion
1066 2311 1206 2365 conscribi
1220 2311 1335 2378 debere,
1344 2311 1424 2367 idest
1435 2313 1564 2384 ejusdcm
1579 2330 1646 2369 cum
1658 2315 1807 2369 Patresub

132 2408 252 2463 delimo
271 2411 355 2460 terrae
376 2406 548 2459 formaverat
561 2402 693 2473 spiritum
709 2402 796 2469 dedit,
813 2402 944 2457 universa
993 2402 1106 2458 stantiae
1120 2403 1221 2459 Filium
1237 2405 1378 2460 confiteri.
1395 2409 1486 2477 litque
1501 2407 1666 2462 firmissima
1682 2408 1806 2463 omnium

130 2518 194 2574 quae
206 2500 338 2555 videntur
352 2497 405 2552 sihi
419 2497 522 2552 virtute
538 2495 620 2550 Verbi
635 2495 677 2549 sui
699 2496 815 2564 crearit,
835 2501 864 2551 et
884 2495 946 2567 Spi-
994 2496 1136 2551 sententia
1151 2498 1360 2568 pronuntiatur.
1377 2499 1482 2554 Decem
1495 2505 1524 2555 at
1537 2503 1650 2572 septem
1672 2502 1726 2556 soli
1745 2505 1808 2556 tuuc

130 2597 202 2653 ritus
214 2593 259 2650 sui
273 2591 496 2649 sanctificatione
508 2589 832 2657 iirmarit,lroeverbun1
851 2606 884 2645 aa
898 2606 943 2644 sa·
992 2589 1080 2646 luisse
1093 2590 1225 2645 dicuntur
1239 2590 1341 2663 quibus
1354 2592 1413 2646 hrii
1427 2593 1519 2664 magis
1540 2593 1610 2650 tides
1625 2594 1752 2666 placeret
1764 2612 1807 2649 ex·

130 2688 330 2762 pientiaquam
339 2684 499 2740 nosi'ilium
506 2683 627 2739 dicimus
633 2683 775 2737 humanos
781 2682 943 2751 miseratus,
994 2684 1131 2740 trinsecus
1144 2688 1272 2740 creatum
1285 2685 1332 2740 itai
1348 2685 1450 2741 Filium
1462 2702 1498 2742 ex
1507 2688 1591 2742 nullis
1604 2688 1807 2756 substantibus,

131 2799 242 2838 errores
257 2779 419 2851 axungiae
434 2777 567 2843 nascitur,
582 2781 610 2831 et
622 2792 674 2847 per
690 2776 854 2848 passionem
867 2792 944 2831 mor·
994 2779 1023 2832 et
1038 2794 1096 2832 non
1109 2794 1144 2832 er
1158 2777 1220 2849 ipsa
1232 2777 1323 2833 Patris
1332 2779 1436 2835 deitate
1446 2781 1629 2853 progenitum
1640 2782 1810 2837 confirmau-

132 2876 167 2932 tis
181 2893 198 2931 a
211 2878 347 2947 perpetua
359 2889 411 2928 nos
429 2876 520 2926 morte
539 2870 676 2937 liberavit,
691 2886 724 2925 ae
738 2869 945 2925 resurreetione
994 2874 1045 2927 tes.
1059 2871 1192 2927 Defertur
1206 2872 1241 2926 ad
1261 2872 1478 2929 Constantinum
1493 2875 1678 2930 sacerdotalis
1702 2875 1810 2931 concilii

131 2986 183 3025 sua
197 2974 334 3024 aeternam
347 2965 430 3022 nobis
444 2964 565 3020 contulit
581 2962 678 3032 vitam,
695 2980 782 3035 quem
802 2966 943 3035 exspecta·
995 2965 1146 3021 sententia.
1161 2965 1208 3021 ille
1222 2970 1360 3038 tanquam
1382 2982 1400 3022 a
1421 2969 1479 3024 ileo
1499 2969 1638 3040 prolatam
1650 2974 1809 3026 veneratur.

131 3080 195 3118 mus
203 3061 330 3133 judicem
339 3059 469 3116 omniurn
483 3074 546 3130 quae
556 3057 701 3129 egerimus
712 3074 773 3112 esse
782 3062 943 3112 venturum.
955 3099 983 3173 C
995 3058 1044 3115 Cui
1062 3058 1161 3131 siquis
1175 3061 1311 3115 tentasset
1328 3060 1419 3117 obniti
1437 3062 1513 3118 velut
1527 3068 1627 3118 contra
1641 3063 1740 3119 diviua
1755 3069 1809 3120 sta·

132 3156 228 3213 Credis
234 3155 294 3209 haec
300 3155 413 3222 itaesse,
421 3151 629 3224 philosopher»
637 3151 764 3207 Atilleac
771 3151 946 3224 sinunquam
996 3154 1057 3208 tuta
1071 3152 1246 3221 venientem,
1257 3152 1287 3208 in
1298 3153 1429 3210 exsilium
1444 3172 1474 3211 se
1486 3161 1656 3227 protestatur
1669 3160 1810 3214 acturum.

133 3249 222 3306 ullum
235 3263 397 3305 sermonem
411 3244 625 3302 contradicendi
634 3244 785 3316 didicisset,
801 3245 840 3301 ita
852 3245 946 3300 obstu-
994 3246 1118 3318 Baptictt
1128 3248 1268 3317 prefatio.

566 3511 767 3586 INCIPIUNT
795 3509 993 3584 carnum
1022 3512 1168 3583 NICAENI
1199 3513 1378 3584 CONCiLiI.

168 3674 194 3729 1.
206 3669 246 3728 ite
259 3664 401 3728 Eunuchis
413 3662 464 3743 qui
477 3660 583 3740 seipsos
597 3665 777 3723 abscindunt.
1034 3666 1077 3722 13.
1093 3665 1135 3720 lla
1149 3664 1353 3721 cathecuminis
1367 3660 1462 3738 lapsis.

165 3770 193 3823 2.
206 3768 245 3824 lle
258 3765 302 3822 his
315 3764 363 3839 qui
377 3765 443 3837 post
454 3761 597 3835 baptisma
609 3761 704 3818 statim
719 3760 756 3816 ad
770 3760 878 3817 clarum
894 3774 947 3832 ap·
1034 3760 1077 3816 11.
1088 3761 1126 3817 De
1141 3759 1316 3830 diaconibus,
1329 3775 1366 3815 no
1379 3774 1482 3832 corpus
1493 3758 1597 3816 Christi
1610 3755 1813 3835 tradantpras·

131 3861 285 3935 plicantur.
997 3853 1114 3926 hyteris,
1126 3854 1172 3910 rel
1187 3857 1252 3909 ante
1264 3854 1445 3926 presbyteros
1457 3854 1684 3913 communicent.

168 3958 194 4012 ³.
211 3955 249 4010 Da
265 3947 488 4010 subintroductis
502 3944 680 4006 mulieribus.
1036 3950 1078 4002 15.
1092 3947 1131 4003 Dc
1141 3946 1251 4002 clericis
1264 3952 1373 4003 temere
1388 3948 1424 4004 ab
1438 3949 1560 4004 Ecclesia
1572 3948 1783 4005 recedentibus.

167 4049 193 4103 1.
208 4047 333 4112 Qualiter
343 4043 465 4117 episcopi
477 4043 601 4099 debeant
614 4038 751 4097 ordinari.
1035 4043 1078 4096 ie.
1095 4041 1133 4095 De
1146 4040 1328 4112 presbyteris,
1343 4044 1373 4096 et
1385 4040 1549 4098 diaconibus
1567 4043 1611 4098 rei
1633 4042 1745 4101 clericis
1767 4040 1813 4116 qui

168 4145 194 4196 ὅ.
208 4143 247 4196 lle
263 4136 515 4195 excommunicatis
527 4135 636 4190 clericis
648 4134 691 4189 vel
706 4130 794 4188 laicis.
998 4132 1034 4189 ad
1044 4132 1114 4189 alias
1125 4132 1251 4189 civitates
1264 4138 1424 4192 transeunt.

169 4238 196 4291 6.
210 4235 248 4289 lle
258 4230 427 4305 primatibus
437 4229 637 4302 episcoporum
649 4225 948 4298 metropolitanomm.
1036 4227 1136 4283 17.116
1157 4226 1266 4282 clericis
1292 4226 1392 4284 alienis
1415 4227 1476 4287 sine
1501 4227 1682 4286 conniventia
1707 4227 1813 4304 proprii

168 4332 195 4384 7.
210 4324 251 4382 oa
264 4324 373 4382 honore
383 4321 506 4396 episcopi
519 4318 778 4395 hierosolymitani.
998 4319 1125 4394 episcopi
1138 4320 1173 4376 ab
1187 4320 1241 4376 alio
1255 4321 1285 4377 in
1297 4338 1347 4377 sua
1360 4323 1476 4378 ecclesia
1493 4340 1551 4380 non
1566 4322 1745 4381 ordinandis.

169 4423 196 4479 8.
211 4422 251 4478 ue
265 4418 435 4476 Noratianis.
1035 4416 1079 4471 ra.
1095 4416 1135 4472 De
1149 4414 1255 4471 clericis
1267 4431 1386 4472 usuram
1397 4417 1440 4472 rel
1453 4417 1670 4490 ampliationem
1679 4417 1770 4493 accipi
1803 4446 1814 4459 ·

169 4521 196 4574 9.
210 4518 248 4573 De
260 4513 433 4589 preshyteris
446 4512 508 4569 sina
520 4509 730 4570 examinatione
741 4508 911 4566 constitutis.
997 4509 1081 4566 tibus.
1764 4538 1766 4542 .

170 4615 213 4668 10.
230 4611 268 4666 [te
283 4609 370 4683 lapsis
384 4606 491 4665 clericis
506 4605 654 4663 ordinatis.
1036 4605 1079 4660 19.
1094 4604 1132 4660 Da
1143 4602 1322 4660 Paulianistis
1335 4609 1363 4661 et
1374 4604 1553 4679 cataphrigis
1567 4604 1788 4679 rebaptizandis.

172 4708 215 4761 tt.
231 4705 269 4760 Da
282 4702 326 4759 his
339 4702 389 4775 qui
400 4705 503 4775 sponte
527 4700 599 4774 lapsi
612 4702 679 4755 sunt
691 4697 813 4771 qualiter
826 4669 988 4753 debeantD
1033 4701 1079 4754 20.
1095 4698 1134 4754 tte
1146 4698 1246 4754 diebus
1258 4699 1412 4756 Dominicis
1434 4703 1463 4756 et
1483 4702 1673 4772 pentecostes,
1689 4705 1721 4757 ut
1733 4700 1764 4757 in
1777 4698 1813 4757 cis

133 4798 284 4874 paenitere.
999 4795 1103 4848 shutes
1117 4807 1242 4848 oremus.

173 4897 215 4949 12.
230 4893 269 4950 De
281 4887 535 4948 excommunicatis
547 4906 564 4946 a
579 4889 683 4948 seculo
698 4887 876 4947 exeuntibus.

581 5148 781 5217 INCIPIUNT
811 5146 991 5215 CANONES
1021 5146 1165 5213 NICAENi
1196 5146 1375 5214 constan.

138 5290 236 5382 Quod
246 5304 357 5363 actum
371 5300 418 5360 est
431 5290 491 5357 sud
508 5290 722 5359 Constantino
735 5285 1088 5431 imperotoreKPpanlo
1102 5293 1134 5350 et
1144 5285 1278 5350 laeliano
1292 5283 1475 5350 ementibus
1487 5283 1662 5367 fratribus,
1675 5303 1732 5349 aa.
1745 5240 1810 5357 soe,

871 5385 906 5430 ιιι
955 5386 999 5430 α.
1037 5386 1082 5430 a.

171 5531 243 5585 Cum
255 5524 431 5583 convenisset
446 5521 500 5576 hoc
514 5522 646 5575 sanctum
660 5522 689 5574 et
702 5532 841 5589 magnum
854 5515 949 5571 conei-
1035 5516 1056 5571 l.
1072 5514 1101 5570 Si
1115 5513 1179 5586 quis
1192 5513 1222 5569 in
1237 5513 1406 5585 egritudine
1427 5514 1472 5569 rel
1494 5530 1512 5568 a
1526 5512 1643 5569 medicis
1656 5514 1752 5567 sectm
1765 5511 1814 5574 est.

137 5622 208 5677 lium
230 5619 307 5693 apud
328 5618 452 5674 Nicaeam
466 5609 611 5669 civitatem
634 5611 784 5685 provincia
802 5609 950 5681 bithyniae,
1003 5609 1044 5664 rel
1064 5624 1081 5663 a
1099 5607 1228 5664 barbaria
1243 5611 1389 5676 castratus,
1404 5607 1511 5680 placuit
1530 5611 1562 5663 ut
1579 5606 1632 5662 isto
1650 5604 1818 5678 permaneat

138 5718 243 5770 statuta
256 5716 323 5768 sunt
336 5711 372 5768 ab
385 5711 426 5767 eis
441 5711 501 5765 hac
523 5724 587 5781 qua
612 5707 687 5762 intra
707 5705 812 5778 scripta
825 5708 901 5771 sunt,
917 5718 953 5759 er
1002 5702 1034 5757 ia
1046 5704 1132 5758 clero.
1150 5702 1258 5774 Siquis
1278 5710 1376 5758 autern
1398 5718 1486 5758 sanus
1508 5702 1634 5774 seipsam
1658 5698 1817 5764 abscindat,

120 5804 223 5859 araca
232 5805 267 5858 ιἰι
283 5805 423 5862 Laurum
434 5820 515 5862 rersa
523 5816 701 5861 samonem.
1003 5795 1114 5855 ahumai
1127 5798 1170 5853 ast
1182 5796 1211 5853 in
1224 5797 1310 5869 clero,
1328 5812 1438 5853 cessare
1453 5795 1540 5855 dabat
1552 5799 1582 5853 et
1595 5811 1629 5857 ex
1640 5794 1696 5853 hoc
1709 5793 1820 5851 naham
