3870 6150
56 262 107 318 88l
666 258 902 316 DECRETAhthl
921 258 1116 314 coutantur.
1689 266 1739 321 882

55 367 250 424 ministerium
260 368 404 439 delegatos
412 374 498 440 atque
507 373 660 441 promotos.
668 368 742 439 Ergo
753 384 790 422 ne
800 368 876 422 ultra
886 378 916 453 Α
926 365 1032 421 debent
1045 365 1244 422 excellentiora
1254 366 1405 434 committi,
1415 368 1473 440 ipse
1484 369 1527 424 sui
1536 371 1740 428 numerositate

51 463 119 517 talis
133 479 149 516 a
162 462 242 517 robis
259 461 373 519 licentia
391 465 544 534 usurpetur
555 462 703 517 communi
718 461 870 529 sententia,
924 457 1046 515 vilescat.
1069 459 1151 525 Quod
1173 476 1250 514 nuuc
1265 460 1293 514 iu
1307 477 1357 515 sua
1372 461 1483 517 diaecesi
1507 463 1654 520 restitutus
1675 468 1738 538 epi·

50 556 237 611 statuendum
253 556 381 626 oportuit
394 555 513 611 scientes
529 555 606 627 quia,
623 555 696 609 sicut
705 555 870 626 coepiscopo
924 569 1027 626 scopus
1048 553 1154 608 lactum
1176 570 1237 609 esse
1259 559 1389 610 causatus
1411 559 1462 626 est,
1485 562 1514 612 et
1531 558 1741 615 rationabiliter

49 649 97 703 vel
121 650 287 721 presbytero
300 649 399 704 illicita
420 649 596 705 consecratio
614 652 657 704 est
672 648 778 714 altaris,
791 647 871 702 itaet
925 646 1085 718 postulavit,
1108 649 1139 700 ut
1160 646 1284 718 episcopi
1307 664 1405 703 eorum
1427 650 1564 718 locorum,
1584 651 1614 705 in
1636 652 1739 724 quibus

49 742 229 799 constitutio.
244 745 274 797 ln
289 741 392 797 divinis
406 742 483 798 enim
503 742 602 798 litteris
622 741 802 813 praecipiente
818 741 869 794 llo·
923 756 981 795 nou
995 738 1153 795 debuerant
1166 739 1291 794 ordinari
1303 741 1431 797 humana
1440 743 1602 799 conditione
1611 744 1738 801 decesse-

49 836 144 903 mino,
156 837 234 892 solus
245 836 352 907 Moyses
367 837 395 890 in
405 837 589 891 tabernaculo
603 835 653 890 Dei
666 834 758 889 erexit
768 835 868 897 altare,
923 832 991 900 rint,
1001 832 1063 888 loca
1074 831 1135 904 ipsa
1146 832 1182 886 ad
1190 832 1237 903 Jus
1248 833 1308 904 ejus
1322 834 1454 890 antistitis
1467 835 1739 909 redigantur.011jus

49 931 130 985 solus
150 931 211 1001 ipse
235 929 327 998 unxit,
343 930 391 1000 qui
404 930 503 1002 utique
525 945 655 983 summus
676 926 806 983 sacerdos
819 927 869 981 llei
925 931 991 981 ante
1007 926 1120 982 lucrant
1134 929 1200 981 aute
1215 926 1321 998 priora.
1337 929 1371 982 Et
1386 928 1486 983 inutile
1503 936 1546 986 est
1562 934 1593 985 ut
1606 932 1737 988 sacerdo-

48 1030 125 1090 erat,
143 1024 215 1078 sicut
238 1024 375 1094 scripturn
394 1027 437 1078 est
449 1023 484 1078 de
498 1039 532 1078 eo
549 1040 556 1077 ι
572 1044 586 1072 «
601 1024 709 1093 Moyses
731 1025 759 1077 et
776 1025 869 1076 Aaron
921 1019 986 1074 talis
1000 1019 1123 1090 dignitas
1145 1020 1356 1076 inconsiderata
1377 1020 1536 1077 ordinantis
1558 1023 1692 1080 facilitate
1709 1032 1738 1081 et

46 1116 80 1172 in
101 1117 297 1172 sacerdotibus
319 1118 379 1188 eJus
393 1117 477 1188 (Paul.
501 1132 596 1186 xcvrn,
612 1116 647 1187 a).
662 1136 675 1165 a
698 1115 819 1187 ldeoque
841 1114 869 1169 id
922 1116 1065 1187 superflua
1088 1115 1328 1187 multiplicatione
1350 1117 1508 1173 minuatur.
1523 1120 1561 1174 lle
1580 1119 1624 1173 his
1642 1123 1736 1176 autem

45 1211 129 1283 quod
141 1215 253 1265 tautum
267 1212 358 1266 lacere
378 1210 554 1281 principibus
570 1208 747 1264 sacerdotum
756 1208 867 1280 jussum

45 1308 102 1372 est,
128 1321 251 1376 quorum
276 1309 377 1376 typum
401 1305 508 1376 lloyses
533 1307 561 1358 et
581 1305 676 1357 Aaron
704 1306 867 1371 tenuerunt,

43 1399 171 1454 omnino
196 1399 343 1454 decretum
363 1400 406 1452 est
428 1402 459 1452 ut
473 1396 630 1468 coepiscopi
647 1397 689 1450 vel
711 1395 868 1467 presbyteri

44 1493 98 1565 qui
123 1492 250 1548 filiorum
274 1495 367 1547 aaron
392 1494 507 1563 gestant
521 1491 646 1561 figuram
662 1490 789 1561 arripere
810 1504 867 1543 non

43 1589 236 1657 praesumant.
253 1587 325 1641 Nam
344 1586 476 1657 quamvis
494 1600 560 1639 cum
584 1582 722 1655 episcopis
744 1581 867 1654 plurima

919 1225 983 1280 quse
1000 1210 1030 1264 in
1044 1225 1124 1263 sacro
1137 1209 1307 1281 virginitatis
1322 1211 1470 1282 proposito
1490 1212 1650 1269 constitute
1667 1214 1734 1268 bar·

918 1302 1044 1357 baricam
1059 1303 1202 1375 pertulere
1215 1303 1390 1372 violentiam,
1401 1309 1431 1359 et
1443 1305 1636 1377 integritatem
1650 1307 1737 1378 pudo-

918 1396 967 1461 ris,
981 1412 1038 1450 nou
1054 1396 1159 1462 animo,
1173 1395 1222 1451 sed
1232 1412 1351 1468 corpore
1366 1398 1528 1469 perdidere,
1542 1415 1575 1454 ea
1587 1400 1670 1457 nobis
1680 1417 1737 1456 ser·

918 1490 1010 1544 vanda
1034 1490 1148 1546 videtur
1172 1489 1343 1560 moderatio,
1359 1495 1393 1546 ut
1415 1509 1509 1565 neque
1534 1493 1564 1548 in
1583 1494 1734 1550 viduarum

917 1582 1089 1654 dejiciantur
1111 1583 1242 1654 gradum,
1261 1600 1314 1638 nec
1335 1583 1364 1638 in
1387 1601 1529 1641 sacrarum
1552 1591 1581 1641 et
1602 1604 1733 1659 persevc-

43 1680 106 1736 illis
123 1678 348 1735 ministeriorum
370 1677 529 1733 communis
547 1678 582 1731 sit
597 1676 779 1748 dispensatio,
795 1692 865 1748 qua-
917 1677 1041 1731 rantium
1057 1676 1201 1748 virgiuum
1216 1693 1336 1732 numero
1354 1685 1533 1734 censeantur.
1548 1680 1655 1746 Quibus
1666 1682 1688 1736 si
1703 1683 1732 1737 in

43 1774 118 1828 dam
132 1776 228 1828 tammr
243 1772 411 1827 auctoritate
424 1771 528 1826 veteris
547 1770 627 1842 legis,
642 1769 774 1842 quaedam
787 1785 867 1824 novae
879 1747 905 1818 Β
917 1770 1051 1824 omnibus
1063 1769 1250 1841 virginalibus
1266 1775 1450 1842 perseverant
1463 1775 1491 1826 et
1505 1773 1680 1830 castimoniae
1693 1793 1735 1830 so·
1777 1818 1781 1825 .

42 1867 136 1922 etiam
150 1866 344 1922 ecclesiasticis
362 1865 472 1937 regulis
491 1864 545 1919 sihi
558 1864 701 1935 prohibita
722 1863 864 1931 noverint,
917 1863 1057 1919 liditatem
1073 1870 1170 1919 mente
1184 1865 1348 1920 custodiunt
1360 1870 1605 1921 sacramentorum
1619 1873 1734 1923 nonest

43 1960 123 2014 sicut
145 1959 375 2030 presbyterorum
399 1963 426 2013 et
446 1958 642 2023 diaconorum,
658 1961 706 2011 aaut
721 1956 866 2027 virginum
918 1957 1051 2028 neganda
1072 1957 1248 2024 communio,
1271 1958 1338 2030 qnia
1360 1958 1498 2029 injustum
1520 1966 1561 2015 est
1583 1977 1629 2015 eas
1648 1961 1678 2015 in
1699 1979 1733 2017 eo

42 2053 232 2117 consecratio,
252 2053 324 2107 sicut
343 2052 506 2107 constitutio
532 2051 626 2106 altaris
648 2067 679 2104 ac
704 2050 865 2105 benedictio
916 2051 1009 2122 argui,
1024 2052 1067 2106 vel
1086 2052 1189 2121 notari,
1204 2051 1281 2123 quod
1303 2068 1362 2106 uon
1386 2052 1518 2107 voluutas
1540 2053 1664 2123 admisit,
1681 2056 1731 2110 sed

42 2148 89 2203 vel
115 2146 222 2201 unctio.
244 2146 390 2217 Siquidem
412 2162 463 2200 nec
487 2144 597 2217 erigere
622 2143 663 2198 eis
689 2143 798 2213 altaria,
812 2159 866 2198 nec
915 2143 956 2197 vis
974 2144 1083 2198 hostilis
1106 2144 1218 2215 eripuit.
1244 2147 1361 2201 Causam
1386 2162 1499 2217 quoque
1522 2146 1649 2218 Lapicini
1669 2148 1730 2220 cpi·

42 2240 180 2297 ecclesias
192 2239 236 2294 vel
250 2239 352 2294 altaria
367 2254 532 2294 consecrare
550 2237 624 2304 licet,
638 2252 691 2292 nec
707 2253 759 2308 per
770 2236 864 2308 impo-
916 2238 992 2308 scopi
1014 2238 1070 2293 illic
1089 2239 1226 2309 jubemus
1243 2238 1346 2293 audiri.
1371 2239 1422 2295 Cui
1443 2240 1566 2296 multum
1587 2245 1616 2295 et
1631 2242 1733 2313 saepius

42 2335 166 2390 sitiones
176 2350 312 2387 manuum
324 2333 456 2388 fidelibus
469 2331 648 2403 baptizandis
657 2331 700 2385 vel
711 2330 863 2399 conversis,
915 2332 1070 2401 postulanti
1091 2332 1324 2387 communionem
1342 2333 1395 2387 hac
1412 2333 1522 2388 ratione
1542 2334 1729 2405 reddidimus,

41 2429 86 2482 rel
98 2444 132 2482 es
144 2427 245 2481 haeresi
262 2426 437 2497 paracletum
452 2424 588 2496 Spiritum
602 2429 731 2479 sanctum
741 2423 863 2490 tradere,
914 2425 1092 2496 quoniamad
1101 2430 1232 2480 nostrum
1242 2426 1384 2497 judicium
1396 2432 1579 2499 provocasset
1589 2428 1733 2485 immerito
1782 2486 1787 2495 ,

41 2537 96 2576 uec
112 2520 239 2575 chrisma
254 2519 402 2585 conticere,
419 2535 471 2573 nec
485 2517 638 2572 chrismate
659 2517 864 2588 baptizatorum
916 2534 982 2572 eum
1005 2517 1148 2589 pendente
1169 2520 1284 2591 negotio
1305 2537 1321 2574 a
1342 2521 1544 2575 communione
1569 2520 1737 2578 videbamus

43 2614 155 2668 frontes
168 2612 355 2683 signare,nec
366 2611 479 2683 publice
493 2611 609 2682 quidem
625 2609 654 2664 in
670 2610 752 2664 missu
767 2626 865 2682 quem-
914 2610 1000 2666 luisse
1021 2629 1201 2683 suspensum.
1225 2613 1373 2685 adjectum
1396 2614 1483 2669 etiam
1506 2614 1575 2670 illud
1593 2619 1636 2670 est
1654 2616 1730 2687 quod

42 2723 134 2779 quam
148 2707 334 2777 paenitentem
356 2705 551 2774 reconciliare,
567 2720 618 2759 nee
632 2703 769 2759 formatas
784 2704 863 2758 culli·
915 2704 981 2759 huic
1004 2709 1112 2760 temere
1135 2706 1369 2776 superordinatus
1392 2723 1453 2762 esse
1471 2708 1663 2778 cognoscitur,
1683 2695 1736 2781 qui

42 2800 91 2855 het
104 2800 239 2871 epistolas
259 2799 381 2854 mittere.
399 2800 464 2853 llaec
478 2798 557 2853 enim
574 2796 672 2852 omnia
688 2797 784 2851 illicita
800 2800 865 2851 sunt
915 2814 973 2853 non
994 2798 1094 2853 debuit
1114 2798 1239 2854 ordinari
1259 2803 1414 2872 numquam
1436 2801 1590 2873 Lupicinus
1608 2801 1637 2856 in
1658 2818 1732 2873 praa·

44 2893 230 2965 coepiscopis,
245 2893 295 2964 qui
310 2893 346 2947 ad
372 2893 536 2964 exemplum
560 2895 589 2945 et
606 2892 729 2946 sormam
751 2896 862 2962 septua-
915 2892 988 2946 senti
1009 2892 1126 2963 positus,
1141 2898 1191 2947 aut
1213 2893 1386 2961 confutatus,
1407 2899 1457 2949 aut
1479 2899 1555 2949 certe
1577 2895 1731 2963 confessus,

45 2989 127 3059 ginta
140 2986 345 3057 discipulorum
363 3003 425 3041 esse
446 2989 614 3051 noscuntur,
627 2985 671 3039 vel
692 2984 865 3056 presbyteris
911 2984 996 3055 justae
1005 2986 1253 3057 possetsubjacere
1262 2988 1615 3055 sententiae,utvacautem
1626 2989 1731 3055 locum,

42 3082 91 3154 qui
111 3080 245 3135 eamdem
260 3085 370 3152 gestant
388 3080 520 3152 figuram.
538 3078 679 3144 Quoniam
696 3093 901 3191 quanquamC
915 3078 1158 3150 quiemadmodum
1172 3079 1323 3151 disciplina
1337 3080 1524 3136 ecclesiastica
1539 3081 1638 3153 exigit,
1647 3081 1671 3136 is
1683 3082 1731 3153 qui

42 3174 289 3230 consecrationem
301 3174 438 3242 habeant,
451 3172 633 3244 pontificatus
647 3175 741 3226 hmeu
752 3171 863 3243 apicem
913 3171 1145 3240 consecrabatur,
1157 3172 1310 3244 exciperet.
1325 3173 1387 3228 Sive
1401 3189 1469 3228 vero
1484 3173 1548 3228 alia
1561 3174 1732 3229 emerserint

42 3285 102 3324 nou
117 3266 233 3322 hahent.
248 3266 317 3331 011ae
331 3267 428 3322 omnia
443 3265 508 3321 solis
521 3266 624 3321 debere
638 3265 755 3320 summis
768 3264 861 3337 ponti·
912 3280 1005 3319 causae
1013 3281 1077 3335 quea
1090 3264 1127 3320 ad
1140 3269 1244 3320 statum
1254 3266 1452 3334 ecclesiarum,
1463 3272 1491 3321 et
1502 3267 1537 3322 ad
1548 3267 1731 3323 concordiam

42 3362 145 3416 ticibus
158 3361 325 3416 strenuitate
346 3377 487 3415 canonum
509 3359 684 3433 praecipitur,
699 3365 730 3413 ut
744 3376 794 3431 per
809 3359 862 3413 hoc
914 3356 1077 3428 pertineant
1091 3357 1282 3428 sacerdotum,
1297 3358 1356 3413 illic
1368 3359 1420 3412 sub
1436 3359 1540 3414 timore
1552 3358 1665 3414 Domini
1681 3375 1729 3413 vo·

43 3463 71 3511 et
84 3454 220 3510 discretio
235 3454 387 3524 graduum,
400 3459 429 3508 et
444 3453 589 3526 dignitatis
602 3452 747 3524 fastigium
758 3452 862 3506 summi
912 3451 1007 3505 lumus
1022 3452 1211 3520 ventulentur,
1226 3455 1255 3506 et
1275 3451 1309 3506 de
1324 3451 1530 3524 componendis
1546 3456 1632 3523 atque
1652 3468 1728 3508 com·

41 3547 189 3621 pontificis
202 3547 423 3603 demonstretur.
441 3546 497 3601 Sed
512 3563 605 3618 neque
621 3562 716 3601 coram
731 3545 861 3616 episcopo
911 3544 1009 3616 positis
1022 3545 1155 3600 omuibus
1167 3544 1204 3599 ad
1217 3561 1268 3599 uos
1280 3545 1383 3600 relatio
1396 3545 1481 3616 plena
1497 3545 1636 3615 mittatur,
1652 3549 1730 3602 utea

43 3643 110 3697 licet
124 3641 297 3713 preshyteris
311 3641 342 3695 in
361 3640 561 3711 baptisterium
576 3639 702 3708 introire,
719 3655 771 3693 nec
785 3655 861 3711 prar-
911 3654 975 3708 quas
986 3639 1071 3709 juxta
1087 3639 1306 3694 ecclesiasticum
1320 3654 1431 3693 morem
1443 3639 1521 3712 juste
1531 3642 1560 3694 et
1573 3638 1732 3695 rationabi-

41 3740 122 3792 sente
145 3734 271 3789 antistite
293 3733 430 3789 infantem
455 3733 576 3804 lingere,
599 3735 650 3787 aut
670 3733 794 3804 signare,
808 3749 861 3787 nec
910 3731 976 3785 liter
987 3731 1093 3787 luerint
1106 3731 1233 3799 definita,
1242 3748 1308 3787 mea
1319 3747 1433 3804 quoque
1443 3732 1584 3788 sententia
1595 3732 1736 3788 roboren'

42 3831 231 3901 poenitentem
248 3827 308 3882 sine
330 3827 523 3898 preceptione
541 3825 665 3898 episcopi
679 3826 722 3880 sui
736 3826 861 3881 reconci-
910 3828 967 3879 tur.
982 3825 1051 3879 Data
1066 3827 1168 3896 quarto
1182 3824 1246 3881 ldus
1260 3825 1390 3897 Augusti.

42 3925 121 3990 liare,
131 3938 185 3977 uec
194 3937 227 3977 eo
237 3924 390 3993 prasente,
401 3920 456 3975 nisi
465 3920 514 3975 illo
521 3920 641 3991 jubente
650 3923 861 3975 sacramentum
911 3942 1006 3996 vafl·
1021 3971 1055 3982 ,,
1070 3942 1117 3997 Ad
1137 3944 1273 4013 epsscopos
1291 3958 1342 4013 per
1359 3943 1535 3999 Viennensem
1556 3944 1726 4013 potenciam

42 4016 172 4089 corporis
181 4021 209 4071 et
220 4015 368 4086 sanguinis
380 4015 482 4070 Christi
497 4014 644 4082 conficere,
653 4030 706 4068 nee
718 4030 752 4068 eo
765 4030 861 4069 coram
1238 4016 1405 4069 constitutos.

41 4111 136 4184 posito
147 4111 285 4180 populum
301 4109 412 4176 docere,
426 4109 471 4162 rel
483 4108 653 4163 benedicere
669 4111 719 4162 aut
728 4108 859 4175 salutare,
947 4107 1001 4161 hso
1014 4104 1202 4161 dilectissimis
1221 4107 1358 4162 tratribus
1373 4105 1510 4162 universis
1523 4105 1664 4179 episcopis
1677 4124 1730 4179 per

43 4222 93 4259 nec
116 4203 230 4275 plebem
251 4203 350 4273 utique
373 4201 530 4267 exhortari,
547 4202 575 4255 in
597 4217 646 4256 cos
668 4201 813 4271 specialius
834 4207 862 4256 ct
912 4200 1101 4255 Viennensem
1115 4200 1290 4272 provinciam
1308 4200 1480 4257 constitutis.

42 4296 213 4369 propensius
228 4295 424 4351 commovendi
436 4295 484 4366 qui
502 4295 531 4350 iu
544 4294 684 4366 episcopis
694 4293 861 4349 ordinandis
946 4293 1054 4349 Divinae
1063 4294 1173 4349 cultum
1186 4294 1343 4366 religionis,
1356 4310 1445 4367 quem
1457 4293 1487 4350 in
1499 4310 1600 4349 omues
1613 4298 1724 4367 gentes,

42 4395 207 4447 sanctorum
229 4392 345 4445 Petrum
365 4393 471 4443 statuta
487 4387 674 4460 neglexerint,
689 4391 860 4458 etquosre·
911 4403 1067 4458 omnesque
1100 4387 1228 4443 nationes
1252 4389 1302 4443 Dei
1328 4389 1417 4444 voluit
1449 4389 1542 4460 gratia
1569 4404 1725 4457 coruscare,

48 4488 144 4540 hilare
156 4484 325 4550 debuerant,
340 4482 539 4538 consecrarint.
551 4482 631 4537 Unde
645 4481 668 4535 si
680 4480 729 4552 qui
740 4481 864 4552 episcopi
874 4486 904 4559 Ι)
916 4480 956 4535 ita
973 4480 1112 4534 Dominus
1129 4485 1227 4535 noster
1240 4482 1318 4536 lesus
1336 4481 1462 4536 Christus
1481 4480 1600 4535 humani
1621 4481 1734 4552 generis

47 4579 134 4633 talem
145 4576 375 4632 consecraverint
384 4575 569 4642 sacerdotem,
579 4575 692 4646 qualem
703 4591 761 4630 non
771 4573 867 4641 liceat,

47 4671 161 4727 etiamsi
175 4670 271 4742 aliquo
290 4669 375 4724 modo
394 4670 531 4723 damnum
547 4669 656 4739 proprii
669 4667 789 4722 honoris
802 4684 865 4722 eva·

47 4765 147 4832 serint,
158 4763 343 4818 ordinationis
354 4766 450 4817 tamen
461 4761 635 4832 jusulterius
643 4778 699 4815 non
711 4761 866 4830 habebunt,

47 4876 97 4913 uec
115 4859 142 4912 ei
160 4861 340 4911 sacramento
362 4856 507 4922 interesse,
522 4855 599 4926 quod
622 4855 751 4925 neglecto
771 4855 868 4909 divino

43 4952 152 5021 judicio
166 4951 315 5005 immerito
328 4950 497 5021 praestitere.
516 4948 586 5004 lllud
600 4964 667 5015 sane
682 4948 759 5019 quod
772 4947 809 5003 ad
823 4965 866 5002 sa-

46 5045 221 5101 cerdotalem
244 5044 366 5116 pertinet
388 5043 568 5114 dignitatem,
583 5042 657 5097 inter
675 5041 773 5096 oriruia
787 5041 866 5096 volu·

49 5157 113 5196 mus
122 5155 267 5194 canonum
282 5143 387 5194 statuta
399 5137 514 5192 servari.
527 5137 598 5191 Cum
609 5136 657 5191 ubi
670 5135 794 5190 minores
802 5139 869 5190 sunt

48 5235 156 5306 plebes,
173 5233 357 5304 minoresque
371 5233 539 5296 conventus,
554 5231 786 5302 presbyterorum
800 5246 869 5283 eura

47 5328 184 5383 sufficiat.
205 5327 381 5399 Episcopalia
403 5330 501 5380 autem
523 5324 719 5395 gubernacula
738 5339 795 5377 nou
815 5322 869 5377 uisi

48 5421 208 5493 majoribus
236 5420 358 5492 populis,
381 5424 409 5475 et
440 5416 683 5489 frequentioribus
710 5414 869 5471 civitatibus

46 5518 181 5588 oporteat
208 5513 372 5585 praesidere,
397 5529 433 5568 ne
466 5510 542 5582 quod
566 5515 730 5565 sauctorum
753 5510 868 5564 Petrum

48 5609 187 5665 divinitus
203 5608 340 5680 inspirata
359 5608 472 5663 decreta
486 5609 601 5660 vetuere
614 5603 743 5671 vinculis,
760 5607 788 5658 et
802 5619 868 5674 pos-

46 5702 224 5757 sessionibus
238 5702 282 5756 vel
302 5701 429 5756 obscuris
447 5703 476 5755 et
494 5698 624 5754 solitariis
642 5695 805 5768 municipiis
817 5696 868 5752 tri-

48 5798 156 5851 buatur
176 5795 349 5851 sacerdotale
369 5794 526 5865 fastigium.
548 5798 574 5847 et
594 5789 691 5864 218
713 5792 805 5844 honor
824 5791 869 5845 cui

918 4573 1045 4628 Salvator
1068 4573 1201 4642 instituit,
1228 4577 1259 4628 ut
1288 4573 1391 4629 veritas
1409 4590 1473 4644 quae
1504 4576 1588 4627 antea
1618 4573 1690 4645 legis
1708 4578 1735 4628 et

919 4666 1125 4738 prophetarum
1147 4666 1289 4737 praeconio
1314 4666 1521 4733 continebatur,
1535 4682 1587 4738 per
1599 4666 1735 4737 apostoli-

918 4776 980 4813 cam
1008 4759 1104 4814 tubam
1126 4759 1155 4813 in
1182 4760 1300 4814 salutern
1328 4759 1516 4814 universitatis
1540 4758 1639 4829 exiret,
1664 4759 1737 4815 sicut

918 4854 1045 4925 scripum
1065 4857 1108 4908 est
1131 4868 1138 4906 ι
1165 4871 1179 4904 u
1202 4853 1233 4908 ln
1258 4868 1377 4907 omnem
1405 4858 1512 4907 terram
1542 4853 1627 4909 exivit
1651 4870 1737 4908 sonus

919 4962 1031 5015 corum,
1046 4950 1075 5001 et
1096 4946 1125 5001 in
1145 4946 1215 5000 liues
1235 4945 1311 5000 orbis
1332 4951 1417 5001 terrm
1431 4945 1517 5001 verba
1539 4962 1637 5001 eorum
1651 4947 1735 5017 (Paul.

918 5056 996 5107 svin,
1019 5042 1055 5111 3).
1081 5062 1094 5088 »
1119 5039 1172 5094 Sed
1194 5039 1281 5110 hujus
1304 5040 1431 5095 muneris
1463 5045 1675 5095 sacramentum
1697 5040 1737 5093 ita

920 5133 1102 5189 Dominusad
1113 5132 1243 5188 omnium
1254 5133 1449 5204 apostolorum
1457 5134 1581 5189 cilicium
1593 5133 1736 5204 pertinere

919 5227 1016 5295 voluit,
1032 5230 1064 5282 ut
1077 5227 1106 5281 in
1120 5226 1284 5282 beatissimo
1297 5229 1379 5282 Petro
1393 5229 1588 5299 apostolorum
1606 5225 1734 5280 omnium

920 5337 1035 5376 summo
1060 5319 1256 5392 principaliter
1277 5321 1439 5389 collocaret,
1463 5325 1494 5378 ut
1514 5320 1550 5375 ab
1570 5319 1632 5390 ipso
1655 5318 1735 5390 quasi

919 5415 1045 5486 quodam
1071 5415 1162 5485 rapite
1189 5414 1264 5469 dona
1293 5431 1345 5469 sua
1369 5415 1445 5470 velut
1470 5413 1500 5467 in
1523 5427 1626 5483 corpus
1650 5427 1735 5466 omne

920 5508 1103 5574 diffunderet,
1130 5511 1161 5562 ut
1187 5511 1330 5563 exsortem
1355 5523 1385 5562 se
1410 5505 1540 5578 mysterii
1563 5503 1737 5575 intelligeret

920 5618 980 5657 esse
994 5600 1092 5667 divini,
1107 5601 1155 5672 qui
1169 5617 1254 5657 ausus
1270 5601 1368 5656 luisset
1382 5616 1399 5654 a
1412 5599 1487 5654 Petri
1502 5597 1641 5653 soliditate
1656 5613 1735 5653 rece-

921 5695 999 5750 dere.
1016 5696 1095 5750 lluuc
1111 5694 1187 5749 enim
1202 5695 1231 5749 in
1246 5692 1422 5749 consortium
1443 5690 1599 5747 individue.
1621 5691 1738 5746 unitatis

920 5791 1098 5860 assumptum
1112 5787 1140 5842 id
1155 5787 1235 5860 quod
1256 5788 1317 5860 ipse
1335 5791 1411 5843 erat.
1421 5785 1518 5841 votuit
1529 5782 1755 5843 humanam&-
