3870 6150
147 308 178 359 rs
586 300 728 356 ιιιιιι.
748 300 792 357 ιι
811 300 892 356 ιιι.
914 299 956 355 ιι.
972 327 1006 340 -
1027 299 1150 356 ιιιιιι
1168 298 1383 356 umcuvoms
1714 285 1724 297 “
1798 304 1829 357 ιι

395 409 489 465 Oratio
503 409 560 464 dici
577 408 709 464 secunda.
970 419 1000 493 Α
1277 407 1371 465 Oratio
1387 405 1443 463 dici
1461 409 1555 463 tertie.

180 506 346 560 Nostrorum
370 500 430 572 tibi,
456 501 588 572 Domine,
607 505 756 558 curvantes
778 517 872 573 genua
899 517 959 557 cor·
1045 501 1087 557 ud
1106 504 1145 569 te,
1158 501 1288 571 Domine,
1303 499 1409 557 interni
1428 500 1558 556 clamoris
1579 500 1692 558 vocibus
1714 502 1827 574 procla·

144 599 234 668 dium,
248 611 426 668 quesumus,
441 599 475 651 ut
485 595 593 652 bouum
607 595 683 669 quod
698 593 781 651 nobis
795 611 812 650 a
826 597 854 651 te
867 594 961 666 requi·
1010 599 1131 663 mantes,
1144 594 1319 650 unanimiter
1333 595 1523 666 postulamus,
1538 596 1568 649 ut
1581 597 1712 670 respectu
1725 595 1827 668 mdes

143 692 216 746 ritur
229 705 429 762 exsequamur,
444 691 477 744 ut
490 694 624 761 prompta
640 705 755 760 semper
768 687 960 744 sollicitudine
1009 692 1065 743 ιιι
1080 687 1203 756 solidati,
1214 704 1360 761 praecones
1373 687 1483 744 virtutis
1497 691 1555 743 ιιι
1567 688 1728 745 efficiamur
1740 689 1826 748 intre·

143 783 316 856 gradientes,
332 781 511 838 discretionis
529 781 626 838 ardua
645 781 747 838 subtile
758 781 902 853 judicium
916 782 958 837 ιι·
1009 780 1081 853 pidi,
1096 785 1238 855 tuumque
1252 781 1396 839 valcamus
1411 781 1530 838 verbum
1547 799 1612 839 curu
1629 781 1708 841 omui
1721 780 1826 843 fiducia

143 877 264 946 ciamus,
278 892 312 932 ac
325 874 551 932 misericordiam
566 875 717 948 diligentes
731 875 889 933 clareamus
903 876 961 931 stu·
1008 875 1097 947 toqui.

143 969 198 1027 diis
212 969 264 1026 tibi
278 968 390 1042 placite
406 969 533 1027 ιιιιιιιι.

489 1275 520 1349 2
557 1279 803 1407 INClPlUNT
844 1278 1063 1362 CANONES
1102 1278 1477 1378 APOSTOLORUM,

703 1447 759 1491 PER
781 1445 967 1494 astutorum
990 1443 1093 1490 ΡΑΡΑΜ
1114 1444 1257 1491 Paolum.

175 1706 238 1761 Cur.
254 1707 274 1759 1.
296 1704 482 1779 Episcopuea
505 1705 614 1761 duobus
635 1709 683 1760 aut
704 1705 795 1762 tribus
815 1703 1168 1789 episcopissssuspensus,
1191 1721 1240 1760 seu
1267 1703 1496 1770 communicans,
1517 1703 1553 1758 ad
1576 1703 1661 1758 alium
1684 1708 1822 1782 properet

140 1797 298 1854 ordinetur.
1005 1798 1159 1868 civitatem,
1184 1802 1213 1854 et
1237 1797 1407 1870 suspiciatur
1427 1799 1546 1869 propter
1569 1794 1821 1853 commendatitias

173 1891 204 1946 ιι.
220 1891 372 1964 Presbyter
390 1890 426 1947 ab
448 1907 507 1948 uno
525 1890 659 1966 episcopo
676 1891 836 1959 ordinetur,
853 1894 881 1948 et
896 1889 955 1947 dia·

138 1998 228 2040 conus
240 1987 269 2040 et
282 1984 384 2058 reliqui
397 1983 502 2040 clerici.

171 2077 213 2134 111.
231 2076 261 2133 Si
275 2077 338 2151 quis
353 2077 503 2150 episcopus
523 2081 573 2133 aut
589 2079 739 2150 presbyter
753 2082 858 2150 praeter
875 2077 952 2133 ordi·

138 2169 287 2226 nationem
300 2170 421 2239 Domini,
437 2170 492 2226 alia
508 2170 640 2242 quaedam
655 2171 684 2226 in
699 2171 837 2227 sacritleio
852 2170 955 2226 offerat

138 2278 224 2335 super
241 2264 340 2334 altare,
358 2263 388 2318 id
406 2265 459 2333 est,
474 2265 524 2318 aut
543 2264 609 2331 mel,
624 2266 674 2319 aut
690 2263 746 2333 lac,
762 2269 811 2320 aut
824 2280 875 2336 pro
888 2263 953 2319 vino

138 2355 268 2426 siceram,
282 2360 311 2413 ιι
323 2356 454 2412 contecta
465 2355 609 2431 quadam,
623 2360 673 2412 aut
686 2356 820 2426 volatilia,
831 2360 881 2413 aut
894 2355 955 2413 ani·

135 2449 224 2508 mulia
244 2450 388 2523 quaedam,
409 2453 460 2505 aut
480 2449 638 2522 legumina,
656 2454 757 2508 contra
775 2448 953 2506 constitutio·

137 2560 206 2602 nem
219 2542 336 2601 Domini
354 2543 472 2612 taciens,
492 2558 619 2616 congruo
635 2547 762 2617 tempore
781 2543 951 2616 deponatur.

61 2666 66 2676 ·
170 2639 213 2694 tv.
228 2636 329 2694 Offerri
344 2652 404 2694 nou
417 2636 501 2694 liceat
512 2637 622 2711 aliquid
631 2638 668 2693 ad
679 2638 768 2694 altare
777 2642 884 2710 prater
895 2653 950 2694 no-

135 2748 184 2787 vas
198 2730 300 2804 spicas,
315 2733 345 2786 ιι
357 2745 427 2786 uvas
441 2734 472 2786 ιι
483 2732 579 2786 oleum
588 2731 626 2786 ad
638 2731 835 2802 luminarium,
847 2735 876 2788 et
885 2732 950 2805 thy·

135 2823 253 2892 miama,
271 2822 355 2880 idest
373 2823 531 2894 incensum,
544 2827 676 2897 tempore
697 2841 753 2899 quo
772 2841 854 2881 sacra
876 2826 950 2882 cele·

134 2916 235 2973 bratur
247 2916 364 2973 oblatio.

169 3011 201 3067 V.
217 3010 336 3084 Reliqua
346 3026 433 3083 poma
442 3011 540 3067 omnia
553 3010 590 3066 ad
604 3012 723 3068 domum
740 3011 873 3084 primitive
889 3011 950 3086 epi·

1004 1891 1122 1962 litteras,
1139 1896 1168 1949 et
1189 1892 1240 1965 qui
1261 1894 1457 1963 susceperunt,
1477 1896 1506 1946 ιι
1527 1890 1576 1963 qui
1601 1891 1749 1962 susceptus
1768 1894 1820 1960 est,

1004 1985 1204 2042 communione
1226 1986 1383 2058 priventur.
1400 1983 1651 2040 Excommunicato
1666 1999 1734 2040 vero
1754 1998 1820 2057 pro·

1004 2078 1106 2136 teletur
1121 2080 1181 2151 ipsa
1199 2078 1351 2151 correptio,
1365 2082 1499 2151 tanquam
1519 2076 1567 2149 qui
1583 2077 1720 2133 mentitus
1732 2077 1779 2148 sit,
1792 2082 1821 2136 ιι

1004 2172 1158 2228 Ecclesiam
1172 2172 1221 2228 Dei
1236 2171 1356 2227 seduxit.

1037 2266 1103 2321 xlv.
1114 2265 1251 2338 Episcopo
1263 2281 1322 2321 non
1336 2263 1403 2320 licet
1414 2264 1500 2320 aliam
1513 2264 1690 2337 parochiam,
1703 2266 1820 2340 propria

1002 2358 1112 2426 relicta,
1123 2358 1291 2432 pervadere,
1303 2357 1370 2414 licet
1379 2361 1496 2431 cogatur
1505 2374 1521 2413 a
1530 2357 1671 2431 plurimis,
1681 2356 1819 2417 nititorte

1002 2450 1066 2525 quis
1079 2467 1147 2506 eum
1163 2450 1325 2508 rationabili
1340 2467 1425 2507 causa
1440 2450 1602 2524 compellat,
1617 2453 1757 2524 tanquam
1770 2454 1820 2527 qui

1002 2544 1091 2617 possit
1108 2544 1215 2602 ibidem
1234 2544 1395 2601 constitutis
1417 2544 1482 2616 plus
1502 2545 1574 2601 lucri
1587 2544 1730 2614 conterre,
1747 2545 1819 2603 etin

1001 2653 1085 2694 causa
1100 2636 1249 2710 religionis
1262 2637 1372 2712 aliquid
1385 2636 1528 2710 protectus
1537 2637 1708 2711 pmspicere.
1719 2638 1756 2695 Et
1764 2636 1819 2696 ιιιι

1001 2746 1060 2786 ιιι
1075 2747 1093 2787 ι
1106 2731 1258 2804 semetipso
1270 2732 1423 2804 pertentet,
1438 2732 1487 2787 sed
1503 2731 1659 2788 multorum
1672 2717 1819 2809 episcopo

1000 2840 1066 2881 rum
1075 2824 1185 2896 judicio
1201 2829 1230 2882 et
1244 2825 1370 2880 maxima
1384 2824 1592 2898 supplicatione
1605 2824 1744 2897 perficiat.
1772 2824 1776 2831 '

1035 2918 1090 2975 XV.
1107 2917 1138 2974 Si
1152 2919 1215 2992 quis
1234 2918 1384 2992 presbyter
1404 2920 1455 2974 aut
1472 2917 1618 2986 diaconus,
1634 2922 1684 2974 aut
1696 2917 1819 2992 quilibet

1000 3011 1036 3067 de
1057 3027 1180 3068 numero
1201 3011 1371 3068 clericorum
1392 3011 1557 3084 relinquens
1570 3010 1717 3084 propriam
1729 3028 1817 3085 paro·

134 3119 219 3176 scopo
240 3109 269 3161 ιι
291 3103 462 3178 presbyteris
483 3103 653 3177 dirigantur,
674 3121 727 3161 uec
743 3104 901 3162 offerantur
920 3105 950 3163 in
960 3080 989 3157 C
1001 3103 1096 3160 chiam
1109 3107 1212 3178 pergat
1225 3105 1262 3162 ad
1275 3104 1400 3161 alienam
1415 3103 1570 3159 etomnino
1582 3104 1735 3179 demigrat,
1746 3121 1818 3178 prve-

133 3196 228 3253 altari.
239 3197 356 3255 Certum
371 3202 415 3253 ιιι
426 3200 522 3253 autem
541 3198 618 3271 quod
633 3197 781 3271 episcopus
796 3201 826 3256 ιι
838 3199 952 3272 presby·

133 3289 189 3346 teri
208 3289 338 3346 dividant
356 3290 483 3346 diaconis
502 3296 532 3347 et
551 3291 670 3365 reliquis
689 3291 808 3348 clericis.

168 3384 211 3439 vt.
227 3383 380 3456 Episcopus
403 3386 452 3439 aut
480 3383 629 3457 presbyter
656 3401 773 3441 uxorem
802 3384 950 3458 propriam

133 3491 315 3550 nequaquam
329 3476 382 3532 sub
398 3477 517 3534 obtentu
532 3472 680 3550 religionis
695 3477 819 3550 abjiciat.
837 3478 867 3534 Si
881 3495 949 3534 vero

131 3568 276 3642 rejecerit,
288 3569 564 3639 excommunicetur,
574 3570 624 3628 sed
634 3574 663 3629 et
674 3571 698 3627 si
710 3571 948 3643 perseveraverit,

133 3661 293 3735 dejiciatur.

1000 3200 1045 3254 ter
1058 3197 1184 3270 episcopi
1197 3197 1240 3253 sui
1254 3197 1460 3254 conscientiam
1479 3200 1511 3252 ut
1530 3197 1559 3252 in
1575 3197 1669 3254 aliem
1681 3197 1818 3270 parocbia

1000 3293 1203 3359 commoretur,
1215 3290 1293 3346 hunc
1309 3290 1426 3347 ulterius
1437 3289 1599 3346 ministrare
1609 3305 1665 3346 uon
1675 3289 1816 3362 patimur,

1000 3383 1145 3457 praecipue
1160 3383 1183 3439 ιι
1199 3386 1313 3440 vocatus
1328 3383 1510 3457 abepiscopo
1525 3383 1618 3440 redire
1633 3386 1816 3456 contempse-

1000 3476 1047 3546 rit,
1060 3476 1092 3532 in
1114 3494 1165 3532 sua
1187 3476 1384 3550 inquietudine
1402 3494 1597 3550 perseverans,
1615 3478 1814 3534 verumtamen

1000 3571 1137 3642 tanquam
1151 3569 1239 3627 laicus
1252 3571 1292 3627 ibi
1302 3571 1501 3627 communicet.

1033 3662 1099 3720 xvt.
1125 3663 1277 3737 Episcopus
1300 3680 1366 3719 vero
1390 3663 1467 3735 apud
1487 3678 1573 3734 quern
1601 3667 1726 3719 moratos
1753 3681 1814 3720 esse

167 3755 219 3811 Vll.
236 3754 399 3828 Episcopus,
423 3758 473 3811 aut
493 3753 651 3828 presbyter,
672 3759 722 3812 aut
740 3755 877 3812 (ιιιιιιιι
897 3773 947 3814 ne·
998 3756 1166 3826 constiterit,
1180 3757 1202 3812 si
1215 3761 1312 3813 contra
1332 3772 1380 3811 eos
1398 3756 1541 3812 decretam
1560 3755 1749 3814 cessationem
1762 3775 1814 3830 pro

131 3862 276 3921 qumquam
287 3848 438 3906 saculares
449 3864 533 3905 curas
545 3851 685 3918 assumat;
701 3848 863 3919 sinautem,
879 3850 949 3922 deji·
998 3848 1089 3905 nihilo
1102 3853 1248 3921 reputans,
1265 3851 1405 3920 tanquam
1418 3846 1533 3904 clericos
1550 3848 1625 3904 forte
1645 3851 1812 3923 susceperit,

132 3941 236 3999 ciatur.
996 3942 1074 3997 velut
1084 3940 1224 4014 magister
1235 3939 1442 4013 inquietudinis
1457 3941 1660 3998 communione
1674 3943 1812 4015 privetur.

165 4035 234 4092 vtll.
250 4033 356 4109 Siquis
371 4033 531 4107 episcopus,
546 4038 597 4090 aut
616 4035 773 4108 presbyter,
789 4036 839 4090 aut
853 4033 946 4090 diaco·
1032 4035 1108 4091 xvu.
1125 4033 1152 4090 Si
1175 4033 1239 4107 quis
1262 4036 1325 4106 post
1343 4033 1486 4107 baptisma
1503 4035 1635 4092 secundis
1655 4036 1744 4092 luerit
1756 4052 1810 4093 nu·

127 4141 185 4183 nus
206 4128 335 4183 sanctum
355 4128 471 4184 Pascha
486 4127 563 4183 diem
582 4130 649 4184 ante
665 4129 779 4186 vernale
802 4127 945 4200 aequinoc·
996 4127 1063 4201 ptiis
1076 4128 1234 4201 copulatus,
1251 4130 1301 4184 aut
1317 4127 1507 4185 concubinam
1525 4129 1669 4197 habuerit,
1686 4147 1744 4186 ιιι
1761 4147 1813 4202 po·

129 4218 204 4276 tium
216 4235 283 4275 cum
294 4219 399 4277 Judaeie
412 4220 609 4290 celebraverit,
624 4221 785 4294 abjiciatur.
894 4261 899 4273 .
995 4224 1051 4278 test
1064 4236 1126 4277 esse
1142 4221 1300 4294 episcopus,
1314 4236 1366 4277 ιιι
1379 4221 1537 4294 presbyter,
1548 4227 1598 4278 aut
1608 4222 1753 4294 diaconus,
1764 4225 1814 4278 aut

165 4313 209 4369 Ill.
220 4311 250 4368 Si
260 4312 324 4385 quis
337 4311 496 4387 episcopus,
509 4320 559 4371 aut
571 4315 727 4388 presbyter,
738 4318 789 4372 aut
800 4314 945 4383 diaconus,
995 4330 1111 4390 prorsus
1125 4331 1157 4372 ex
1172 4331 1294 4373 numero
1306 4315 1420 4372 illorum
1436 4315 1485 4389 qui
1496 4314 1658 4371 ministerio
1670 4332 1750 4372 sacro
1765 4315 1813 4373 de·

130 4405 174 4462 ιιι
187 4405 308 4479 quilibet
320 4423 357 4463 ex
368 4407 539 4466 sacerdotali
556 4408 684 4481 catalogo
701 4407 777 4465 tacta
790 4407 944 4478 oblatione,
996 4407 1133 4465 serviunt.

128 4515 192 4557 non
204 4499 468 4570 communicaverit,
486 4505 536 4558 ant
552 4518 667 4558 eausam
682 4501 758 4559 dicat
774 4501 806 4572 (si
820 4501 944 4558 rationa-
1030 4503 1117 4560 xvffl.
1131 4501 1161 4558 Si
1184 4502 1247 4576 quis
1267 4501 1381 4558 viduam
1403 4505 1432 4558 et
1452 4501 1574 4575 ejectam
1594 4503 1744 4574 acceperit,
1763 4507 1814 4559 aut

129 4591 195 4649 bilis
207 4593 303 4664 luerit,
317 4594 430 4651 veniam
444 4593 644 4668 consequatur)
656 4598 707 4650 aut
721 4596 744 4651 si
761 4611 821 4651 non
833 4594 945 4663 dixerit,
996 4595 1191 4666 meretricem,
1206 4598 1255 4651 aut
1272 4595 1417 4664 ancillam,
1432 4596 1475 4652 vel
1489 4595 1614 4668 aliquam
1634 4595 1669 4651 de
1684 4596 1729 4652 his
1749 4612 1814 4671 quta

129 4687 332 4745 communione
353 4688 489 4760 privetur,
507 4692 645 4762 tanquam
667 4688 716 4760 qui
734 4688 840 4763 populo
861 4704 946 4744 causa
996 4688 1118 4762 publicis
1138 4689 1305 4762 spectaculis
1327 4689 1537 4761 mancipantur,
1558 4705 1616 4744 uon
1635 4693 1731 4764 potest
1751 4707 1813 4747 esse

127 4777 250 4838 lesionis
264 4780 414 4851 ιιιιιιιιιι,
429 4781 502 4838 dans
512 4781 702 4854 suspicionem
713 4782 749 4838 de
759 4798 794 4838 eo
806 4781 855 4856 qui
863 4781 947 4838 sacri·
997 4780 1157 4856 episcopus,
1174 4785 1224 4839 ιιι
1244 4781 1402 4855 presbyter,
1424 4783 1474 4837 aut
1492 4781 1639 4850 ιιιιιιιιι,
1655 4787 1706 4838 ιιι
1726 4800 1759 4838 ιι
1776 4800 1811 4840 eo

127 4872 233 4944 licavit,
248 4875 327 4948 quod
340 4881 415 4932 recte
429 4891 487 4931 ιιι
500 4875 644 4932 obtulerit.
996 4891 1118 4931 numero
1130 4874 1180 4948 qui
1193 4874 1352 4931 ministerio
1365 4890 1443 4930 sacro
1456 4873 1631 4932 deserviunt.

162 4969 194 5026 X.
209 4967 315 5026 Omnes
335 4968 435 5026 tldeles
458 4969 509 5042 qui
532 4968 735 5041 ingrediuntur
753 4967 902 5025 ecclesiam
917 4973 946 5026 et
1030 4969 1096 5029 mx.
1106 4968 1161 5037 Qui
1172 4968 1241 5044 duas
1253 4967 1283 5024 iu
1296 4966 1464 5040 conjugium
1478 4984 1591 5025 sorores
1601 4970 1754 5042 acceperit,
1765 4970 1810 5026 vel

127 5059 287 5135 Scripturas
299 5062 430 5133 audiunt,
444 5080 505 5120 non
524 5065 621 5119 autem
636 5065 818 5135 perseverant
831 5063 862 5118 in
877 5080 943 5120 ora·
994 5060 1083 5119 liliam
1103 5061 1210 5131 fratris,
1226 5059 1346 5119 clericus
1359 5076 1419 5116 esse
1431 5077 1490 5119 nou
1502 5062 1618 5135 poterit.

126 5154 213 5226 tione,
229 5171 284 5216 uec
296 5159 424 5234 sanctam
439 5153 673 5213 communionem
685 5153 858 5228 percipiunt,
869 5157 944 5212 velut
1030 5157 1083 5213 xx.
1101 5155 1226 5213 Clericus
1249 5152 1479 5228 fidejussionibus
1503 5154 1669 5225 inserviens,
1691 5155 1808 5229 abjicia-

125 5248 341 5322 inquietudines
351 5249 481 5309 Ecclesiae
491 5251 716 5318 commoventes,
726 5249 860 5306 convenit
869 5265 944 5306 com·
996 5252 1052 5305 ιιι.

125 5342 266 5400 munione
282 5342 399 5416 privari.
1030 5344 1095 5400 ltili.
1119 5341 1272 5400 Eunuchus
1295 5342 1319 5398 si
1340 5358 1392 5416 per
1409 5341 1528 5398 iusidias
1547 5341 1698 5399 hominum
1718 5344 1810 5399 factus

159 5435 202 5491 xl.
219 5436 246 5494 si
262 5435 403 5510 quiscum
419 5434 670 5491 excommunicato
685 5435 788 5490 saltem
806 5435 837 5492 in
856 5435 942 5492 domo
992 5440 1044 5506 est,
1054 5437 1098 5495 vel
1108 5436 1132 5494 si
1143 5435 1174 5492 in
1186 5435 1384 5508 persecutione
1397 5435 1458 5507 ejus
1472 5440 1539 5491 sunt
1548 5438 1696 5509 amputata
1705 5437 1807 5504 virilia,

123 5517 209 5584 simul
223 5528 356 5597 oraverit,
372 5528 424 5585 iste
436 5526 640 5583 commuuione
653 5528 790 5600 privatur.
991 5532 1036 5586 vel
1054 5529 1078 5588 si
1098 5529 1137 5587 ita
1155 5534 1239 5588 uatus
1257 5532 1300 5586 ιιι
1319 5532 1347 5586 ιι
1361 5530 1403 5586 est
1415 5528 1530 5602 dignus,
1544 5528 1685 5586 efllciatur
1697 5529 1807 5603 episco-

161 5620 215 5677 ltll.
232 5622 336 5694 Siquis
349 5638 415 5678 cum
435 5621 574 5678 damnato
588 5619 692 5677 clerico
705 5620 792 5676 veluti
804 5637 870 5678 cum
884 5623 939 5680 cle·
991 5639 1054 5696 pus.

121 5708 181 5766 rico
193 5713 277 5770 simul
292 5715 425 5787 oraverit,
439 5715 492 5771 iste
508 5712 675 5770 damnetur.
1025 5718 1100 5774 lllltl.
1115 5717 1143 5774 Si
1157 5718 1222 5791 quis
1235 5716 1356 5774 abscidit
1368 5716 1566 5788 semetipsum,
1582 5716 1609 5773 id
1626 5721 1678 5783 est,
1699 5716 1722 5773 si
1741 5717 1806 5790 quis

154 5805 218 5864 xttl.
233 5806 262 5866 Si
284 5808 347 5882 quis
368 5808 497 5901 clericus,
517 5811 567 5865 aut
587 5808 717 5878 laicus,a
737 5807 939 5868 communione
989 5811 1147 5882 amputavit
1170 5811 1224 5869 sibi
1248 5809 1348 5876 virilia,
1371 5826 1430 5868 non
1451 5808 1502 5867 tlat
1525 5809 1653 5880 clericus,
1672 5809 1739 5884 quia
1762 5811 1805 5868 sui
