3870 6150
64 197 119 260 aar
282 193 286 196 ’
540 212 543 219 ·
666 193 903 261 crearemur
923 201 1114 259 coccacrro.
1391 165 1395 172 ’
1702 207 1754 262 oss

64 312 164 383 parati
178 327 286 376 sumus,
302 311 391 368 sidem
405 326 472 368 vero
485 311 592 368 Nicaei
610 314 724 369 concilii
738 314 768 368 in
784 314 886 368 eadem
895 313 1151 400 Acorrdemuatus,
1181 312 1261 367 nullo
1288 310 1372 368 modo
1402 313 1515 384 oportet
1539 328 1592 367 nos
1618 312 1752 385 deinceps

62 405 186 476 epistole
199 409 305 461 rectam
321 406 489 478 reperimus,
504 423 590 478 super
601 423 657 479 qua
668 410 696 462 et
709 408 766 462 Deo
781 406 886 478 gratias
935 410 1040 475 tacere,
1056 408 1106 460 aut
1118 406 1274 476 quiescere,
1297 423 1333 461 ne
1348 406 1461 477 quando
1476 405 1568 478 iniqui
1588 405 1754 477 judicemur

63 498 227 553 uberrimas
242 498 403 568 retulimus,
417 517 468 571 pro
482 516 540 571 qna
551 516 609 558 non
629 501 809 556 solummodo
824 516 886 571 per
935 499 1071 554 odibilem
1077 500 1752 572 Deopaccmamplectentes,quoniamscriptum

63 592 234 661 secutiones,
251 599 279 649 et
303 593 446 664 passiones
469 595 610 649 sustinere
633 595 778 649 vobiscum
792 593 885 664 parati
936 593 1092 648 est:Zelavi
1103 593 1133 647 in
1145 594 1448 665 peccatoribuspaccm
1455 593 1751 664 peccatoromridens,

64 703 176 751 sumus,
192 686 349 753 sedetiam,
364 688 387 742 si
400 704 515 743 necesse
537 688 632 754 fuerit,
649 687 724 742 mori
736 704 788 758 pro
802 687 883 741 Chri·
930 687 1081 742 ¹etdicatur
1090 687 1178 741 etiam
1190 686 1226 741 dc
1237 687 1318 741 nobis
1328 704 1334 742 :
1344 687 1506 743 Sacerdotes
1516 687 1754 759 maicontempse-

63 780 99 834 sti
116 780 243 848 nomine,
260 781 441 852 inquantum
462 786 559 838 nostra
583 782 651 837 sinit
666 781 813 853 fragilitas,
827 797 885 837 non
934 785 1002 836 runt
1019 780 1113 851 legem
1139 796 1245 847 meam,
1272 783 1301 834 et
1324 781 1491 852 polluerunt
1505 781 1663 836 sanctuaria
1677 798 1751 846 mea,

63 873 238 944 respuimus.
263 874 352 945 Igitur
380 874 548 946 praedictum
574 877 704 931 sanctum
733 874 884 929 concilium
934 873 1149 928 intersanctum
1162 880 1190 928 et
1202 874 1354 945 profanum
1366 891 1424 929 non
1436 875 1561 930 habuere
1574 875 1750 942 distantiam,

63 966 251 1038 (utlegimus)
275 968 403 1024 delinivit
425 969 582 1036 Nicaenum,
599 969 684 1025 aliam
707 968 793 1024 tidem
814 967 883 1022 nulli
934 966 1009 1025 inter
1026 969 1166 1039 pollutum
1181 971 1210 1022 et
1223 968 1365 1023 mundum
1387 985 1444 1024 non
1469 968 1678 1038 intellexerunt,
1701 969 1751 1024 sed

63 1061 149 1115 licere
179 1061 315 1132 proferre,
342 1067 391 1117 aut
416 1062 604 1129 conscribere,
630 1063 674 1117 vel
700 1079 882 1134 componere,
934 1077 1106 1133 consurgere
1119 1062 1149 1116 in
1165 1063 1231 1129 Deo,
1244 1065 1273 1116 et
1285 1061 1440 1117 consistere
1463 1067 1595 1133 prompte
1609 1063 1645 1129 ei,
1660 1067 1687 1117 et
1706 1063 1751 1117 in·

62 1160 113 1209 aut
134 1171 236 1227 sapere
257 1156 301 1211 rel
323 1156 426 1212 docere
440 1157 532 1224 aliter,
548 1157 770 1227 necquidquam
784 1157 882 1214 infide
930 1155 1052 1210 duentcs
1064 1172 1143 1210 arma
1158 1155 1273 1227 spiritus
1288 1155 1425 1210 adversus
1447 1154 1639 1227 malignantes
1652 1159 1751 1211 eontra

60 1246 181 1314 sentire,
204 1253 252 1303 aut
273 1247 402 1320 prolerre
418 1249 495 1320 quod
511 1249 554 1303 bis
567 1251 682 1304 Petrum
697 1250 805 1320 regulis
820 1268 884 1321 pos
932 1248 1021 1303 tidem
1036 1248 1106 1319 ejus,
1122 1253 1155 1304 ut
1163 1248 1354 1320 approbemus
1365 1249 1481 1321 spiritus
1496 1250 1651 1322 sapienter,
1661 1248 1689 1304 id
1698 1253 1750 1316 cst,

61 1339 99 1394 sit
111 1339 240 1396 obviare.
263 1341 316 1406 Qui
335 1346 432 1397 autem
454 1342 692 1413 praesumpserint
712 1359 882 1413 componere
933 1341 1017 1395 verba
1031 1358 1130 1397 eorum
1151 1342 1174 1396 si
1191 1359 1226 1398 ex
1241 1344 1299 1399 Deo
1314 1347 1390 1398 sont.
1412 1342 1555 1416 Scriptum
1573 1347 1617 1399 est
1630 1343 1708 1397 enim
1723 1343 1752 1397 in

61 1433 150 1488 aliam
168 1434 255 1489 tidem
275 1440 324 1490 aut
345 1436 485 1507 proferre,
499 1436 610 1503 docere,
625 1436 669 1490 vel
681 1436 794 1491 tradere
806 1421 886 1493 aliud'
931 1435 1073 1490 teremia:
1091 1437 1303 1491 «Probatorem
1321 1435 1386 1492 dedi
1408 1440 1436 1493 te
1451 1437 1480 1492 in
1502 1437 1607 1508 populo
1627 1452 1692 1492 meo
1705 1453 1750 1492 ro·

60 1527 230 1598 symbolum
243 1528 279 1583 ad
292 1529 366 1583 viam
381 1529 508 1584 veritatis
517 1529 643 1584 converti
655 1529 882 1586 desiderantibus
930 1527 1059 1595 bustum,
1073 1528 1143 1582 scies
1156 1534 1184 1584 et
1196 1530 1331 1600 probabis
1340 1530 1416 1585 viam
1427 1546 1526 1585 corum
1537 1531 1599 1601 (Jcr.
1616 1547 1655 1597 vr,
1668 1531 1750 1601 27);n

60 1619 96 1675 de
107 1637 280 1693 quacunque
294 1622 408 1689 heresi,
429 1623 471 1677 vel
484 1639 516 1677 er
528 1621 643 1688 ludaris,
658 1623 701 1677 vel
715 1639 749 1678 ex
763 1623 881 1695 paganis
932 1621 1022 1676 multa
1045 1638 1172 1693 namque
1196 1622 1279 1678 nobis
1299 1624 1460 1678 necessaria
1486 1629 1528 1679 est
1546 1624 1706 1695 vigilantia,
1723 1630 1753 1679 et

59 1713 239 1770 Christianos
258 1732 286 1771 se
306 1716 371 1770 sieri
391 1716 572 1770 volentibus:
588 1715 619 1770 hi
639 1715 662 1770 si
679 1716 803 1788 episcopi
817 1716 879 1772 sue·
891 1699 919 1770 Β
931 1719 1009 1768 tanta
1029 1715 1132 1769 divinae
1148 1716 1295 1786 sapientiae
1311 1717 1423 1772 rimatio
1449 1733 1513 1788 quse
1539 1719 1649 1773 occulta
1672 1722 1750 1774 tene-

58 1807 128 1875 riat,
143 1814 194 1864 aut
214 1808 319 1876 clerici,
335 1809 453 1865 alienari
472 1809 589 1881 quidem
610 1809 757 1881 episcopos
769 1810 804 1864 ab
819 1811 880 1881 epi·
930 1807 1048 1863 brorum
1062 1808 1169 1864 revelat
1191 1809 1227 1864 ad
1247 1809 1463 1882 requisitionem
1476 1810 1640 1881 hujusmodi
1654 1811 1706 1878 rei,
1724 1817 1752 1867 et

58 1907 191 1973 scopato,
207 1903 299 1957 cleros
323 1921 341 1958 a
360 1904 445 1958 clero.
467 1903 496 1959 Si
511 1919 578 1958 vero
597 1903 740 1973 monachi,
753 1907 803 1958 aut
818 1904 882 1959 laici
931 1902 1148 1969 scrutationem,
1162 1902 1298 1974 quoniam
1320 1904 1389 1959 latet
1410 1904 1627 1976 quodammodo
1641 1910 1669 1961 et
1686 1906 1749 1960 abs·

60 1995 367 2065 luerint,anathemate
380 1995 469 2052 feriri.
481 1999 655 2053 Protestatur
668 1997 882 2053 etenimbeatus
932 1995 1072 2063 conditur,
1092 1995 1194 2066 vixque
1215 1996 1477 2067 comprehenditur,
1501 1997 1600 2052 dolosa
1624 1998 1750 2053 existens

62 2089 214 2160 Apostolus
229 2089 346 2147 dicens:
365 2091 498 2163 «Siquis
518 2094 617 2158 certat,
634 2107 695 2146 non
716 2095 880 2160 coronatur,
932 2089 1051 2155 malitia,
1061 2106 1155 2159 proeo
1165 2090 1240 2160 quod
1251 2089 1305 2143 sibi
1315 2089 1454 2160 pietatem
1465 2090 1749 2161 callidcblaudiatur,

62 2182 115 2238 nisi
136 2183 270 2254 legitime
292 2184 443 2240 certaverit
466 2185 501 2254 (ss
518 2187 587 2240 Tim.
602 2200 632 2253 u,
647 2188 685 2254 5);
702 2203 717 2236 n
735 2185 881 2240 etiterum
930 2186 964 2237 ut
978 2181 1071 2236 valeat
1084 2183 1274 2237 scrutantium
1288 2189 1416 2238 mentem
1430 2184 1538 2248 latere;
1562 2185 1639 2256 quod
1653 2185 1751 2256 utique

65 2274 270 2331 llominusait:
286 2298 300 2329 a
315 2278 369 2342 Qui
387 2281 483 2333 antem
506 2277 725 2348 perseveraverit
746 2280 880 2350 usquein
931 2275 1023 2331 sciens
1048 2275 1149 2331 beatus
1173 2278 1334 2348 Apostolus,
1360 2276 1400 2331 ait
1423 2294 1430 2332 :
1456 2297 1469 2328 a
1491 2279 1562 2333 Nam
1588 2278 1753 2349 hujusmodi

68 2368 161 2436 finem,
178 2371 225 2425 bic
239 2372 331 2426 salvus
352 2372 407 2426 erit
430 2372 536 2440 (blatta.
559 2388 635 2440 xxiv,
651 2372 704 2442 lap
721 2394 735 2422 n
751 2372 881 2427 videlicet
930 2369 1040 2440 pseudo
1067 2369 1186 2440 apostoli
1214 2374 1242 2425 et
1268 2371 1390 2442 operarii
1415 2371 1523 2426 subdoli
1549 2371 1752 2444 transfigurant

72 2464 265 2518 certaminibus
279 2466 366 2520 sacris
387 2465 540 2537 propositis
554 2466 636 2520 nobis
650 2481 701 2536 pro
716 2464 880 2521 defensione
931 2479 961 2516 se
985 2461 1016 2516 in
1039 2463 1181 2534 apostolos
1195 2463 1298 2519 Christi
1308 2465 1343 2532 (ll
1368 2467 1428 2523 Cor.
1449 2480 1487 2532 m,
1509 2468 1564 2535 13).
1587 2485 1602 2518 o
1623 2465 1678 2522 Sed
1691 2481 1751 2521 non

75 2556 206 2612 catholicae
229 2558 369 2627 Ecclesiae,
393 2575 555 2630 magnaque
576 2559 665 2613 salute
688 2575 723 2614 ex
746 2559 801 2614 boc
817 2575 879 2629 spe·
930 2555 1193 2629 mimm,quoniam
1209 2557 1310 2628 etipse
1327 2557 1446 2613 Satanas
1461 2560 1645 2630 transfigurat
1658 2575 1689 2614 se
1703 2574 1749 2614 ve·

77 2651 123 2703 rata
136 2651 171 2704 ab
184 2651 313 2706 omnium
327 2652 470 2707 bonorum
482 2653 581 2708 datore
595 2653 661 2719 Deo,
675 2668 733 2706 non
746 2652 882 2708 deficiant
930 2649 975 2704 lut
991 2648 1111 2721 angelus
1134 2649 1214 2720 lucis,
1238 2656 1267 2704 et
1288 2651 1352 2706 ideo
1374 2667 1432 2706 non
1458 2651 1575 2718 mirum,
1592 2652 1616 2707 si
1627 2651 1752 2708 ministri

10 2754 15 2791 .·
80 2756 165 2798 nanos
184 2751 289 2800 nostra
309 2745 483 2802 dilectissimi
505 2746 618 2815 fratres,
633 2762 685 2816 per
703 2745 880 2801 occasionem
931 2743 993 2813 ejus
1005 2743 1247 2814 transfigurantur
1255 2743 1333 2798 velut
1342 2744 1463 2799 ministri
1471 2746 1602 2815 justitiae,
1614 2746 1750 2817 quoniam

81 2836 223 2907 cujuslibet,
240 2838 356 2894 desidiae
378 2838 530 2908 dissolute,
547 2839 596 2894 scd
616 2839 703 2894 fortes
722 2839 881 2895 efficiamur
930 2835 996 2890 finis
1021 2836 1178 2891 secundum
1197 2853 1286 2909 opera
1308 2853 1422 2907 eorum,
1446 2839 1496 2893 sed
1517 2844 1547 2894 et
1567 2839 1702 2894 Dominus
1720 2838 1752 2895 in

10 2992 14 2999 Ι
83 2931 247 3002 pergratiam
262 2932 375 2987 Domini
392 2939 476 3004 atque
496 2933 631 2987 virtutem
655 2932 789 3004 potentie
808 2933 878 3003 ejus,
930 2928 984 2984 hoc
996 2929 1190 3001 praemuniens
1205 2947 1266 3000 nos,
1284 2930 1324 2985 ait
1340 2947 1347 2985 :
1366 2953 1378 2980 a
1393 2932 1568 2988 Attenditea
1585 2932 1662 2988 falsis
1684 2946 1749 3004 pro·

83 3024 197 3092 quoniam
217 3025 338 3096 perfecit
361 3026 447 3098 pedes
469 3031 579 3080 nostros
594 3032 731 3098 tanquam
751 3042 877 3094 suorum,
890 3068 917 3142 C
929 3023 1023 3094 phetis
1037 3023 1086 3094 qui
1100 3022 1220 3078 veniunt
1235 3024 1333 3079 advos
1352 3024 1380 3078 in
1394 3025 1570 3081 vestimentis
1583 3025 1688 3096 ovium,
1703 3024 1749 3082 in·

10 3132 13 3147 ·
84 3117 314 3189 etsuperexcelsa
338 3119 450 3174 firmius
470 3119 567 3174 statuit
580 3119 742 3175 intellectus
760 3136 879 3175 summae
930 3116 1068 3171 trinsecus
1092 3120 1159 3172 suut
1187 3117 1247 3189 lupi
1273 3118 1405 3189 rapices;
1438 3137 1455 3174 a
1486 3121 1625 3176 fructibus
1650 3136 1750 3178 eorum

85 3208 321 3276 ejusbumanitatis
338 3218 454 3284 propter
467 3217 594 3268 nostram
607 3213 740 3283 salutem,
756 3213 878 3268 maximo
930 3211 1105 3280 cognoscetis
1128 3227 1177 3266 eos
1199 3212 1307 3279 (Marta.
1332 3229 1380 3282 vu,
1407 3217 1449 3282 ts,
1468 3214 1551 3283 16).»
1570 3216 1644 3286 Ergo
1657 3215 1686 3269 in
1709 3215 1750 3271 id·

10 3350 14 3359 .
85 3305 175 3360 uum
188 3306 330 3361 habentes
341 3306 504 3377 impositam
519 3312 681 3362 sanctorum
694 3308 811 3362 testium
823 3324 877 3362 nu·
930 3303 1024 3375 ipsum
1045 3321 1079 3359 ex
1102 3307 1161 3359 toto
1185 3304 1271 3359 corde
1293 3305 1450 3361 relerentes
1470 3310 1536 3362 ante
1556 3307 1750 3379 omniasuper
1793 3310 1799 3313 '

13 3452 20 3457 .
85 3392 141 3452 bem.
154 3400 331 3472 Deponentes
342 3417 410 3472 ergo
424 3418 508 3456 omne
517 3401 640 3473 pondus,
656 3403 685 3455 et
696 3401 880 3456 circumstan·
928 3396 978 3452 tali
989 3398 1141 3469 questione
1155 3398 1400 3468 deprecationem,
1421 3404 1450 3455 et
1470 3400 1597 3456 dicentes
1612 3417 1677 3460 cum
1697 3402 1749 3457 Da·

13 3546 16 3557 ,
87 3491 360 3549 tenadversariorum
381 3495 538 3549 novitatem
560 3511 612 3565 per
633 3493 799 3565 patientiam
814 3510 877 3548 cur·
929 3492 1021 3546 vid:«
1037 3491 1140 3547 Revela
1160 3492 1257 3547 oculos
1283 3509 1371 3561 meos,
1396 3498 1424 3548 et
1448 3493 1634 3551 considerabo
1660 3493 1746 3551 mira-

87 3595 168 3653 ramus,
183 3587 352 3658 aspicientes
365 3588 395 3642 in
407 3593 555 3644 auctorem
567 3588 644 3656 lidei,
661 3591 689 3642 et
702 3603 880 3643 consumma·
928 3583 995 3642 bilia
1009 3585 1120 3657 detege
1134 3590 1185 3640 tua
1198 3585 1280 3655 (Psoi.
1299 3602 1395 3654 carui,
1414 3588 1467 3657 18),
1483 3610 1497 3637 n
1515 3611 1528 3637 a
1542 3589 1656 3644 lucerna
1670 3590 1749 3645 enim

10 3746 17 3761 ‚
88 3677 156 3733 bom
175 3680 271 3736 lesum
291 3680 340 3753 qui
361 3682 391 3736 in
416 3682 564 3753 proposito
579 3681 662 3736 nobis
677 3684 796 3753 propter
811 3698 878 3736 eum
929 3678 1049 3750 pedibus
1067 3679 1138 3734 meis
1160 3679 1278 3734 verbum
1293 3683 1386 3748 tuum,
1402 3680 1532 3749 Domine,
1551 3683 1691 3739 etlumen
1706 3700 1747 3739 se·

90 3772 190 3842 negotio,
204 3773 338 3845 spiritum
356 3775 438 3829 nobis
457 3792 515 3830 suae
534 3775 659 3830 veritatis
673 3774 817 3830 condonet
835 3774 878 3829 lo·
928 3772 1007 3828 mitis
1028 3757 1100 3828 meis
1122 3772 1206 3843 (Psoi.
1236 3790 1330 3839 carru,
1362 3776 1424 3846 ¹8),
1452 3797 1466 3826 ιι
1493 3777 1628 3847 quoniam
1659 3775 1747 3848 ipsius

10 3882 18 3931 τ
91 3869 200 3931 penem
213 3868 243 3923 in
257 3867 340 3924 nobis
353 3874 436 3941 atque
450 3869 651 3940 prohibentem
661 3868 880 3940 magnalialidei
930 3870 972 3920 cst
995 3867 1076 3936 (sicut
1098 3866 1137 3922 ait
1160 3867 1262 3922 beatus
1284 3867 1384 3923 Daniel
1406 3869 1555 3940 propbeta)
1572 3870 1747 3941 «sapientia,

10 3980 15 4017 ·.
90 3969 125 4024 per
143 3959 297 4017 doctrinam
320 3965 481 4018 sanctorum
503 3964 618 4018 Petrum
643 3979 713 4035 quos
726 3961 880 4017 adversarii
929 3958 1078 4026 fortitudo,
1092 3959 1142 4014 dat
1155 3960 1326 4031 sapientiam
1342 3960 1528 4032 sapientibus,
1553 3967 1581 4017 et
1599 3963 1747 4019 seientiam

15 4072 19 4077 ·
92 4049 877 4129 tdomoianturquotidietnprophetisnamquehabetur:
929 4051 1156 4125 intelligentibus
1177 4053 1369 4126 disciplinam.
1392 4057 1453 4127 lpse
1478 4058 1585 4111 revelat
1604 4056 1747 4128 profonda

94 4142 209 4219 ‘Propter
224 4149 292 4206 Sion
319 4166 375 4204 non
402 4150 512 4217 tacebo,
537 4155 566 4205 et
585 4155 705 4222 propter
727 4149 797 4204 Sion
821 4165 879 4206 non
930 4152 959 4202 et
972 4146 1149 4216 abscondita,
1175 4149 1204 4201 et
1224 4149 1303 4203 novit
1325 4149 1356 4204 in
1380 4149 1505 4205 tenebris
1532 4151 1694 4217 constituta,
1719 4157 1747 4206 et

25 4292 28 4297 .
94 4233 218 4311 maram,
228 4242 319 4299 donec
329 4242 503 4314 egrediatur,
515 4249 547 4298 ut
556 4242 692 4315 splendor
702 4243 797 4314 Justus
807 4243 877 4314 ejus,
928 4241 974 4295 lux
988 4257 1054 4296 cum
1071 4258 1105 4296 eo
1119 4245 1160 4297 est
1175 4240 1255 4312 (Dan.
1269 4258 1300 4311 u,
1317 4242 1422 4304 20-22).
1438 4266 1452 4292 o
1473 4243 1544 4308 Quia
1566 4242 1745 4316 sapientiam,

94 4335 114 4385 u
129 4339 235 4396 salvator
257 4342 329 4414 cJus,
354 4345 387 4396 ut
409 4343 517 4414 lampas
539 4340 712 4397 accendatur
730 4341 791 4409 (lsa.
813 4356 878 4407 exer,
929 4333 1031 4405 inquit,
1046 4334 1286 4390 etfortitudinem
1312 4335 1416 4391 dedisti
1441 4335 1523 4405 mihi,
1544 4339 1574 4392 et
1598 4336 1748 4394 ostendisti

21 4450 25 4463 ·
97 4425 120 4491 ll·
141 4453 151 4480 »ι
172 4435 301 4491 Proiecto
329 4435 466 4492 catholica
488 4434 611 4491 Ecclesia
637 4451 704 4511 qua·
719 4452 786 4490 vera
811 4426 1003 4514 con-Dmihi
1023 4444 1087 4500 (1¹¹ae
1111 4428 1211 4500 rogavi
1233 4432 1271 4496 le,
1295 4445 1360 4484 eum
1383 4445 1469 4500 Opera
1492 4429 1587 4485 divina
1614 4430 1747 4487 uniuscu-

96 4516 146 4579 sbtjt
154 4528 229 4598 Sion,
243 4536 272 4584 et
288 4530 384 4585 civitas
405 4530 511 4586 Christi
530 4529 667 4584 coelorum
680 4529 755 4601 regis
772 4544 823 4600 per
838 4533 880 4584 tot
925 4522 1029 4593 J'usque
1052 4535 1183 4592 persone
1207 4521 1346 4593 descripta
1370 4538 1470 4578 eorum
1486 4521 1536 4594 qui
1551 4539 1603 4594 pro
1615 4524 1748 4580 novitatis

32 4640 37 4647 ·
96 4625 204 4679 tenorum
228 4622 321 4696 spatia
344 4627 508 4695 expugnata
526 4623 561 4678 ab
583 4623 779 4678 aversantibus
794 4623 880 4677 acerba
929 4618 1091 4679 commento
1107 4613 1228 4670 accusati
1250 4618 1318 4669 sunt
1339 4615 1374 4670 de
1398 4614 1553 4671 venerabili
1565 4620 1662 4673 nostro
1677 4619 1746 4674 seri·

29 4766 45 4777 ¹,
96 4701 149 4782 fidei,
157 4718 202 4788 qui
215 4734 308 4790 neque
316 4719 405 4775 Deum
416 4718 436 4773 ti
442 4720 521 4773 ment
533 4734 627 4790 neque
639 4717 789 4772 bominem
805 4732 881 4772 reve-
929 4710 977 4764 nio
991 4708 1260 4777 obsecundantibus,
1276 4713 1305 4763 et
1316 4707 1397 4763 nobis
1419 4707 1616 4766 ordinabiliter
1629 4710 1749 4769 olleren·

29 4802 32 4819 ²
96 4808 175 4880 untur,
188 4811 240 4867 sed
252 4812 396 4867 incassum
413 4811 634 4883 perducentibus
647 4811 708 4882 pias
723 4815 752 4865 et
764 4811 878 4866 canoni.
930 4803 1005 4858 tibus
1020 4802 1150 4857 solertius
1166 4802 1355 4870 intendamus,
1372 4799 1412 4857 ita
1423 4808 1455 4858 ut
1469 4801 1518 4875 qui
1538 4803 1601 4859 brec
1612 4820 1749 4876 prorsum·

28 4910 33 4915 '
96 4901 326 4962 ustehocverbo
341 4905 493 4976 doctrinas,
508 4905 577 4961 dum
592 4904 717 4961 adversis
739 4905 879 4976 tantisque
930 4897 1040 4969 pserissl
1061 4893 1251 4968 praetssl'iffll'b
1275 4895 1402 4967 primum
1433 4896 1550 4968 quidem
1581 4898 1749 4971 subjaceant

96 4990 181 5068 triph),
207 5005 237 5056 ει
264 5000 326 5056 sine
356 5000 461 5072 scripto
490 4998 744 5055 contestationibus
771 4997 880 5053 invitati
927 4990 1035 5062 judicio
1060 4989 1182 5045 terribili
1210 4989 1415 5061 omnipotentis
1440 4991 1498 5060 Dei,
1528 4991 1629 5048 deinde
1652 4997 1749 5049 autem

95 5077 343 5166 lugengcfflrjgem
364 5094 522 5166 propriam,
545 5098 573 5148 ep
593 5093 713 5166 sepelire
736 5091 879 5162 meream,
930 5083 1297 5156 qualemcunqueregalem
1307 5081 1537 5154 indignationem
1550 5091 1746 5153 revereantur,

94 5174 150 5240 siuti
171 5192 199 5243 et
221 5205 273 5261 per
294 5189 468 5245 anteriorem
491 5187 688 5259 cognitionem
710 5184 881 5240 luculentius
931 5193 1090 5249 perquam
1117 5176 1234 5248 quidem
1257 5176 1280 5230 si
1305 5176 1432 5248 episcopi
1455 5182 1505 5231 aut
1526 5178 1622 5233 clerici
1638 5181 1748 5247 sunt,a

92 5267 291 5338 demonstratum
311 5287 363 5349 est,
377 5286 436 5338 tam
452 5298 504 5353 per
517 5280 627 5336 libellos
646 5296 732 5352 quam
748 5295 798 5350 per
813 5295 880 5350 sug·
931 5271 975 5325 sui
993 5270 1153 5338 sacerdotii,
1175 5270 1232 5325 sive
1255 5287 1271 5325 a
1291 5270 1334 5326 soi
1349 5271 1416 5326 cleri
1427 5270 1526 5325 ordine
1550 5270 1645 5325 modis
1657 5269 1748 5325 omni·

33 5420 36 5425 .
89 5372 528 5437 gestionesreverendissimorum
546 5373 736 5441 sacerdotum,
754 5376 879 5429 etreue·
930 5363 1746 5434 busc‘xssedfflll·8iaulem¹110ss³0111³1¹¹¹22Segfessefltlffs

86 5465 494 5542 rottumabhatum,apostolo
503 5471 680 5541 protestante
691 5467 783 5534 nobis,
792 5468 882 5522 utho·
931 5458 1054 5514 elalissssi
1076 5459 1133 5513 §inl
1154 5457 1189 5513 de
1213 5457 1272 5513 ⁸⁰18
1291 5459 1371 5513 lOCiS·
1397 5457 1428 5512 Sl
1451 5461 1548 5511 aulem
1566 5455 1746 5527 dignitatem,

84 5561 175 5621 minem
189 5565 357 5620 haepeqcum
378 5567 440 5637 post
462 5564 584 5635 primam
603 5566 632 5618 eq
650 5562 803 5617 secundam
817 5577 881 5616 cor.
931 5556 977 5617 aut
1001 5552 1159 5624 cingulum,
1186 5558 1235 5607 aut
1259 5551 1390 5606 militiam
1407 5549 1541 5614 habeant,
1556 5549 1700 5605 nudentur
1712 5551 1748 5606 de

79 5658 223 5730 reptionem
236 5658 342 5715 entare
362 5658 528 5725 debeamus,
547 5657 667 5712 scientes
692 5656 760 5727 quia
781 5655 882 5728 hujus.
931 5646 980 5715 eis.
1005 5648 1052 5703 Sin
1079 5649 1176 5702 autem
1192 5649 1259 5701 sunt
1271 5643 1384 5717 privati,
1400 5642 1424 5696 si
1438 5641 1554 5713 quidem
1566 5642 1676 5698 nobiles
1690 5644 1749 5700 exi·

10 5740 14 5759 ''
75 5749 144 5807 modi
167 5748 319 5806 subversus
342 5753 394 5821 est,
417 5752 446 5806 et
468 5747 609 5822 delinquit
635 5745 750 5821 proprio
771 5744 882 5822 judicio
932 5746 1010 5807 stunt
1019 5757 1136 5797 suarum
1149 5738 1371 5796 substantiarum
1380 5734 1618 5811 proscriptionem
1631 5737 1746 5816 patian-
1806 5769 1809 5772 >
