3870 6150
607 189 846 264 amassenus
864 188 1057 262 coemere.
1617 191 1672 251 aaa

103 308 119 371 t
131 303 379 377 compresbyteros
392 319 484 371 meos,
495 302 676 361 Crescentem
689 304 718 359 et
729 300 798 355 Leo
808 311 839 401 Α
849 300 918 357 cubil
928 300 986 357 tale
999 300 1094 372 potnit
1106 300 1183 373 eligi,
1195 316 1261 373 qum
1267 297 1338 356 ratio
1348 314 1408 369 non
1415 296 1568 372 compellit,
1579 297 1669 367 etiem

112 396 581 471 etAlexandrumquireligiosum
595 394 722 457 officium
732 393 799 455 fidei
847 399 886 457 de
898 399 1057 471 longinquo
1069 399 1186 458 veniant
1197 399 1359 466 ordinandi,
1374 400 1406 454 ut
1421 396 1501 471 digni
1517 396 1628 470 possint
1639 400 1668 455 et

103 493 194 567 piritu
203 493 361 564 adimplere
371 493 512 548 fervente.
848 493 939 565 plebis
952 497 982 549 et
995 496 1093 551 nmtro
1105 492 1214 563 judicio
1227 492 1416 565 comprobari.

103 588 200 660 pistoln
211 588 303 644 sirati
312 602 394 657 papae
408 586 445 640 od
458 587 595 639 tanicosos
612 583 782 641 orthodonos.
883 587 913 643 ll.
929 587 1072 653 Quantum
1084 585 1215 649 illicitum
1229 586 1264 641 sit
1275 585 1487 641 illudaestimari
1496 589 1667 658 nonpotest,

103 680 239 752 indignus
250 680 345 735 nullus
357 678 496 735 efficiatur
511 678 669 751 episcopus.
849 679 1141 747 ultransenntes,sive
1154 679 1360 747 simulent,sive
1373 680 1431 735 sint
1439 678 1577 738 monachi
1590 679 1667 752 quod

103 773 211 847 ignotis
224 774 414 845 sacerdotium
434 790 492 828 non
508 773 600 829 detur.
849 790 878 829 se
895 773 1049 846 appellant,
1073 789 1199 845 quorum
1222 789 1276 829 neo
1303 772 1390 833 ritem
1413 789 1565 845 possumus
1585 773 1667 844 scire,

103 868 238 942 neophyti
251 868 293 922 rel
305 867 370 922 laici
383 865 543 921 sacerdotes
557 882 614 920 non
628 866 707 921 fiant.
848 884 901 924 ncc
914 867 1098 940 baptismum,
1113 865 1330 940 quornmiidem
1343 866 1517 938 incognitam
1527 853 1679 931 habemns

103 964 122 1020 Ι.
151 962 270 1019 Srmcrus
292 977 376 1033 papa,
404 959 572 1021 odhudoxis
597 975 649 1032 per
674 958 799 1013 diversas
848 979 902 1018 nec
916 961 1066 1034 probatam
1078 960 1170 1019 nolint
1183 960 1343 1032 sumptibus
1356 960 1502 1031 adjuvare,
1513 960 1564 1021 sed
1573 961 1668 1019 statim

103 1072 147 1112 as.
849 1058 899 1112 aut
913 1055 1047 1111 diaconos
1068 1055 1162 1110 iacere
1176 1059 1225 1109 aut
1242 1054 1421 1126 presbyteros
1440 1053 1571 1111 ordinare
1588 1054 1668 1112 lesti-

103 1147 207 1204 rntibus
228 1147 310 1202 uobis
323 1149 430 1201 metum
456 1146 544 1201 divini
563 1143 675 1219 judicii,
698 1144 800 1205 fratres
848 1154 928 1219 nont,
942 1152 993 1211 aut
1004 1149 1082 1222 quod
1092 1151 1135 1204 cst
1148 1147 1260 1221 gratim
1270 1149 1418 1220 episcopos
1427 1148 1599 1207 constituere
1609 1165 1669 1211 non

103 1240 178 1299 niet
192 1244 257 1312 post
272 1241 347 1298 hauc
360 1240 447 1297 vitam
463 1255 702 1312 unumquemque
714 1242 801 1310 prout
849 1242 1293 1314 formidant.Cbnriusapudillos
1303 1240 1364 1299 dari
1373 1245 1520 1314 sumptum
1531 1243 1671 1301 esttrens-

103 1337 325 1408 ,recepturum
340 1333 408 1405 quid
424 1333 454 1388 in
473 1333 620 1405 querelam
636 1332 741 1401 reniet,
755 1334 798 1387 ta·
849 1338 938 1407 eunti,
962 1353 1048 1410 quem
1069 1336 1258 1395 sacerdotium
1285 1335 1432 1391 nescienti.
1460 1335 1532 1395 lude
1557 1335 1587 1393 in
1620 1352 1668 1391 sn·

103 1428 226 1495 clicuit,
241 1427 291 1483 sed
311 1443 362 1482 nos
375 1427 455 1501 loqui
476 1425 627 1481 necessitas
638 1424 798 1498 imperarit,
850 1431 980 1504 perbiam
992 1430 1163 1501 exaltantur,
1179 1430 1247 1486 inde
1264 1429 1381 1501 insuper
1393 1428 1429 1484 ad
1444 1428 1594 1501 perfidiam
1612 1428 1670 1486 cito

108 1522 267 1595 prophete:
293 1542 307 1569 «
327 1521 424 1577 Eralta
446 1526 478 1576 ut
505 1519 576 1575 tuba
596 1536 698 1577 vocem
719 1522 798 1576 tuam
851 1527 997 1594 corruunt,
1018 1524 1087 1597 quia
1102 1524 1188 1581 fidem
1212 1539 1309 1580 voram
1332 1523 1364 1580 in
1388 1522 1584 1579 ecclesiasticis
1608 1526 1669 1579 toto

105 1631 136 1683 ιι,
158 1616 226 1686 1).»
250 1616 284 1669 Et
304 1614 350 1670 cui
374 1613 505 1671 omnium
525 1612 715 1671 ecclesiarum
733 1629 802 1668 cura
850 1619 919 1677 orbe
930 1617 1076 1691 peregrini
1090 1617 1236 1683 discedere
1248 1633 1309 1674 uon
1321 1619 1496 1673 asseruntur.

103 1707 388 1778 ssimulem,audiam
399 1707 516 1763 Domino
528 1707 657 1763 dicente:
673 1683 840 1777 ‹thebei-B
887 1714 929 1771 111,
944 1714 1025 1773 certa
1039 1711 1108 1775 illud
1126 1712 1214 1767 etiam
1229 1727 1288 1766 non
1308 1709 1362 1766 furit
1376 1709 1668 1781 pretermittendum,

103 1801 204 1858 datum
228 1801 276 1856 Ilei
299 1806 332 1857 ut
355 1799 522 1857 traditiones
544 1803 650 1855 vestras
672 1800 801 1855 statuatis
849 1810 882 1864 ut
895 1805 970 1878 qaod
984 1805 1070 1865 camel
1091 1805 1276 1863 autsccundc
1292 1803 1446 1859 necessitas
1467 1804 1669 1860 hereticorum

103 1912 147 1964 rs,
162 1899 199 1966 6).
217 1916 231 1946 o
251 1895 323 1960 Quid
338 1895 416 1955 enirn
426 1895 501 1949 aliud
523 1897 565 1949 est
587 1894 705 1965 rejicere
718 1909 798 1948 man-
849 1900 956 1969 intulit,
969 1903 1069 1956 corrtra
1079 1897 1232 1970 apostoliea
1244 1897 1546 1970 praeceptevelutlege
1557 1896 1669 1953 licitum

103 1989 138 2047 lei
151 2006 240 2064 quam
254 1988 480 2061 privatojudicio
497 1991 526 2043 et
540 1988 668 2043 humano
680 1986 799 2043 consilio
849 1993 994 2065 praesumi,
1016 1993 1195 2064 neophytum
1209 1992 1254 2046 uel
1277 1991 1381 2046 laicum
1403 1990 1453 2062 qui
1477 1989 1555 2046 nullo
1579 1989 1667 2046 eccle·

103 2084 154 2141 bus
163 2082 369 2139 constituendis
393 2082 511 2138 liberius
523 2081 682 2138 delecisti?
702 2082 798 2148 Pesla·
849 2087 961 2143 siastico
974 2085 1186 2145 functnstuerit
1198 2084 1301 2155 officio,
1320 2083 1531 2145 inconsiderate
1546 2084 1589 2141 vel
1602 2101 1668 2156 pre-

103 2194 146 2250 [nc
159 2181 204 2233 est
218 2175 462 2232 adconscientiam
474 2175 636 2247 apostolicae
649 2174 723 2229 sedis
735 2190 799 2229 con·
849 2181 994 2253 shytcrum
1018 2181 1063 2237 vel
1086 2179 1241 2235 diaconum
1259 2178 1402 2246 ordinere,
1427 2177 1507 2249 qnasi
1534 2178 1669 2239 nuntiares

103 2271 249 2328 siesbcum
258 2287 398 2327 canonem
409 2268 554 2341 presumi,
565 2273 594 2325 el
608 2284 672 2341 (111ae
685 2268 724 2323 ita
733 2270 800 2323 sunt
848 2274 985 2346 apostolis
1000 2273 1066 2343 sint,
1079 2288 1202 2345 quorum
1218 2271 1343 2329 audeant
1354 2274 1467 2333 mutare
1480 2275 1669 2345 prseooptnm,

103 2365 162 2422 ibus
174 2365 315 2434 ordinata,
328 2368 361 2420 nt
381 2381 418 2419 ne
434 2364 476 2418 vel
485 2362 539 2418 levi
552 2378 668 2417 susurro
679 2361 799 2418 debeant
848 2368 939 2440 etqui
952 2384 1010 2429 uon
1031 2366 1139 2434 didicit,
1150 2367 1211 2436 jam
1226 2365 1329 2421 docere
1343 2364 1533 2436 compellitur,
1549 2365 1588 2421 ita
1603 2366 1683 2423 nul:

103 2459 229 2532 proprias
248 2459 390 2532 quosdam
410 2457 620 2513 observationes
641 2472 730 2511 110vas
750 2454 796 2511 in·
847 2463 890 2519 lus
901 2460 1043 2535 reperitur
1054 2460 1173 2516 idoneus
1186 2459 1427 2526 clericorum,nec
1437 2459 1512 2513 inter
1520 2459 1667 2528 diaconos,

111 2558 142 2610 et
155 2553 348 2626 pretermisso
362 2552 550 2607 fundamento
573 2566 661 2623 supra
680 2565 799 2606 arenam
849 2573 901 2611 nec
915 2556 990 2610 inter
1003 2554 1075 2610 alios
1089 2553 1208 2609 clericos
1222 2552 1367 2609 invenitur
1379 2551 1429 2624 qui
1445 2552 1604 2608 sacerdotio
1621 2552 1666 2609 di·

103 2651 237 2717 nstruerc,
257 2646 368 2702 dicente
391 2646 533 2702 Domino:
552 2667 566 2696 o
585 2645 648 2701 Non
667 2642 798 2700 &cumbis
848 2646 1602 2721 gnushabeatur,sededcommendationemecclesiae
1618 2646 1668 2702 lai-

103 2757 116 2797 s
135 2757 208 2814 quos
234 2740 442 2795 constituerunt
459 2743 556 2812 patres
577 2738 619 2792 tui
636 2739 726 2809 (Noom-
749 2754 796 2808 xx,
847 2759 896 2798 cus
908 2740 1161 2815 postulatur,qnod
1176 2740 1354 2796 nehatultra
1366 2740 1520 2808 admoneo,
1530 2740 1665 2812 praedico,

103 2834 160 2891 uod
174 2837 325 2893 etsanctus
339 2849 453 2906 quoque
468 2833 610 2905 apostolus
625 2831 695 2887 Novi
706 2834 735 2890 ct
748 2833 798 2885 Vc·
848 2839 880 2893 ut
894 2852 980 2892 unam
997 2834 1084 2895 fldem
1100 2834 1249 2902 hebentes,
1266 2850 1354 2889 unum
1369 2832 1453 2889 etiam
1472 2833 1503 2889 in
1516 2832 1667 2901 traditione

103 2928 229 2985 dementi
250 2928 418 2999 predicator
434 2930 544 2994 monet,
560 2925 589 2980 in
607 2942 664 2999 quo
686 2925 798 2981 locutus
847 2929 953 2985 sentire
973 2928 1141 2997 debeamus,
1166 2928 1319 3000 probantes
1341 2944 1393 2983 nos
1412 2927 1561 2985 unanimes
1580 2931 1667 3001 atque

103 3021 190 3078 istus:
205 3042 220 3074 u
241 3022 330 3088 State,
350 3021 451 3092 inquit,
476 3025 505 3076 et
518 3024 615 3076 tenete
629 3019 797 3075 traditiones
807 3056 836 3135 G
847 3024 1001 3079 concordes
1013 3021 1122 3095 pacifici
1136 3022 1167 3078 in
1189 3021 1311 3092 Christo,
1328 3025 1357 3076 et
1372 3021 1400 3077 in
1422 3020 1666 3080 observationibus

105 3133 175 3188 ques
197 3115 345 3182 didicistis,
367 3115 424 3170 sivo
450 3132 502 3186 per
526 3115 657 3183 verbum,
673 3113 731 3169 sive
746 3130 798 3184 per
846 3116 1010 3188 apostolicis
1033 3116 1139 3172 hebere
1158 3115 1337 3171 charitatem.
1360 3115 1451 3170 Medio
1466 3115 1562 3187 itaque
1584 3117 1665 3171 Patre

103 3210 322 3279 multicana.
340 3209 393 3277 14).
410 3231 423 3256 u
447 3209 509 3272 Qua
523 3207 558 3262 de
574 3225 605 3263 re
619 3207 695 3279 videt
707 3212 798 3263 vestra
846 3216 874 3267 ct
885 3209 1035 3282 unigenito
1054 3209 1124 3264 Filio
1137 3208 1208 3279 ejus,
1233 3212 1261 3264 et
1276 3209 1381 3281 Spiritu
1404 3212 1512 3276 sancto,
1536 3209 1665 3264 etunius

103 3319 125 3358 c
139 3304 169 3358 iu
183 3303 270 3357 sacris
291 3301 444 3373 mysteriis,
459 3301 551 3355 autin
568 3300 797 3357 ordinationibus
846 3303 1000 3361 cinnitatis
1012 3303 1043 3358 in
1062 3302 1198 3359 trinitate
1217 3301 1365 3368 convenio,
1382 3307 1413 3358 ut
1428 3302 1457 3357 in
1470 3302 1514 3356 his
1528 3302 1598 3358 fides
1617 3319 1663 3357 ca-

103 3400 236 3469 ruentum
250 3396 428 3451 sacerdotum
442 3411 622 3466 magnacum
634 3399 663 3450 et
675 3393 797 3465 diligens
846 3397 986 3454 thelicaet
996 3395 1143 3469 disciplina
1154 3399 1438 3468 nostrapermaneet.
1447 3394 1664 3468 Necqnisqnam

103 3490 137 3546 do
146 3490 252 3546 debeat
265 3490 423 3546 observare.
434 3488 561 3561 [leuique
571 3488 609 3543 ad
618 3488 797 3545 Timotheum
845 3494 927 3565 putet
938 3489 1131 3546 ordinationes
1145 3494 1273 3544 terrenas
1287 3488 1359 3558 lieri,
1373 3504 1437 3543 cnm
1448 3488 1561 3547 celeste
1571 3489 1607 3543 sit
1619 3506 1662 3544 sa·

103 3601 123 3638 't
146 3603 161 3636 u
182 3585 277 3639 Manus
296 3584 351 3638 cito
377 3582 487 3637 nemini
510 3581 680 3654 imposueris
703 3598 797 3654 neque
845 3581 1422 3655 cerdatinm,ntfidelibusgloriemaneet
1437 3582 1664 3655 dignitatisejus·

103 3677 233 3732 niceteria
255 3677 377 3750 peccatis
405 3676 504 3732 alienis
518 3677 543 3749 (l
564 3679 632 3732 Tim.
648 3692 688 3743 ιιι,
708 3674 764 3746 22),
782 3696 795 3724 u
846 3679 922 3749 dem,
945 3680 974 3734 et
991 3680 1059 3733 ante
1077 3676 1203 3732 tribunal
1227 3676 1331 3733 Christi
1355 3676 1458 3732 exhinc
1481 3692 1540 3741 con
1560 3676 1665 3734 habeat

103 3774 219 3845 opteren
241 3775 427 3841 memoratur,
452 3776 482 3826 ut
506 3770 633 3826 examina
655 3769 753 3825 habito
768 3772 797 3823 et
846 3772 922 3846 quod
935 3773 1059 3831 accuset.

103 3882 119 3922 e
136 3882 262 3936 morum,
286 3869 315 3920 et
337 3864 522 3921 ecclesiastico
545 3864 641 3920 labore
664 3863 700 3919 sit
722 3879 797 3919 com·
889 3889 990 3959 Imp„
1001 3887 1145 3943 ,gum-pm
1162 3885 1286 3941 jugem,
1299 3901 1380 3956 „lm
1394 3889 1514 3942 ,mom
1526 3885 1619 3942 siricii

103 3958 797 4033 iorqnivocaturinmedium‚utsummumsacer·
1207 3972 1298 4028 papa.

103 4054 188 4126 possit
208 4054 346 4126 accipere,
374 4053 509 4126 probatus
529 4052 648 4123 judicio,
672 4068 730 4108 non
751 4051 795 4107 fa·
881 4060 945 4114 Post
958 4056 1138 4114 consulatum
1151 4054 1346 4128 gloriosissimi
1360 4055 1473 4111 Honorii
1487 4056 1529 4122 lll,
1548 4056 1661 4113 etCon-

103 4151 231 4219 receptus
263 4148 392 4217 ueritate,
421 4164 478 4202 non
510 4146 612 4218 gratia,
644 4144 796 4218 apostolico
847 4150 942 4209 stantii
954 4152 987 4221 11,
998 4153 1077 4206 serto
1091 4148 1235 4207 Kalendas
1246 4149 1370 4216 Martias,
1384 4152 1559 4221 congregato
1573 4151 1665 4205 conci·

103 4240 221 4310 functae,
244 4258 301 4296 non
322 4240 463 4313 proeeipiti
480 4241 634 4295 voluntate·
665 4240 704 4294 Ilo
726 4256 794 4312 quo,
844 4247 886 4303 lio
900 4247 930 4302 in
941 4245 1058 4302 ecclesia
1074 4243 1274 4316 Apostolorum
1291 4242 1381 4314 plebis
1395 4242 1550 4313 Thelensis,
1564 4243 1664 4299 beatus

103 4335 227 4403 nimihi,
243 4333 795 4405 advestramsinceritatemhujusmodi
845 4342 927 4396 Pater
949 4338 1052 4410 prima
1076 4337 1152 4393 sedis
1184 4337 1334 4411 episcopus
1354 4336 1527 4393 donatianus
1546 4337 1665 4394 civitatis

103 4429 380 4484 mourreruntmullo
390 4429 514 4484 fratrum
524 4432 553 4483 el
561 4426 1049 4505 consacerdotumDTheleptensls,
1072 4447 1139 4487 curn
1156 4431 1319 4497 resedisset,
1340 4429 1551 4487 considentibus
1568 4446 1663 4485 secum

103 4539 126 4592 n,
142 4529 174 4578 ut
187 4523 342 4578 hacrestra
356 4522 560 4593 subscriptione
580 4522 693 4577 tirmeta
706 4522 792 4577 eccle·
844 4525 986 4593 Janncrio,
1005 4524 1097 4581 Felice
1123 4523 1256 4590 secundo,
1280 4523 1395 4598 Cyrinn,
1417 4523 1537 4590 Victore,
1559 4523 1664 4578 Secun-

103 4617 209 4673 :monis
218 4616 374 4688 dispositio,
386 4633 449 4689 quae
457 4616 533 4688 apud
544 4616 665 4671 Nicaeam
676 4618 795 4671 tractata
844 4621 939 4688 diano,
955 4619 1032 4686 Geta,
1045 4615 1197 4686 Eunomia,
1217 4616 1396 4686 Maximiano,
1414 4616 1531 4682 Donato,
1546 4618 1662 4674 Cresco-

103 4709 211 4766 firmata
220 4727 270 4766 suo
281 4710 382 4766 merito
392 4710 793 4781 fuudatissimapermaneret
844 4715 902 4781 uio,
915 4711 1055 4779 tocnndo,
1075 4711 1188 4782 Sopato,
1210 4710 1339 4777 Rectum,
1356 4708 1478 4776 tuliano,
1501 4710 1662 4782 llarimino,

107 4804 240 4861 videlicet
249 4805 284 4859 ad
296 4804 519 4881 ecclesiasticum
532 4804 663 4860 ordinem
677 4803 795 4877 permit·
844 4810 987 4875 Romano,
1028 4804 1164 4879 Terciolo,
1196 4803 1297 4870 ldicilo,
1328 4802 1460 4872 Maximo,
1497 4804 1663 4875 Donatiano,

103 4897 261 4964 'accedere
274 4896 793 4970 qnalcsapostolicaauctoritasjnbet,
845 4899 1117 4971 Basili0,·Papiano,
1140 4897 1287 4966 ianuario,
1315 4897 1484 4969 Porphyris,
1507 4899 1578 4956 item
1596 4902 1663 4956 Por-

103 4992 149 5053 des
161 4992 236 5060 dico,
253 4993 296 5046 vol
317 5007 366 5046 eos
381 4991 431 5062 qui
451 4991 565 5063 cingulo
585 4990 694 5045 militiae
706 5005 793 5045 saecu-
844 4990 958 5063 phyma,
971 4989 1091 5057 Donata,
1104 4986 1227 5057 tuliano,
1242 4987 1323 5055 Tuto,
1339 4986 1488 5056 Fortunio,
1500 4989 1663 5058 Quintiano,

103 5084 181 5155 ricti,
204 5085 272 5140 olim
296 5084 408 5156 gloriati
432 5089 507 5139 sunt.
533 5084 585 5149 Qui
608 5088 795 5155 posteaquam
845 5084 963 5156 Capion,
977 5086 1005 5140 et
1021 5080 1130 5137 coeteris
1145 5079 1295 5153 episcopis,
1311 5096 1423 5136 necnon
1439 5081 1525 5138 ctiam
1542 5082 1663 5138 Vincen-

103 5178 229 5234 saeculari
248 5179 468 5247 exsultaverunt,
489 5181 538 5232 ant
560 5177 684 5249 negotiis
698 5176 793 5249 reipu·
846 5178 894 5247 tio,
911 5175 1126 5244 Fortunatiano,
1135 5173 1234 5246 legatis
1245 5173 1399 5247 provincias
1410 5177 1619 5247 proconsularis
1629 5175 1665 5231 ad

103 5273 376 5341 mseruntmilitare,
385 5277 435 5327 aut
444 5271 545 5327 mundi
554 5288 652 5327 curam
662 5273 793 5339 tractare,
846 5272 1035 5328 bizancenum
1050 5268 1203 5326 concilium
1214 5267 1339 5336 dhectis,
1354 5268 1515 5343 etreliqua.

114 5366 373 5438 sibiquorumdam
388 5382 477 5421 manu
490 5371 518 5421 et
536 5365 735 5438 proximorum
752 5364 792 5419 la·
881 5363 1044 5422 Vincentius
1066 5367 1094 5418 et
1117 5363 1288 5422 Fortunatus
1311 5350 1461 5419 dixerunt:
1486 5360 1577 5417 Etiam
1599 5378 1664 5418 curn

103 5461 160 5529 toti,
176 5459 208 5516 hi
221 5461 385 5533 frequenter
396 5461 566 5532 ingeruntur
583 5460 700 5515 auribus
723 5456 794 5513 meis
846 5475 972 5514 essemus
981 5457 1152 5526 thusdrum,
1170 5455 1243 5511 sicut
1253 5472 1366 5511 mecum
1380 5453 1478 5517 recolit
1490 5455 1666 5513 memorialis

103 5554 149 5629 opi
173 5570 234 5611 esse
258 5554 377 5626 possint,
401 5554 451 5627 qui
476 5571 529 5625 per
557 5553 742 5609 traditionem
766 5555 795 5608 et
845 5552 952 5618 auditio
976 5554 1079 5619 resne,
1095 5554 1124 5606 et
1142 5548 1269 5627 epistolae
1287 5551 1389 5617 sanctae
1409 5546 1553 5607 memoriae
1575 5547 1666 5605 Siricii

103 5651 173 5707 icam
191 5648 369 5720 disciplinam
385 5665 444 5703 esse
460 5665 516 5703 non
536 5651 663 5720 possunt.
677 5647 794 5713 Quantis
845 5645 922 5707 sadis
940 5644 1102 5718 apostolica
1118 5643 1243 5728 episcopi
1258 5641 1436 5709 dederamus,
1455 5638 1613 5709 recitantes,
1630 5660 1666 5700 ex

103 5742 189 5805 naues
204 5742 353 5806 recitatum
375 5747 419 5808 cst
428 5742 541 5819 juribus
556 5745 584 5797 et
600 5740 723 5802 viribnsl
739 5740 794 5801 Sed
845 5739 1036 5822 quibuscum
1064 5739 1173 5813 legeret
1205 5751 1294 5795 unum
1326 5731 1545 5795 sanctimonium
1573 5736 1669 5818 srcctci³
