<?xml version="1.0" encoding="UTF-8"?>
<!DOCTYPE html PUBLIC "-//W3C//DTD XHTML 1.0 Transitional//EN"
    "http://www.w3.org/TR/xhtml1/DTD/xhtml1-transitional.dtd">
<html xmlns="http://www.w3.org/1999/xhtml" xml:lang="en" lang="en">
 <head>
  <title>
</title>
<meta http-equiv="Content-Type" content="text/html;charset=utf-8" />
  <meta name='ocr-system' content='tesseract 3.04.00' />
  <meta name='ocr-capabilities' content='ocr_page ocr_carea ocr_par ocr_line ocrx_word'/>
</head>
<body>
  <div class='ocr_page' id='page_1' title='image "./patrologiaecurs03unkngoog_0354.png"; bbox 0 0 3870 6150; ppageno 0'>
   <div class='ocr_carea' id='block_1_1' title="bbox 601 211 1672 273">
    <p class='ocr_par' dir='ltr' id='par_1_1' title="bbox 601 211 1672 273">
     <span class='ocr_line' id='line_1_1' title="bbox 601 211 1672 273; baseline 0.006 -7"><span class='ocrx_word' id='word_1_1' title='bbox 601 211 838 271; x_wconf 75' lang='lat' dir='ltr'>pneumaticis</span> <span class='ocrx_word' id='word_1_2' title='bbox 857 213 1049 271; x_wconf 70' lang='lat' dir='ltr'>subtectio.</span> <span class='ocrx_word' id='word_1_3' title='bbox 1619 217 1672 273; x_wconf 79' lang='lat' dir='ltr'>ost</span> 
     </span>
    </p>
   </div>
   <div class='ocr_carea' id='block_1_2' title="bbox 106 321 1672 416">
    <p class='ocr_par' dir='ltr' id='par_1_2' title="bbox 106 321 1672 416">
     <span class='ocr_line' id='line_1_2' title="bbox 106 321 1672 416; baseline 0.004 -39"><span class='ocrx_word' id='word_1_4' title='bbox 106 360 137 401; x_wconf 73' lang='lat' dir='ltr'><strong>m</strong></span> <span class='ocrx_word' id='word_1_5' title='bbox 151 342 345 409; x_wconf 45' lang='lat' dir='ltr'><strong>tacuissemus,</strong></span> <span class='ocrx_word' id='word_1_6' title='bbox 359 359 418 398; x_wconf 71' lang='lat' dir='ltr'>non</span> <span class='ocrx_word' id='word_1_7' title='bbox 433 359 547 413; x_wconf 58' lang='lat' dir='ltr'>sempe,</span> <span class='ocrx_word' id='word_1_8' title='bbox 559 342 717 399; x_wconf 53' lang='lat' dir='ltr'>tacebimus</span> <span class='ocrx_word' id='word_1_9' title='bbox 729 359 796 416; x_wconf 64' lang='lat' dir='ltr'>ape,</span> <span class='ocrx_word' id='word_1_10' title='bbox 809 322 914 410; x_wconf 64' lang='lat' dir='ltr'>Aliost</span> <span class='ocrx_word' id='word_1_11' title='bbox 926 322 1051 377; x_wconf 87' lang='lat' dir='ltr'>dicentes</span> <span class='ocrx_word' id='word_1_12' title='bbox 1073 339 1160 394; x_wconf 87' lang='lat' dir='ltr'>quam</span> <span class='ocrx_word' id='word_1_13' title='bbox 1175 323 1252 394; x_wconf 92' lang='lat' dir='ltr'>quod</span> <span class='ocrx_word' id='word_1_14' title='bbox 1270 321 1431 379; x_wconf 85' lang='lat' dir='ltr'>audivimus</span> <span class='ocrx_word' id='word_1_15' title='bbox 1444 327 1474 380; x_wconf 91' lang='lat' dir='ltr'>et</span> <span class='ocrx_word' id='word_1_16' title='bbox 1487 324 1672 396; x_wconf 83' lang='lat' dir='ltr'>cognovimus</span> 
     </span>
    </p>
   </div>
   <div class='ocr_carea' id='block_1_3' title="bbox 103 415 1671 602">
    <p class='ocr_par' dir='ltr' id='par_1_3' title="bbox 103 415 1671 602">
     <span class='ocr_line' id='line_1_3' title="bbox 103 415 1671 508; baseline 0.004 -39"><span class='ocrx_word' id='word_1_17' title='bbox 103 437 171 494; x_wconf 60' lang='lat' dir='ltr'>,ogis</span> <span class='ocrx_word' id='word_1_18' title='bbox 185 437 307 492; x_wconf 70' lang='lat' dir='ltr'>Domino</span> <span class='ocrx_word' id='word_1_19' title='bbox 325 437 415 493; x_wconf 61' lang='lat' dir='ltr'><strong>claves</strong></span> <span class='ocrx_word' id='word_1_20' title='bbox 427 436 516 492; x_wconf 60' lang='lat' dir='ltr'>,ephi¹</span> <span class='ocrx_word' id='word_1_21' title='bbox 532 436 622 508; x_wconf 61' lang='lat' dir='ltr'>quu,</span> <span class='ocrx_word' id='word_1_22' title='bbox 638 436 752 492; x_wconf 50' lang='lat' dir='ltr'><strong>directis</strong></span> <span class='ocrx_word' id='word_1_23' title='bbox 771 437 802 493; x_wconf 68' lang='lat' dir='ltr'>in</span> <span class='ocrx_word' id='word_1_24' title='bbox 850 415 984 470; x_wconf 80' lang='lat' dir='ltr'>osaiietis</span> <span class='ocrx_word' id='word_1_25' title='bbox 998 415 1204 471; x_wconf 85' lang='lat' dir='ltr'>universalibus</span> <span class='ocrx_word' id='word_1_26' title='bbox 1227 418 1341 489; x_wconf 87' lang='lat' dir='ltr'>maguis</span> <span class='ocrx_word' id='word_1_27' title='bbox 1354 418 1490 489; x_wconf 88' lang='lat' dir='ltr'>apostolis</span> <span class='ocrx_word' id='word_1_28' title='bbox 1511 433 1671 492; x_wconf 83' lang='lat' dir='ltr'>eonrmque</span> 
     </span>
     <span class='ocr_line' id='line_1_4' title="bbox 103 508 1669 602; baseline 0.003 -39"><span class='ocrx_word' id='word_1_29' title='bbox 103 529 301 588; x_wconf 63' lang='lat' dir='ltr'>gbeaffludini</span> <span class='ocrx_word' id='word_1_30' title='bbox 316 530 501 585; x_wconf 53' lang='lat' dir='ltr'><strong>fraternitatis</strong></span> <span class='ocrx_word' id='word_1_31' title='bbox 526 537 625 585; x_wconf 59' lang='lat' dir='ltr'><strong>vestm</strong></span> <span class='ocrx_word' id='word_1_32' title='bbox 647 529 800 602; x_wconf 57' lang='lat' dir='ltr'>apocrisia,</span> <span class='ocrx_word' id='word_1_33' title='bbox 851 508 1064 578; x_wconf 80' lang='lat' dir='ltr'>successoribus,</span> <span class='ocrx_word' id='word_1_34' title='bbox 1090 512 1119 564; x_wconf 91' lang='lat' dir='ltr'>et</span> <span class='ocrx_word' id='word_1_35' title='bbox 1140 513 1237 581; x_wconf 91' lang='lat' dir='ltr'>patres</span> <span class='ocrx_word' id='word_1_36' title='bbox 1254 511 1343 566; x_wconf 87' lang='lat' dir='ltr'>nostri</span> <span class='ocrx_word' id='word_1_37' title='bbox 1356 517 1563 568; x_wconf 73' lang='lat' dir='ltr'>enarraverunt</span> <span class='ocrx_word' id='word_1_38' title='bbox 1576 513 1669 582; x_wconf 88' lang='lat' dir='ltr'>nobis,</span> 
     </span>
    </p>
   </div>
   <div class='ocr_carea' id='block_1_4' title="bbox 103 602 1671 1259">
    <p class='ocr_par' dir='ltr' id='par_1_4' title="bbox 103 602 1671 1259">
     <span class='ocr_line' id='line_1_5' title="bbox 111 602 1670 698; baseline 0.001 -38"><span class='ocrx_word' id='word_1_39' title='bbox 111 628 175 698; x_wconf 57' lang='lat' dir='ltr'>post</span> <span class='ocrx_word' id='word_1_40' title='bbox 196 625 300 679; x_wconf 61' lang='lat' dir='ltr'><strong>multas</strong></span> <span class='ocrx_word' id='word_1_41' title='bbox 311 624 398 679; x_wconf 56' lang='lat' dir='ltr'>facta,</span> <span class='ocrx_word' id='word_1_42' title='bbox 416 625 490 679; x_wconf 50' lang='lat' dir='ltr'>inps</span> <span class='ocrx_word' id='word_1_43' title='bbox 503 640 554 678; x_wconf 68' lang='lat'>„05</span> <span class='ocrx_word' id='word_1_44' title='bbox 567 624 602 678; x_wconf 62' lang='lat' dir='ltr'>dg</span> <span class='ocrx_word' id='word_1_45' title='bbox 618 623 802 679; x_wconf 52' lang='lat' dir='ltr'><strong>ecelesiastica</strong></span> <span class='ocrx_word' id='word_1_46' title='bbox 851 606 879 657; x_wconf 92' lang='lat' dir='ltr'>et</span> <span class='ocrx_word' id='word_1_47' title='bbox 891 602 1056 659; x_wconf 82' lang='lat' dir='ltr'><strong>audientem</strong></span> <span class='ocrx_word' id='word_1_48' title='bbox 1071 603 1286 674; x_wconf 75' lang='lat' dir='ltr'>praedicavimus</span> <span class='ocrx_word' id='word_1_49' title='bbox 1299 604 1334 659; x_wconf 86' lang='lat' dir='ltr'>ed</span> <span class='ocrx_word' id='word_1_50' title='bbox 1351 621 1504 677; x_wconf 84' lang='lat' dir='ltr'>supernam</span> <span class='ocrx_word' id='word_1_51' title='bbox 1517 607 1670 662; x_wconf 88' lang='lat' dir='ltr'>tendentes</span> 
     </span>
     <span class='ocr_line' id='line_1_6' title="bbox 103 695 1671 787; baseline 0.001 -34"><span class='ocrx_word' id='word_1_52' title='bbox 103 717 169 775; x_wconf 62' lang='lat'>1000</span> <span class='ocrx_word' id='word_1_53' title='bbox 180 718 358 774; x_wconf 54' lang='lat' dir='ltr'><strong>dissonantes</strong></span> <span class='ocrx_word' id='word_1_54' title='bbox 366 717 628 787; x_wconf 56' lang='lat' dir='ltr'><strong>sermocinationes,</strong></span> <span class='ocrx_word' id='word_1_55' title='bbox 649 718 679 772; x_wconf 67' lang='lat' dir='ltr'>in</span> <span class='ocrx_word' id='word_1_56' title='bbox 696 718 753 771; x_wconf 65' lang='lat' dir='ltr'>pm,</span> <span class='ocrx_word' id='word_1_57' title='bbox 766 717 801 772; x_wconf 61' lang='lat' dir='ltr'>ad</span> <span class='ocrx_word' id='word_1_58' title='bbox 851 695 1021 752; x_wconf 86' lang='lat' dir='ltr'>vocationes.</span> <span class='ocrx_word' id='word_1_59' title='bbox 1045 697 1179 751; x_wconf 85' lang='lat' dir='ltr'>Nostrum</span> <span class='ocrx_word' id='word_1_60' title='bbox 1202 701 1244 752; x_wconf 90' lang='lat' dir='ltr'>est</span> <span class='ocrx_word' id='word_1_61' title='bbox 1265 697 1390 752; x_wconf 91' lang='lat' dir='ltr'>studium</span> <span class='ocrx_word' id='word_1_62' title='bbox 1407 698 1445 753; x_wconf 93' lang='lat' dir='ltr'>ibi</span> <span class='ocrx_word' id='word_1_63' title='bbox 1472 699 1549 770; x_wconf 80' lang='lat' dir='ltr'>pacis</span> <span class='ocrx_word' id='word_1_64' title='bbox 1569 700 1671 756; x_wconf 88' lang='lat' dir='ltr'>cousti-</span> 
     </span>
     <span class='ocr_line' id='line_1_7' title="bbox 103 789 1669 883; baseline 0.001 -36"><span class='ocrx_word' id='word_1_65' title='bbox 103 816 266 879; x_wconf 53' lang='lat' dir='ltr'>mngfflnt,</span> <span class='ocrx_word' id='word_1_66' title='bbox 282 811 470 867; x_wconf 58' lang='lat' dir='ltr'>admonentes</span> <span class='ocrx_word' id='word_1_67' title='bbox 486 829 538 867; x_wconf 65' lang='lat'>„03</span> <span class='ocrx_word' id='word_1_68' title='bbox 554 814 640 883; x_wconf 56' lang='lat' dir='ltr'>atque</span> <span class='ocrx_word' id='word_1_69' title='bbox 654 811 802 866; x_wconf 58' lang='lat' dir='ltr'>hommes</span> <span class='ocrx_word' id='word_1_70' title='bbox 851 789 923 844; x_wconf 90' lang='lat' dir='ltr'>tutio</span> <span class='ocrx_word' id='word_1_71' title='bbox 944 792 1052 859; x_wconf 87' lang='lat' dir='ltr'>manet,</span> <span class='ocrx_word' id='word_1_72' title='bbox 1079 789 1124 844; x_wconf 89' lang='lat' dir='ltr'>his</span> <span class='ocrx_word' id='word_1_73' title='bbox 1141 789 1190 860; x_wconf 94' lang='lat' dir='ltr'>qni</span> <span class='ocrx_word' id='word_1_74' title='bbox 1209 789 1238 844; x_wconf 93' lang='lat' dir='ltr'>in</span> <span class='ocrx_word' id='word_1_75' title='bbox 1258 790 1349 845; x_wconf 88' lang='lat' dir='ltr'>stadio</span> <span class='ocrx_word' id='word_1_76' title='bbox 1374 791 1487 862; x_wconf 86' lang='lat' dir='ltr'>pietatis</span> <span class='ocrx_word' id='word_1_77' title='bbox 1511 796 1578 848; x_wconf 89' lang='lat' dir='ltr'>sunt</span> <span class='ocrx_word' id='word_1_78' title='bbox 1593 792 1669 849; x_wconf 89' lang='lat' dir='ltr'>bene</span> 
     </span>
     <span class='ocr_line' id='line_1_8' title="bbox 103 881 1668 963; baseline 0.001 -22"><span class='ocrx_word' id='word_1_79' title='bbox 103 907 166 963; x_wconf 61' lang='lat' dir='ltr'>,gan-</span> <span class='ocrx_word' id='word_1_80' title='bbox 179 906 264 961; x_wconf 66' lang='lat' dir='ltr'>,mins</span> <span class='ocrx_word' id='word_1_81' title='bbox 283 905 341 961; x_wconf 57' lang='lat' dir='ltr'>,gri</span> <span class='ocrx_word' id='word_1_82' title='bbox 354 905 406 960; x_wconf 56' lang='lat' dir='ltr'>pei</span> <span class='ocrx_word' id='word_1_83' title='bbox 420 906 510 960; x_wconf 53' lang='lat' dir='ltr'><strong>nostri</strong></span> <span class='ocrx_word' id='word_1_84' title='bbox 522 905 675 960; x_wconf 48' lang='lat' dir='ltr'>Volumni,</span> <span class='ocrx_word' id='word_1_85' title='bbox 688 904 799 960; x_wconf 55' lang='lat' dir='ltr'>inpelle,</span> <span class='ocrx_word' id='word_1_86' title='bbox 851 881 935 937; x_wconf 89' lang='lat' dir='ltr'>unica</span> <span class='ocrx_word' id='word_1_87' title='bbox 948 881 1047 954; x_wconf 87' lang='lat' dir='ltr'>gloria,</span> <span class='ocrx_word' id='word_1_88' title='bbox 1062 882 1242 938; x_wconf 86' lang='lat' dir='ltr'>intercessori</span> <span class='ocrx_word' id='word_1_89' title='bbox 1268 883 1402 938; x_wconf 79' lang='lat' dir='ltr'>tribuitur</span> <span class='ocrx_word' id='word_1_90' title='bbox 1425 888 1455 939; x_wconf 93' lang='lat' dir='ltr'>et</span> <span class='ocrx_word' id='word_1_91' title='bbox 1477 901 1590 953; x_wconf 89' lang='lat' dir='ltr'>corona,</span> <span class='ocrx_word' id='word_1_92' title='bbox 1610 886 1668 943; x_wconf 83' lang='lat' dir='ltr'>[teo</span> 
     </span>
     <span class='ocr_line' id='line_1_9' title="bbox 103 975 1668 1073; baseline -0.012 -18"><span class='ocrx_word' id='word_1_93' title='bbox 103 1002 167 1073; x_wconf 89' lang='lat' dir='ltr'>tque</span> <span class='ocrx_word' id='word_1_94' title='bbox 187 999 351 1070; x_wconf 85' lang='lat' dir='ltr'>hujusmodi</span> <span class='ocrx_word' id='word_1_95' title='bbox 372 999 638 1070; x_wconf 69' lang='lat' dir='ltr'>interpretationem</span> <span class='ocrx_word' id='word_1_96' title='bbox 657 998 802 1054; x_wconf 61' lang='lat' dir='ltr'>destinam</span> <span class='ocrx_word' id='word_1_97' title='bbox 852 975 1026 1031; x_wconf 78' lang='lat' dir='ltr'>manifestati</span> <span class='ocrx_word' id='word_1_98' title='bbox 1044 991 1141 1031; x_wconf 90' lang='lat' dir='ltr'>sumus</span> <span class='ocrx_word' id='word_1_99' title='bbox 1154 975 1203 1048; x_wconf 91' lang='lat' dir='ltr'>qui</span> <span class='ocrx_word' id='word_1_100' title='bbox 1216 976 1326 1048; x_wconf 84' lang='lat' dir='ltr'>judicat</span> <span class='ocrx_word' id='word_1_101' title='bbox 1337 977 1435 1032; x_wconf 88' lang='lat' dir='ltr'>omnia</span> <span class='ocrx_word' id='word_1_102' title='bbox 1450 982 1479 1033; x_wconf 90' lang='lat' dir='ltr'>et</span> <span class='ocrx_word' id='word_1_103' title='bbox 1491 979 1668 1051; x_wconf 87' lang='lat' dir='ltr'>comprobat.</span> 
     </span>
     <span class='ocr_line' id='line_1_10' title="bbox 103 1069 1668 1165; baseline 0 -37"><span class='ocrx_word' id='word_1_104' title='bbox 103 1093 293 1150; x_wconf 58' lang='lat' dir='ltr'><strong>„cratissimae</strong></span> <span class='ocrx_word' id='word_1_105' title='bbox 305 1093 493 1148; x_wconf 27' lang='lat' dir='ltr'>,gneraqonjl</span> <span class='ocrx_word' id='word_1_106' title='bbox 517 1094 573 1148; x_wconf 64' lang='lat' dir='ltr'>Nos</span> <span class='ocrx_word' id='word_1_107' title='bbox 587 1097 733 1165; x_wconf 56' lang='lat' dir='ltr'>acceptam</span> <span class='ocrx_word' id='word_1_108' title='bbox 746 1092 800 1149; x_wconf 61' lang='lat' dir='ltr'>ha,</span> <span class='ocrx_word' id='word_1_109' title='bbox 851 1070 912 1124; x_wconf 90' lang='lat' dir='ltr'>Non</span> <span class='ocrx_word' id='word_1_110' title='bbox 922 1069 1084 1142; x_wconf 76' lang='lat' dir='ltr'>jurgialiter</span> <span class='ocrx_word' id='word_1_111' title='bbox 1096 1074 1211 1137; x_wconf 70' lang='lat' dir='ltr'>sumus,</span> <span class='ocrx_word' id='word_1_112' title='bbox 1236 1087 1293 1126; x_wconf 92' lang='lat' dir='ltr'>uon</span> <span class='ocrx_word' id='word_1_113' title='bbox 1316 1071 1351 1126; x_wconf 89' lang='lat' dir='ltr'>ad</span> <span class='ocrx_word' id='word_1_114' title='bbox 1370 1071 1608 1127; x_wconf 79' lang='lat' dir='ltr'>contradictiones</span> <span class='ocrx_word' id='word_1_115' title='bbox 1621 1089 1668 1128; x_wconf 87' lang='lat' dir='ltr'>ce-</span> 
     </span>
     <span class='ocr_line' id='line_1_11' title="bbox 103 1162 1670 1259; baseline -0.001 -37"><span class='ocrx_word' id='word_1_116' title='bbox 103 1204 175 1245; x_wconf 58' lang='lat' dir='ltr'><strong><em>m</em></strong></span> <span class='ocrx_word' id='word_1_117' title='bbox 186 1186 366 1242; x_wconf 57' lang='lat' dir='ltr'>conscientia,</span> <span class='ocrx_word' id='word_1_118' title='bbox 376 1187 580 1259; x_wconf 58' lang='lat' dir='ltr'>prffidjcpomm</span> <span class='ocrx_word' id='word_1_119' title='bbox 592 1186 800 1242; x_wconf 56' lang='lat' dir='ltr'>venerabilium</span> <span class='ocrx_word' id='word_1_120' title='bbox 851 1162 995 1235; x_wconf 85' lang='lat' dir='ltr'>spicimns,</span> <span class='ocrx_word' id='word_1_121' title='bbox 1013 1179 1066 1218; x_wconf 91' lang='lat' dir='ltr'>nec</span> <span class='ocrx_word' id='word_1_122' title='bbox 1085 1163 1211 1220; x_wconf 84' lang='lat' dir='ltr'>levorem</span> <span class='ocrx_word' id='word_1_123' title='bbox 1222 1164 1337 1219; x_wconf 88' lang='lat' dir='ltr'>inanem</span> <span class='ocrx_word' id='word_1_124' title='bbox 1349 1164 1560 1237; x_wconf 84' lang='lat' dir='ltr'>amplectimur,</span> <span class='ocrx_word' id='word_1_125' title='bbox 1575 1166 1623 1221; x_wconf 89' lang='lat' dir='ltr'>sed</span> <span class='ocrx_word' id='word_1_126' title='bbox 1639 1166 1670 1221; x_wconf 91' lang='lat' dir='ltr'>in</span> 
     </span>
    </p>
   </div>
   <div class='ocr_carea' id='block_1_5' title="bbox 103 1256 1670 1352">
    <p class='ocr_par' dir='ltr' id='par_1_5' title="bbox 103 1256 1670 1352">
     <span class='ocr_line' id='line_1_12' title="bbox 103 1256 1670 1352; baseline 0.001 -41"><span class='ocrx_word' id='word_1_127' title='bbox 103 1299 110 1339; x_wconf 56' lang='grc' dir='ltr'>ι</span> <span class='ocrx_word' id='word_1_128' title='bbox 123 1281 362 1350; x_wconf 49' lang='lat' dir='ltr'><strong>monitionem,</strong></span> <span class='ocrx_word' id='word_1_129' title='bbox 374 1285 578 1352; x_wconf 49' lang='lat' dir='ltr'>cognoscentes</span> <span class='ocrx_word' id='word_1_130' title='bbox 588 1285 684 1336; x_wconf 53' lang='lat' dir='ltr'><strong>autem</strong></span> <span class='ocrx_word' id='word_1_131' title='bbox 698 1283 726 1337; x_wconf 61' lang='lat' dir='ltr'>ep</span> <span class='ocrx_word' id='word_1_132' title='bbox 738 1295 802 1352; x_wconf 54' lang='lat' dir='ltr'>qum</span> <span class='ocrx_word' id='word_1_133' title='bbox 852 1257 937 1312; x_wconf 90' lang='lat' dir='ltr'>verbo</span> <span class='ocrx_word' id='word_1_134' title='bbox 950 1256 1001 1312; x_wconf 83' lang='lat' dir='ltr'>Dei</span> <span class='ocrx_word' id='word_1_135' title='bbox 1015 1257 1153 1330; x_wconf 88' lang='lat' dir='ltr'>propositi</span> <span class='ocrx_word' id='word_1_136' title='bbox 1169 1256 1334 1328; x_wconf 85' lang='lat' dir='ltr'>hujusmodi</span> <span class='ocrx_word' id='word_1_137' title='bbox 1352 1257 1548 1331; x_wconf 83' lang='lat' dir='ltr'>requisitionis</span> <span class='ocrx_word' id='word_1_138' title='bbox 1560 1259 1670 1315; x_wconf 87' lang='lat' dir='ltr'>resolu-</span> 
     </span>
    </p>
   </div>
   <div class='ocr_carea' id='block_1_6' title="bbox 103 1349 1672 1541">
    <p class='ocr_par' dir='ltr' id='par_1_6' title="bbox 103 1349 1672 1541">
     <span class='ocr_line' id='line_1_13' title="bbox 103 1349 1672 1447; baseline 0 -39"><span class='ocrx_word' id='word_1_139' title='bbox 103 1379 160 1432; x_wconf 55' lang='grc' dir='ltr'>,ωε</span> <span class='ocrx_word' id='word_1_140' title='bbox 184 1374 380 1447; x_wconf 61' lang='lat' dir='ltr'>apostolorum</span> <span class='ocrx_word' id='word_1_141' title='bbox 405 1375 556 1430; x_wconf 56' lang='lat' dir='ltr'><strong>summitas</strong></span> <span class='ocrx_word' id='word_1_142' title='bbox 585 1373 668 1429; x_wconf 56' lang='lat' dir='ltr'>docet</span> <span class='ocrx_word' id='word_1_143' title='bbox 690 1377 803 1447; x_wconf 59' lang='lat' dir='ltr'>pampo,</span> <span class='ocrx_word' id='word_1_144' title='bbox 851 1351 944 1407; x_wconf 90' lang='lat' dir='ltr'>tiones</span> <span class='ocrx_word' id='word_1_145' title='bbox 954 1349 1266 1423; x_wconf 86' lang='lat' dir='ltr'>lecissedignoscimur,</span> <span class='ocrx_word' id='word_1_146' title='bbox 1279 1351 1448 1408; x_wconf 76' lang='lat' dir='ltr'>confitentes</span> <span class='ocrx_word' id='word_1_147' title='bbox 1459 1353 1597 1424; x_wconf 87' lang='lat' dir='ltr'>quoniam</span> <span class='ocrx_word' id='word_1_148' title='bbox 1608 1353 1672 1424; x_wconf 90' lang='lat' dir='ltr'>paci</span> 
     </span>
     <span class='ocr_line' id='line_1_14' title="bbox 111 1443 1672 1541; baseline 0.001 -40"><span class='ocrx_word' id='word_1_149' title='bbox 111 1469 334 1525; x_wconf 75' lang='lat' dir='ltr'>constuctionem</span> <span class='ocrx_word' id='word_1_150' title='bbox 345 1468 425 1523; x_wconf 65' lang='lat' dir='ltr'>omni</span> <span class='ocrx_word' id='word_1_151' title='bbox 437 1468 565 1540; x_wconf 61' lang='lat' dir='ltr'>poscenfi</span> <span class='ocrx_word' id='word_1_152' title='bbox 576 1469 694 1525; x_wconf 59' lang='lat' dir='ltr'>verbum</span> <span class='ocrx_word' id='word_1_153' title='bbox 707 1468 743 1523; x_wconf 58' lang='lat' dir='ltr'>dg</span> <span class='ocrx_word' id='word_1_154' title='bbox 753 1483 803 1541; x_wconf 54' lang='lat' dir='ltr'>spo</span> <span class='ocrx_word' id='word_1_155' title='bbox 853 1443 987 1499; x_wconf 86' lang='lat' dir='ltr'>llominus</span> <span class='ocrx_word' id='word_1_156' title='bbox 1000 1444 1084 1518; x_wconf 82' lang='lat' dir='ltr'>Deus,</span> <span class='ocrx_word' id='word_1_157' title='bbox 1098 1445 1133 1500; x_wconf 89' lang='lat' dir='ltr'>ad</span> <span class='ocrx_word' id='word_1_158' title='bbox 1145 1444 1270 1501; x_wconf 88' lang='lat' dir='ltr'>alterum</span> <span class='ocrx_word' id='word_1_159' title='bbox 1285 1448 1450 1501; x_wconf 87' lang='lat' dir='ltr'>nostrorum</span> <span class='ocrx_word' id='word_1_160' title='bbox 1478 1445 1620 1502; x_wconf 88' lang='lat' dir='ltr'>unitatem</span> <span class='ocrx_word' id='word_1_161' title='bbox 1644 1451 1672 1502; x_wconf 87' lang='lat' dir='ltr'>et</span> 
     </span>
    </p>
   </div>
   <div class='ocr_carea' id='block_1_7' title="bbox 103 1536 1673 1729">
    <p class='ocr_par' dir='ltr' id='par_1_7' title="bbox 103 1536 1673 1729">
     <span class='ocr_line' id='line_1_15' title="bbox 109 1536 1673 1632; baseline 0.003 -40"><span class='ocrx_word' id='word_1_162' title='bbox 109 1563 192 1619; x_wconf 60' lang='lat' dir='ltr'>nobi,</span> <span class='ocrx_word' id='word_1_163' title='bbox 206 1566 249 1618; x_wconf 59' lang='lat' dir='ltr'>esp</span> <span class='ocrx_word' id='word_1_164' title='bbox 262 1561 419 1617; x_wconf 62' lang='lat' dir='ltr'>secundum</span> <span class='ocrx_word' id='word_1_165' title='bbox 440 1561 491 1617; x_wconf 65' lang='lat' dir='ltr'>Dei</span> <span class='ocrx_word' id='word_1_166' title='bbox 505 1562 648 1632; x_wconf 46' lang='lat' dir='ltr'><strong>timorem,</strong></span> <span class='ocrx_word' id='word_1_167' title='bbox 671 1577 803 1617; x_wconf 58' lang='lat' dir='ltr'>mansue,</span> <span class='ocrx_word' id='word_1_168' title='bbox 853 1536 1021 1593; x_wconf 80' lang='lat' dir='ltr'>dilectiones</span> <span class='ocrx_word' id='word_1_169' title='bbox 1035 1539 1213 1595; x_wconf 87' lang='lat' dir='ltr'>conservavit</span> <span class='ocrx_word' id='word_1_170' title='bbox 1234 1538 1264 1594; x_wconf 94' lang='lat' dir='ltr'>in</span> <span class='ocrx_word' id='word_1_171' title='bbox 1278 1539 1370 1611; x_wconf 91' lang='lat' dir='ltr'>gloria</span> <span class='ocrx_word' id='word_1_172' title='bbox 1387 1539 1449 1611; x_wconf 87' lang='lat' dir='ltr'>ejus</span> <span class='ocrx_word' id='word_1_173' title='bbox 1462 1539 1673 1612; x_wconf 79' lang='lat' dir='ltr'>benignissime</span> 
     </span>
     <span class='ocr_line' id='line_1_16' title="bbox 103 1631 1673 1729; baseline 0.001 -43"><span class='ocrx_word' id='word_1_174' title='bbox 103 1673 173 1729; x_wconf 57' lang='lat' dir='ltr'>aqu,</span> <span class='ocrx_word' id='word_1_175' title='bbox 186 1655 707 1728; x_wconf 49' lang='lat' dir='ltr'>adbonamscientiamqemperangffl’</span> <span class='ocrx_word' id='word_1_176' title='bbox 718 1672 804 1728; x_wconf 59' lang='lat' dir='ltr'>supe,</span> <span class='ocrx_word' id='word_1_177' title='bbox 853 1631 1017 1702; x_wconf 86' lang='lat' dir='ltr'>majestatis.</span> <span class='ocrx_word' id='word_1_178' title='bbox 1033 1631 1156 1687; x_wconf 86' lang='lat' dir='ltr'>Omnem</span> <span class='ocrx_word' id='word_1_179' title='bbox 1172 1647 1237 1687; x_wconf 88' lang='lat' dir='ltr'>eum</span> <span class='ocrx_word' id='word_1_180' title='bbox 1252 1637 1346 1687; x_wconf 87' lang='lat' dir='ltr'>vestra</span> <span class='ocrx_word' id='word_1_181' title='bbox 1359 1632 1536 1689; x_wconf 86' lang='lat' dir='ltr'>beatitudine</span> <span class='ocrx_word' id='word_1_182' title='bbox 1551 1632 1581 1688; x_wconf 93' lang='lat' dir='ltr'>in</span> <span class='ocrx_word' id='word_1_183' title='bbox 1593 1634 1673 1691; x_wconf 85' lang='lat' dir='ltr'>Chri·</span> 
     </span>
    </p>
   </div>
   <div class='ocr_carea' id='block_1_8' title="bbox 103 1709 1671 1915">
    <p class='ocr_par' dir='ltr' id='par_1_8' title="bbox 103 1709 1671 1915">
     <span class='ocr_line' id='line_1_17' title="bbox 103 1709 1670 1821; baseline -0.005 -14"><span class='ocrx_word' id='word_1_184' title='bbox 103 1749 249 1807; x_wconf 89' lang='lat' dir='ltr'>tummodo</span> <span class='ocrx_word' id='word_1_185' title='bbox 263 1749 448 1821; x_wconf 87' lang='lat' dir='ltr'>requisitione</span> <span class='ocrx_word' id='word_1_186' title='bbox 469 1753 596 1805; x_wconf 89' lang='lat' dir='ltr'>mentem</span> <span class='ocrx_word' id='word_1_187' title='bbox 616 1751 741 1804; x_wconf 84' lang='lat' dir='ltr'>nostram</span> <span class='ocrx_word' id='word_1_188' title='bbox 753 1709 897 1821; x_wconf 55' lang='lat' dir='ltr'>perB⁸t⁰</span> <span class='ocrx_word' id='word_1_189' title='bbox 916 1723 1086 1780; x_wconf 52' lang='lat' dir='ltr'>exisoentem</span> <span class='ocrx_word' id='word_1_190' title='bbox 1110 1724 1318 1781; x_wconf 52' lang='lat' dir='ltr'>fraternitatem</span> <span class='ocrx_word' id='word_1_191' title='bbox 1345 1729 1405 1780; x_wconf 62' lang='lat'>¹⁸¹⁰</span> <span class='ocrx_word' id='word_1_192' title='bbox 1432 1742 1484 1781; x_wconf 82' lang='lat'><strong>¹¹⁰¹</strong></span> <span class='ocrx_word' id='word_1_193' title='bbox 1512 1742 1598 1799; x_wconf 63' lang='lat' dir='ltr'>‘luam</span> <span class='ocrx_word' id='word_1_194' title='bbox 1623 1728 1670 1799; x_wconf 90' lang='lat' dir='ltr'>qui</span> 
     </span>
     <span class='ocr_line' id='line_1_18' title="bbox 103 1817 1671 1915; baseline 0 -39"><span class='ocrx_word' id='word_1_195' title='bbox 103 1843 170 1899; x_wconf 59' lang='lat' dir='ltr'>„bas</span> <span class='ocrx_word' id='word_1_196' title='bbox 184 1843 365 1915; x_wconf 53' lang='lat' dir='ltr'>exponimus,</span> <span class='ocrx_word' id='word_1_197' title='bbox 386 1843 544 1914; x_wconf 60' lang='lat' dir='ltr'>superfluas</span> <span class='ocrx_word' id='word_1_198' title='bbox 554 1841 806 1899; x_wconf 48' lang='lat' dir='ltr'><strong>exercitationem</strong></span> <span class='ocrx_word' id='word_1_199' title='bbox 855 1817 1004 1873; x_wconf 89' lang='lat' dir='ltr'>nobiseum</span> <span class='ocrx_word' id='word_1_200' title='bbox 1022 1822 1089 1874; x_wconf 90' lang='lat' dir='ltr'>sunt</span> <span class='ocrx_word' id='word_1_201' title='bbox 1105 1819 1228 1873; x_wconf 91' lang='lat' dir='ltr'>multum</span> <span class='ocrx_word' id='word_1_202' title='bbox 1242 1819 1434 1875; x_wconf 85' lang='lat' dir='ltr'>salutavimus.</span> <span class='ocrx_word' id='word_1_203' title='bbox 1451 1820 1521 1875; x_wconf 86' lang='lat' dir='ltr'>Data</span> <span class='ocrx_word' id='word_1_204' title='bbox 1541 1836 1589 1877; x_wconf 81' lang='lat'>1111</span> <span class='ocrx_word' id='word_1_205' title='bbox 1611 1821 1671 1876; x_wconf 86' lang='lat' dir='ltr'>ltal.</span> 
     </span>
    </p>
   </div>
   <div class='ocr_carea' id='block_1_9' title="bbox 103 1910 1670 2009">
    <p class='ocr_par' dir='ltr' id='par_1_9' title="bbox 103 1910 1670 2009">
     <span class='ocr_line' id='line_1_19' title="bbox 103 1910 1670 2009; baseline 0.003 -43"><span class='ocrx_word' id='word_1_206' title='bbox 103 1937 186 1993; x_wconf 62' lang='lat' dir='ltr'><strong>iones</strong></span> <span class='ocrx_word' id='word_1_207' title='bbox 205 1937 360 1992; x_wconf 61' lang='lat' dir='ltr'>,erhomm</span> <span class='ocrx_word' id='word_1_208' title='bbox 386 1942 504 2009; x_wconf 55' lang='lat' dir='ltr'>propte,</span> <span class='ocrx_word' id='word_1_209' title='bbox 522 1936 682 1992; x_wconf 50' lang='lat' dir='ltr'><strong>satietatem</strong></span> <span class='ocrx_word' id='word_1_210' title='bbox 694 1939 723 1992; x_wconf 59' lang='lat' dir='ltr'>ep</span> <span class='ocrx_word' id='word_1_211' title='bbox 734 1952 805 2009; x_wconf 57' lang='lat' dir='ltr'>pm„</span> <span class='ocrx_word' id='word_1_212' title='bbox 856 1910 1033 1980; x_wconf 84' lang='lat' dir='ltr'>Novembris,</span> <span class='ocrx_word' id='word_1_213' title='bbox 1045 1911 1211 1969; x_wconf 85' lang='lat' dir='ltr'>Philemone</span> <span class='ocrx_word' id='word_1_214' title='bbox 1220 1915 1249 1968; x_wconf 89' lang='lat' dir='ltr'>et</span> <span class='ocrx_word' id='word_1_215' title='bbox 1258 1912 1349 1970; x_wconf 74' lang='lat' dir='ltr'>Attico</span> <span class='ocrx_word' id='word_1_216' title='bbox 1358 1913 1424 1968; x_wconf 89' lang='lat' dir='ltr'>viris</span> <span class='ocrx_word' id='word_1_217' title='bbox 1434 1912 1596 1969; x_wconf 89' lang='lat' dir='ltr'>clarissimis</span> <span class='ocrx_word' id='word_1_218' title='bbox 1604 1930 1670 1970; x_wconf 92' lang='lat' dir='ltr'>con-</span> 
     </span>
    </p>
   </div>
   <div class='ocr_carea' id='block_1_10' title="bbox 103 2004 974 2196">
    <p class='ocr_par' dir='ltr' id='par_1_10' title="bbox 103 2004 974 2196">
     <span class='ocr_line' id='line_1_20' title="bbox 103 2004 974 2104; baseline -0.01 -17"><span class='ocrx_word' id='word_1_219' title='bbox 103 2030 806 2104; x_wconf 74' lang='lat' dir='ltr'>emporisincongruitatemdeclinantesecpraeca·</span> <span class='ocrx_word' id='word_1_220' title='bbox 856 2004 974 2061; x_wconf 63' lang='lat' dir='ltr'>ffllihffi·</span> 
     </span>
     <span class='ocr_line' id='line_1_21' title="bbox 103 2122 806 2196; baseline -0.009 -14"><span class='ocrx_word' id='word_1_221' title='bbox 103 2123 172 2181; x_wconf 88' lang='lat' dir='ltr'>nihil</span> <span class='ocrx_word' id='word_1_222' title='bbox 181 2124 299 2179; x_wconf 93' lang='lat' dir='ltr'>omnino</span> <span class='ocrx_word' id='word_1_223' title='bbox 307 2123 384 2178; x_wconf 90' lang='lat' dir='ltr'>aliud</span> <span class='ocrx_word' id='word_1_224' title='bbox 391 2122 621 2196; x_wconf 87' lang='lat' dir='ltr'>intelligentesae</span> <span class='ocrx_word' id='word_1_225' title='bbox 629 2123 806 2196; x_wconf 82' lang='lat' dir='ltr'>proterentes</span> 
     </span>
    </p>
   </div>
   <div class='ocr_carea' id='block_1_11' title="bbox 445 2423 1213 2520">
    <p class='ocr_par' dir='ltr' id='par_1_11' title="bbox 445 2423 1213 2520">
     <span class='ocr_line' id='line_1_22' title="bbox 445 2423 1213 2520; baseline 0 -3"><span class='ocrx_word' id='word_1_226' title='bbox 445 2423 719 2519; x_wconf 76' lang='lat' dir='ltr'>EPISTULA</span> <span class='ocrx_word' id='word_1_227' title='bbox 771 2425 977 2519; x_wconf 83' lang='lat' dir='ltr'>LlBEllll</span> <span class='ocrx_word' id='word_1_228' title='bbox 1030 2426 1213 2520; x_wconf 83' lang='lat' dir='ltr'>PAPAE.</span> 
     </span>
    </p>
   </div>
   <div class='ocr_carea' id='block_1_12' title="bbox 145 2599 1519 2687">
    <p class='ocr_par' dir='ltr' id='par_1_12' title="bbox 145 2599 1519 2687">
     <span class='ocr_line' id='line_1_23' title="bbox 145 2599 1519 2687; baseline 0.001 -21"><span class='ocrx_word' id='word_1_229' title='bbox 145 2600 309 2666; x_wconf 78' lang='lat' dir='ltr'>Uenutius</span> <span class='ocrx_word' id='word_1_230' title='bbox 320 2619 382 2684; x_wconf 90' lang='lat' dir='ltr'>pro</span> <span class='ocrx_word' id='word_1_231' title='bbox 396 2600 675 2680; x_wconf 76' lang='lat' dir='ltr'>persecutionibus</span> <span class='ocrx_word' id='word_1_232' title='bbox 689 2599 770 2664; x_wconf 84' lang='lat' dir='ltr'>dum</span> <span class='ocrx_word' id='word_1_233' title='bbox 784 2599 907 2664; x_wconf 84' lang='lat' dir='ltr'>durare</span> <span class='ocrx_word' id='word_1_234' title='bbox 917 2607 1022 2684; x_wconf 87' lang='lat' dir='ltr'>potest</span> <span class='ocrx_word' id='word_1_235' title='bbox 1035 2619 1132 2665; x_wconf 85' lang='lat' dir='ltr'>suam</span> <span class='ocrx_word' id='word_1_236' title='bbox 1146 2601 1311 2687; x_wconf 84' lang='lat' dir='ltr'>relinquat</span> <span class='ocrx_word' id='word_1_237' title='bbox 1326 2602 1519 2668; x_wconf 80' lang='lat' dir='ltr'>Ecclesiam.</span> 
     </span>
    </p>
   </div>
   <div class='ocr_carea' id='block_1_13' title="bbox 103 2756 1674 3016">
    <p class='ocr_par' dir='ltr' id='par_1_13' title="bbox 103 2756 1674 3016">
     <span class='ocr_line' id='line_1_24' title="bbox 103 2756 1673 2830; baseline 0.002 -17"><span class='ocrx_word' id='word_1_238' title='bbox 103 2757 152 2813; x_wconf 79' lang='lat' dir='ltr'>nis</span> <span class='ocrx_word' id='word_1_239' title='bbox 166 2757 352 2813; x_wconf 86' lang='lat' dir='ltr'>sanctissimis</span> <span class='ocrx_word' id='word_1_240' title='bbox 367 2761 395 2811; x_wconf 88' lang='lat' dir='ltr'>ot</span> <span class='ocrx_word' id='word_1_241' title='bbox 411 2758 468 2812; x_wconf 87' lang='lat' dir='ltr'>Deo</span> <span class='ocrx_word' id='word_1_242' title='bbox 481 2756 687 2813; x_wconf 86' lang='lat' dir='ltr'>amantissimis</span> <span class='ocrx_word' id='word_1_243' title='bbox 696 2756 807 2814; x_wconf 70' lang='lat' dir='ltr'>univer</span> <span class='ocrx_word' id='word_1_244' title='bbox 856 2757 1005 2813; x_wconf 85' lang='lat' dir='ltr'>suadeant.</span> <span class='ocrx_word' id='word_1_245' title='bbox 1019 2757 1161 2830; x_wconf 86' lang='lat' dir='ltr'>Scriptum</span> <span class='ocrx_word' id='word_1_246' title='bbox 1174 2773 1300 2830; x_wconf 85' lang='lat' dir='ltr'>namque</span> <span class='ocrx_word' id='word_1_247' title='bbox 1315 2760 1373 2814; x_wconf 87' lang='lat' dir='ltr'>est:</span> <span class='ocrx_word' id='word_1_248' title='bbox 1398 2759 1491 2827; x_wconf 77' lang='lat' dir='ltr'>«Quid</span> <span class='ocrx_word' id='word_1_249' title='bbox 1507 2758 1673 2816; x_wconf 89' lang='lat' dir='ltr'>retribuam·</span> 
     </span>
     <span class='ocr_line' id='line_1_25' title="bbox 103 2850 1674 2924; baseline 0.001 -17"><span class='ocrx_word' id='word_1_250' title='bbox 103 2851 179 2923; x_wconf 90' lang='lat' dir='ltr'>copis</span> <span class='ocrx_word' id='word_1_251' title='bbox 195 2853 323 2907; x_wconf 84' lang='lat' dir='ltr'>Lreanius</span> <span class='ocrx_word' id='word_1_252' title='bbox 336 2851 486 2923; x_wconf 83' lang='lat' dir='ltr'>episcopus</span> <span class='ocrx_word' id='word_1_253' title='bbox 499 2851 528 2905; x_wconf 93' lang='lat' dir='ltr'>in</span> <span class='ocrx_word' id='word_1_254' title='bbox 539 2850 661 2907; x_wconf 88' lang='lat' dir='ltr'>Domino</span> <span class='ocrx_word' id='word_1_255' title='bbox 671 2850 804 2907; x_wconf 87' lang='lat' dir='ltr'>salutem.</span> <span class='ocrx_word' id='word_1_256' title='bbox 856 2851 978 2907; x_wconf 84' lang='lat' dir='ltr'>Domino</span> <span class='ocrx_word' id='word_1_257' title='bbox 991 2867 1043 2923; x_wconf 90' lang='lat' dir='ltr'>pro</span> <span class='ocrx_word' id='word_1_258' title='bbox 1057 2851 1269 2924; x_wconf 79' lang='lat' dir='ltr'>omnibusque</span> <span class='ocrx_word' id='word_1_259' title='bbox 1282 2852 1415 2908; x_wconf 83' lang='lat' dir='ltr'>retribuit</span> <span class='ocrx_word' id='word_1_260' title='bbox 1429 2851 1526 2908; x_wconf 81' lang='lat' dir='ltr'>mihil</span> <span class='ocrx_word' id='word_1_261' title='bbox 1550 2852 1674 2909; x_wconf 86' lang='lat' dir='ltr'>Calicem</span> 
     </span>
     <span class='ocr_line' id='line_1_26' title="bbox 103 2943 1672 3016; baseline 0.005 -22"><span class='ocrx_word' id='word_1_262' title='bbox 103 2948 119 3000; x_wconf 78' lang='lat' dir='ltr'>‚t</span> <span class='ocrx_word' id='word_1_263' title='bbox 137 2945 214 3016; x_wconf 91' lang='lat' dir='ltr'>quod</span> <span class='ocrx_word' id='word_1_264' title='bbox 230 2945 281 3000; x_wconf 90' lang='lat' dir='ltr'>diu</span> <span class='ocrx_word' id='word_1_265' title='bbox 296 2951 371 3000; x_wconf 88' lang='lat' dir='ltr'>stare</span> <span class='ocrx_word' id='word_1_266' title='bbox 389 2945 477 3016; x_wconf 87' lang='lat' dir='ltr'>possit</span> <span class='ocrx_word' id='word_1_267' title='bbox 494 2945 548 3000; x_wconf 90' lang='lat' dir='ltr'>nisi</span> <span class='ocrx_word' id='word_1_268' title='bbox 561 2944 612 3001; x_wconf 86' lang='lat' dir='ltr'>uei</span> <span class='ocrx_word' id='word_1_269' title='bbox 627 2943 729 3016; x_wconf 89' lang='lat' dir='ltr'>gratia.</span> <span class='ocrx_word' id='word_1_270' title='bbox 745 2945 804 3000; x_wconf 75' lang='lat' dir='ltr'>Cea·</span> <span class='ocrx_word' id='word_1_271' title='bbox 856 2944 984 3000; x_wconf 86' lang='lat' dir='ltr'>saluteris</span> <span class='ocrx_word' id='word_1_272' title='bbox 995 2944 1132 3016; x_wconf 87' lang='lat' dir='ltr'>accipiam</span> <span class='ocrx_word' id='word_1_273' title='bbox 1148 2948 1177 3000; x_wconf 89' lang='lat' dir='ltr'>et</span> <span class='ocrx_word' id='word_1_274' title='bbox 1193 2960 1299 3001; x_wconf 90' lang='lat' dir='ltr'>nomen</span> <span class='ocrx_word' id='word_1_275' title='bbox 1308 2945 1423 3002; x_wconf 86' lang='lat' dir='ltr'>Domini</span> <span class='ocrx_word' id='word_1_276' title='bbox 1437 2945 1577 3002; x_wconf 84' lang='lat' dir='ltr'>invocabo</span> <span class='ocrx_word' id='word_1_277' title='bbox 1588 2946 1672 3015; x_wconf 78' lang='lat' dir='ltr'>(Psoi.</span> 
     </span>
    </p>
   </div>
   <div class='ocr_carea' id='block_1_14' title="bbox 103 3038 1672 3205">
    <p class='ocr_par' dir='ltr' id='par_1_14' title="bbox 103 3038 1672 3205">
     <span class='ocr_line' id='line_1_27' title="bbox 103 3038 1672 3138; baseline 0.001 -45"><span class='ocrx_word' id='word_1_278' title='bbox 103 3038 333 3110; x_wconf 81' lang='lat' dir='ltr'>seqnitiadieboli</span> <span class='ocrx_word' id='word_1_279' title='bbox 344 3039 558 3110; x_wconf 88' lang='lat' dir='ltr'>contemptibile</span> <span class='ocrx_word' id='word_1_280' title='bbox 568 3039 678 3094; x_wconf 87' lang='lat' dir='ltr'>malum</span> <span class='ocrx_word' id='word_1_281' title='bbox 687 3040 843 3138; x_wconf 67' lang='lat' dir='ltr'>pleneme</span> <span class='ocrx_word' id='word_1_282' title='bbox 856 3053 917 3105; x_wconf 83' lang='lat' dir='ltr'>cxv,</span> <span class='ocrx_word' id='word_1_283' title='bbox 932 3040 985 3108; x_wconf 76' lang='lat' dir='ltr'>tt).</span> <span class='ocrx_word' id='word_1_284' title='bbox 1000 3060 1014 3088; x_wconf 80' lang='lat' dir='ltr'>o</span> <span class='ocrx_word' id='word_1_285' title='bbox 1038 3040 1161 3094; x_wconf 86' lang='lat' dir='ltr'>Tantum</span> <span class='ocrx_word' id='word_1_286' title='bbox 1175 3039 1254 3094; x_wconf 87' lang='lat' dir='ltr'>enim</span> <span class='ocrx_word' id='word_1_287' title='bbox 1269 3056 1286 3094; x_wconf 90' lang='lat' dir='ltr'>a</span> <span class='ocrx_word' id='word_1_288' title='bbox 1301 3039 1385 3096; x_wconf 90' lang='lat' dir='ltr'>nobis</span> <span class='ocrx_word' id='word_1_289' title='bbox 1399 3039 1523 3111; x_wconf 83' lang='lat' dir='ltr'>exigitur</span> <span class='ocrx_word' id='word_1_290' title='bbox 1533 3044 1672 3111; x_wconf 90' lang='lat' dir='ltr'>quantum</span> 
     </span>
     <span class='ocr_line' id='line_1_28' title="bbox 113 3132 1672 3205; baseline 0.001 -18"><span class='ocrx_word' id='word_1_291' title='bbox 113 3132 263 3188; x_wconf 82' lang='lat' dir='ltr'>mortifero</span> <span class='ocrx_word' id='word_1_292' title='bbox 276 3133 355 3200; x_wconf 87' lang='lat' dir='ltr'>sevit,</span> <span class='ocrx_word' id='word_1_293' title='bbox 380 3132 428 3203; x_wconf 93' lang='lat' dir='ltr'>qui</span> <span class='ocrx_word' id='word_1_294' title='bbox 442 3148 556 3188; x_wconf 89' lang='lat' dir='ltr'>sursum</span> <span class='ocrx_word' id='word_1_295' title='bbox 571 3135 657 3205; x_wconf 87' lang='lat' dir='ltr'>atque</span> <span class='ocrx_word' id='word_1_296' title='bbox 670 3132 804 3189; x_wconf 90' lang='lat' dir='ltr'>deorsum</span> <span class='ocrx_word' id='word_1_297' title='bbox 854 3148 1005 3204; x_wconf 86' lang='lat' dir='ltr'>possumus</span> <span class='ocrx_word' id='word_1_298' title='bbox 1027 3132 1181 3188; x_wconf 77' lang='lat' dir='ltr'>famulatus</span> <span class='ocrx_word' id='word_1_299' title='bbox 1207 3133 1298 3188; x_wconf 92' lang='lat' dir='ltr'>nostri</span> <span class='ocrx_word' id='word_1_300' title='bbox 1318 3133 1453 3205; x_wconf 88' lang='lat' dir='ltr'>obsequio</span> <span class='ocrx_word' id='word_1_301' title='bbox 1480 3134 1672 3190; x_wconf 87' lang='lat' dir='ltr'>commodare.</span> 
     </span>
    </p>
   </div>
   <div class='ocr_carea' id='block_1_15' title="bbox 103 3224 1674 3953">
    <p class='ocr_par' dir='ltr' id='par_1_15' title="bbox 103 3224 1674 3485">
     <span class='ocr_line' id='line_1_29' title="bbox 103 3224 1674 3300; baseline 0.001 -18"><span class='ocrx_word' id='word_1_302' title='bbox 103 3230 118 3282; x_wconf 80' lang='lat' dir='ltr'>t</span> <span class='ocrx_word' id='word_1_303' title='bbox 142 3242 276 3298; x_wconf 81' lang='lat' dir='ltr'>quaerens</span> <span class='ocrx_word' id='word_1_304' title='bbox 301 3242 388 3299; x_wconf 91' lang='lat' dir='ltr'>quem</span> <span class='ocrx_word' id='word_1_305' title='bbox 421 3227 538 3281; x_wconf 89' lang='lat' dir='ltr'>devoret</span> <span class='ocrx_word' id='word_1_306' title='bbox 571 3229 652 3297; x_wconf 69' lang='lat' dir='ltr'>(Patr.</span> <span class='ocrx_word' id='word_1_307' title='bbox 679 3243 706 3294; x_wconf 89' lang='lat' dir='ltr'>v,</span> <span class='ocrx_word' id='word_1_308' title='bbox 734 3227 802 3296; x_wconf 74' lang='lat' dir='ltr'>tl.»</span> <span class='ocrx_word' id='word_1_309' title='bbox 853 3224 1674 3300; x_wconf 83' lang='lat' dir='ltr'>Undequidemtantonobisnacesseestimportunispccc-</span> 
     </span>
     <span class='ocr_line' id='line_1_30' title="bbox 103 3319 1671 3392; baseline 0.001 -18"><span class='ocrx_word' id='word_1_310' title='bbox 103 3319 199 3392; x_wconf 87' lang='lat' dir='ltr'>igilare</span> <span class='ocrx_word' id='word_1_311' title='bbox 210 3319 329 3374; x_wconf 90' lang='lat' dir='ltr'>etsobrii</span> <span class='ocrx_word' id='word_1_312' title='bbox 344 3336 405 3374; x_wconf 90' lang='lat' dir='ltr'>esse</span> <span class='ocrx_word' id='word_1_313' title='bbox 419 3321 619 3388; x_wconf 88' lang='lat' dir='ltr'>adorationes,</span> <span class='ocrx_word' id='word_1_314' title='bbox 635 3320 730 3376; x_wconf 77' lang='lat' dir='ltr'>etlleo</span> <span class='ocrx_word' id='word_1_315' title='bbox 740 3335 804 3391; x_wconf 90' lang='lat' dir='ltr'>pro·</span> <span class='ocrx_word' id='word_1_316' title='bbox 854 3319 1043 3374; x_wconf 89' lang='lat' dir='ltr'>dicationibus</span> <span class='ocrx_word' id='word_1_317' title='bbox 1058 3319 1196 3387; x_wconf 86' lang='lat' dir='ltr'>insistere,</span> <span class='ocrx_word' id='word_1_318' title='bbox 1221 3325 1329 3391; x_wconf 88' lang='lat' dir='ltr'>quanto</span> <span class='ocrx_word' id='word_1_319' title='bbox 1341 3319 1424 3375; x_wconf 90' lang='lat' dir='ltr'>nobis</span> <span class='ocrx_word' id='word_1_320' title='bbox 1439 3321 1573 3390; x_wconf 85' lang='lat' dir='ltr'>periectae</span> <span class='ocrx_word' id='word_1_321' title='bbox 1584 3336 1671 3392; x_wconf 90' lang='lat' dir='ltr'>nego·</span> 
     </span>
     <span class='ocr_line' id='line_1_31' title="bbox 103 3411 1671 3485; baseline 0 -16"><span class='ocrx_word' id='word_1_322' title='bbox 103 3414 280 3480; x_wconf 79' lang='lat' dir='ltr'>edebamus,</span> <span class='ocrx_word' id='word_1_323' title='bbox 289 3417 317 3468; x_wconf 87' lang='lat' dir='ltr'>et</span> <span class='ocrx_word' id='word_1_324' title='bbox 327 3413 429 3480; x_wconf 81' lang='lat' dir='ltr'>satiras,</span> <span class='ocrx_word' id='word_1_325' title='bbox 447 3413 568 3469; x_wconf 88' lang='lat' dir='ltr'>Domino</span> <span class='ocrx_word' id='word_1_326' title='bbox 581 3412 804 3480; x_wconf 81' lang='lat' dir='ltr'>auxiliante,ho·</span> <span class='ocrx_word' id='word_1_327' title='bbox 853 3412 977 3467; x_wconf 86' lang='lat' dir='ltr'>tintinnis</span> <span class='ocrx_word' id='word_1_328' title='bbox 996 3412 1121 3467; x_wconf 91' lang='lat' dir='ltr'>creditur</span> <span class='ocrx_word' id='word_1_329' title='bbox 1142 3411 1287 3485; x_wconf 85' lang='lat' dir='ltr'>duplicata</span> <span class='ocrx_word' id='word_1_330' title='bbox 1307 3412 1481 3467; x_wconf 87' lang='lat' dir='ltr'>talentorum</span> <span class='ocrx_word' id='word_1_331' title='bbox 1508 3412 1671 3484; x_wconf 77' lang='lat' dir='ltr'>assignatio,</span> 
     </span>
    </p>

    <p class='ocr_par' dir='ltr' id='par_1_16' title="bbox 103 3505 1672 3953">
     <span class='ocr_line' id='line_1_32' title="bbox 126 3505 1671 3579; baseline -0.001 -17"><span class='ocrx_word' id='word_1_332' title='bbox 126 3506 251 3574; x_wconf 85' lang='lat' dir='ltr'>insidias,</span> <span class='ocrx_word' id='word_1_333' title='bbox 277 3512 363 3577; x_wconf 92' lang='lat' dir='ltr'>prout</span> <span class='ocrx_word' id='word_1_334' title='bbox 381 3507 517 3561; x_wconf 84' lang='lat' dir='ltr'>[lominus</span> <span class='ocrx_word' id='word_1_335' title='bbox 529 3523 611 3579; x_wconf 90' lang='lat' dir='ltr'>posse</span> <span class='ocrx_word' id='word_1_336' title='bbox 624 3506 744 3573; x_wconf 85' lang='lat' dir='ltr'>dederit,</span> <span class='ocrx_word' id='word_1_337' title='bbox 758 3521 802 3561; x_wconf 90' lang='lat' dir='ltr'>ra·</span> <span class='ocrx_word' id='word_1_338' title='bbox 853 3510 937 3578; x_wconf 90' lang='lat' dir='ltr'>atque</span> <span class='ocrx_word' id='word_1_339' title='bbox 951 3505 1097 3560; x_wconf 84' lang='lat' dir='ltr'>Dominica</span> <span class='ocrx_word' id='word_1_340' title='bbox 1109 3505 1238 3561; x_wconf 88' lang='lat' dir='ltr'>nobisad</span> <span class='ocrx_word' id='word_1_341' title='bbox 1247 3505 1456 3578; x_wconf 88' lang='lat' dir='ltr'>suscipiendam</span> <span class='ocrx_word' id='word_1_342' title='bbox 1469 3505 1531 3577; x_wconf 89' lang='lat' dir='ltr'>ejus</span> <span class='ocrx_word' id='word_1_343' title='bbox 1542 3506 1671 3577; x_wconf 85' lang='lat' dir='ltr'>requiem</span> 
     </span>
     <span class='ocr_line' id='line_1_33' title="bbox 113 3598 1672 3672; baseline 0 -17"><span class='ocrx_word' id='word_1_344' title='bbox 113 3604 142 3655; x_wconf 89' lang='lat' dir='ltr'>et</span> <span class='ocrx_word' id='word_1_345' title='bbox 162 3606 256 3672; x_wconf 88' lang='lat' dir='ltr'>patres</span> <span class='ocrx_word' id='word_1_346' title='bbox 271 3599 360 3672; x_wconf 90' lang='lat' dir='ltr'>sequi,</span> <span class='ocrx_word' id='word_1_347' title='bbox 377 3605 406 3655; x_wconf 90' lang='lat' dir='ltr'>et</span> <span class='ocrx_word' id='word_1_348' title='bbox 419 3617 478 3655; x_wconf 92' lang='lat' dir='ltr'>non</span> <span class='ocrx_word' id='word_1_349' title='bbox 491 3599 652 3672; x_wconf 86' lang='lat' dir='ltr'>transgredi</span> <span class='ocrx_word' id='word_1_350' title='bbox 665 3599 804 3655; x_wconf 90' lang='lat' dir='ltr'>terminos</span> <span class='ocrx_word' id='word_1_351' title='bbox 852 3599 1006 3671; x_wconf 83' lang='lat' dir='ltr'>persuadet</span> <span class='ocrx_word' id='word_1_352' title='bbox 1027 3598 1154 3654; x_wconf 84' lang='lat' dir='ltr'>assertio.</span> <span class='ocrx_word' id='word_1_353' title='bbox 1183 3599 1353 3671; x_wconf 79' lang='lat' dir='ltr'>suggestum</span> <span class='ocrx_word' id='word_1_354' title='bbox 1383 3615 1507 3671; x_wconf 87' lang='lat' dir='ltr'>namque</span> <span class='ocrx_word' id='word_1_355' title='bbox 1528 3599 1611 3655; x_wconf 91' lang='lat' dir='ltr'>nobis</span> <span class='ocrx_word' id='word_1_356' title='bbox 1629 3607 1672 3655; x_wconf 89' lang='lat' dir='ltr'>est</span> 
     </span>
     <span class='ocr_line' id='line_1_34' title="bbox 105 3691 1671 3766; baseline 0 -18"><span class='ocrx_word' id='word_1_357' title='bbox 105 3736 113 3761; x_wconf 95' lang='lat'>,</span> <span class='ocrx_word' id='word_1_358' title='bbox 127 3710 186 3748; x_wconf 88' lang='lat' dir='ltr'>non</span> <span class='ocrx_word' id='word_1_359' title='bbox 199 3699 231 3748; x_wconf 91' lang='lat' dir='ltr'>ut</span> <span class='ocrx_word' id='word_1_360' title='bbox 244 3697 356 3749; x_wconf 91' lang='lat' dir='ltr'>nostras</span> <span class='ocrx_word' id='word_1_361' title='bbox 369 3694 564 3766; x_wconf 82' lang='lat' dir='ltr'>relinquamus</span> <span class='ocrx_word' id='word_1_362' title='bbox 574 3694 643 3749; x_wconf 91' lang='lat' dir='ltr'>dum</span> <span class='ocrx_word' id='word_1_363' title='bbox 655 3693 732 3749; x_wconf 91' lang='lat' dir='ltr'>ineis</span> <span class='ocrx_word' id='word_1_364' title='bbox 740 3709 803 3764; x_wconf 90' lang='lat' dir='ltr'>per·</span> <span class='ocrx_word' id='word_1_365' title='bbox 852 3692 931 3766; x_wconf 91' lang='lat' dir='ltr'>quod</span> <span class='ocrx_word' id='word_1_366' title='bbox 939 3708 991 3764; x_wconf 90' lang='lat' dir='ltr'>pro</span> <span class='ocrx_word' id='word_1_367' title='bbox 999 3691 1152 3764; x_wconf 76' lang='lat' dir='ltr'>preteritis</span> <span class='ocrx_word' id='word_1_368' title='bbox 1160 3693 1304 3748; x_wconf 88' lang='lat' dir='ltr'>laboribus</span> <span class='ocrx_word' id='word_1_369' title='bbox 1320 3697 1350 3751; x_wconf 87' lang='lat' dir='ltr'>et</span> <span class='ocrx_word' id='word_1_370' title='bbox 1364 3692 1592 3749; x_wconf 83' lang='lat' dir='ltr'>intestationibus</span> <span class='ocrx_word' id='word_1_371' title='bbox 1601 3710 1671 3748; x_wconf 89' lang='lat' dir='ltr'>non-</span> 
     </span>
     <span class='ocr_line' id='line_1_35' title="bbox 103 3786 1672 3860; baseline -0.001 -17"><span class='ocrx_word' id='word_1_372' title='bbox 103 3787 247 3860; x_wconf 74' lang='lat' dir='ltr'>eliquando</span> <span class='ocrx_word' id='word_1_373' title='bbox 256 3788 413 3843; x_wconf 86' lang='lat' dir='ltr'>valebimus</span> <span class='ocrx_word' id='word_1_374' title='bbox 423 3787 633 3855; x_wconf 87' lang='lat' dir='ltr'>ecclesiasticas,</span> <span class='ocrx_word' id='word_1_375' title='bbox 644 3790 675 3841; x_wconf 89' lang='lat' dir='ltr'>ut</span> <span class='ocrx_word' id='word_1_376' title='bbox 689 3788 724 3842; x_wconf 88' lang='lat' dir='ltr'>ad</span> <span class='ocrx_word' id='word_1_377' title='bbox 735 3787 803 3843; x_wconf 89' lang='lat' dir='ltr'>alias</span> <span class='ocrx_word' id='word_1_378' title='bbox 852 3786 923 3841; x_wconf 92' lang='lat' dir='ltr'>nulli</span> <span class='ocrx_word' id='word_1_379' title='bbox 937 3790 1062 3842; x_wconf 88' lang='lat' dir='ltr'>vestrum</span> <span class='ocrx_word' id='word_1_380' title='bbox 1083 3786 1242 3858; x_wconf 86' lang='lat' dir='ltr'>assignatas</span> <span class='ocrx_word' id='word_1_381' title='bbox 1257 3786 1371 3842; x_wconf 89' lang='lat' dir='ltr'>sibimet</span> <span class='ocrx_word' id='word_1_382' title='bbox 1393 3805 1409 3841; x_wconf 91' lang='lat' dir='ltr'>a</span> <span class='ocrx_word' id='word_1_383' title='bbox 1433 3787 1490 3841; x_wconf 88' lang='lat' dir='ltr'>Deo</span> <span class='ocrx_word' id='word_1_384' title='bbox 1507 3786 1672 3842; x_wconf 88' lang='lat' dir='ltr'>commissas</span> 
     </span>
     <span class='ocr_line' id='line_1_36' title="bbox 103 3872 1672 3953; baseline -0.001 -17"><span class='ocrx_word' id='word_1_385' title='bbox 103 3897 189 3950; x_wconf 77' lang='lat' dir='ltr'>smus,</span> <span class='ocrx_word' id='word_1_386' title='bbox 206 3888 255 3936; x_wconf 88' lang='lat' dir='ltr'>aut</span> <span class='ocrx_word' id='word_1_387' title='bbox 271 3881 391 3953; x_wconf 90' lang='lat' dir='ltr'>populos</span> <span class='ocrx_word' id='word_1_388' title='bbox 412 3882 580 3937; x_wconf 88' lang='lat' dir='ltr'>commissos</span> <span class='ocrx_word' id='word_1_389' title='bbox 597 3881 753 3953; x_wconf 80' lang='lat' dir='ltr'>negligere,</span> <span class='ocrx_word' id='word_1_390' title='bbox 772 3884 804 3936; x_wconf 93' lang='lat' dir='ltr'>ut</span> <span class='ocrx_word' id='word_1_391' title='bbox 853 3880 1019 3951; x_wconf 88' lang='lat' dir='ltr'>relinquunt</span> <span class='ocrx_word' id='word_1_392' title='bbox 1032 3879 1138 3951; x_wconf 87' lang='lat' dir='ltr'>plebes,</span> <span class='ocrx_word' id='word_1_393' title='bbox 1154 3879 1225 3935; x_wconf 89' lang='lat' dir='ltr'>etin</span> <span class='ocrx_word' id='word_1_394' title='bbox 1238 3879 1443 3952; x_wconf 88' lang='lat' dir='ltr'>luturoplures</span> <span class='ocrx_word' id='word_1_395' title='bbox 1456 3872 1672 3952; x_wconf 71' lang='lat' dir='ltr'>relinquereve&#39;·</span> 
     </span>
    </p>
   </div>
   <div class='ocr_carea' id='block_1_16' title="bbox 103 3973 1773 4047">
    <p class='ocr_par' dir='ltr' id='par_1_17' title="bbox 103 3973 1773 4047">
     <span class='ocr_line' id='line_1_37' title="bbox 103 3973 1773 4047; baseline -0.001 -17"><span class='ocrx_word' id='word_1_396' title='bbox 103 3974 249 4045; x_wconf 78' lang='lat' dir='ltr'>semplius</span> <span class='ocrx_word' id='word_1_397' title='bbox 257 3991 344 4045; x_wconf 91' lang='lat' dir='ltr'>quam</span> <span class='ocrx_word' id='word_1_398' title='bbox 354 3991 405 4046; x_wconf 91' lang='lat' dir='ltr'>pro</span> <span class='ocrx_word' id='word_1_399' title='bbox 416 3975 624 4041; x_wconf 87' lang='lat' dir='ltr'>eiseleborare,</span> <span class='ocrx_word' id='word_1_400' title='bbox 639 3990 690 4045; x_wconf 91' lang='lat' dir='ltr'>pro</span> <span class='ocrx_word' id='word_1_401' title='bbox 699 3974 804 4046; x_wconf 91' lang='lat' dir='ltr'>quibus</span> <span class='ocrx_word' id='word_1_402' title='bbox 853 3974 963 4029; x_wconf 87' lang='lat' dir='ltr'>linteas</span> <span class='ocrx_word' id='word_1_403' title='bbox 975 3989 1047 4047; x_wconf 88' lang='lat' dir='ltr'>quas</span> <span class='ocrx_word' id='word_1_404' title='bbox 1061 3974 1137 4028; x_wconf 88' lang='lat' dir='ltr'>tueri</span> <span class='ocrx_word' id='word_1_405' title='bbox 1162 3973 1267 4029; x_wconf 88' lang='lat' dir='ltr'>debent</span> <span class='ocrx_word' id='word_1_406' title='bbox 1283 3973 1426 4042; x_wconf 88' lang='lat' dir='ltr'>ecclesias,</span> <span class='ocrx_word' id='word_1_407' title='bbox 1448 3976 1477 4028; x_wconf 91' lang='lat' dir='ltr'>et</span> <span class='ocrx_word' id='word_1_408' title='bbox 1500 3989 1551 4044; x_wconf 90' lang='lat' dir='ltr'>pro</span> <span class='ocrx_word' id='word_1_409' title='bbox 1571 3973 1671 4029; x_wconf 84' lang='lat' dir='ltr'>oribus</span> <span class='ocrx_word' id='word_1_410' title='bbox 1767 3974 1773 3981; x_wconf 76' lang='grc'><strong>”</strong></span> 
     </span>
    </p>
   </div>
   <div class='ocr_carea' id='block_1_17' title="bbox 103 4065 1672 5826">
    <p class='ocr_par' dir='ltr' id='par_1_18' title="bbox 103 4065 1672 5826">
     <span class='ocr_line' id='line_1_38' title="bbox 103 4065 1670 4140; baseline -0.001 -17"><span class='ocrx_word' id='word_1_411' title='bbox 103 4068 204 4124; x_wconf 84' lang='lat' dir='ltr'>mimas</span> <span class='ocrx_word' id='word_1_412' title='bbox 228 4085 333 4140; x_wconf 87' lang='lat' dir='ltr'>ponere</span> <span class='ocrx_word' id='word_1_413' title='bbox 350 4069 498 4138; x_wconf 89' lang='lat' dir='ltr'>debemus,</span> <span class='ocrx_word' id='word_1_414' title='bbox 514 4068 688 4137; x_wconf 88' lang='lat' dir='ltr'>studeamus,</span> <span class='ocrx_word' id='word_1_415' title='bbox 708 4084 802 4140; x_wconf 90' lang='lat' dir='ltr'>quen·</span> <span class='ocrx_word' id='word_1_416' title='bbox 853 4066 906 4122; x_wconf 89' lang='lat' dir='ltr'>sibi</span> <span class='ocrx_word' id='word_1_417' title='bbox 920 4066 1078 4124; x_wconf 86' lang='lat' dir='ltr'>commissis</span> <span class='ocrx_word' id='word_1_418' title='bbox 1094 4067 1223 4123; x_wconf 86' lang='lat' dir='ltr'>laborare</span> <span class='ocrx_word' id='word_1_419' title='bbox 1243 4065 1405 4139; x_wconf 91' lang='lat' dir='ltr'>negligunt,</span> <span class='ocrx_word' id='word_1_420' title='bbox 1430 4069 1460 4121; x_wconf 89' lang='lat' dir='ltr'>et</span> <span class='ocrx_word' id='word_1_421' title='bbox 1480 4067 1670 4123; x_wconf 84' lang='lat' dir='ltr'>monasterio-</span> 
     </span>
     <span class='ocr_line' id='line_1_39' title="bbox 103 4159 1670 4234; baseline -0.002 -18"><span class='ocrx_word' id='word_1_422' title='bbox 103 4161 181 4216; x_wconf 90' lang='lat' dir='ltr'>multi</span> <span class='ocrx_word' id='word_1_423' title='bbox 202 4178 253 4216; x_wconf 92' lang='lat' dir='ltr'>nos</span> <span class='ocrx_word' id='word_1_424' title='bbox 266 4166 476 4234; x_wconf 89' lang='lat' dir='ltr'>persequantur</span> <span class='ocrx_word' id='word_1_425' title='bbox 489 4166 518 4216; x_wconf 92' lang='lat' dir='ltr'>et</span> <span class='ocrx_word' id='word_1_426' title='bbox 529 4178 595 4217; x_wconf 88' lang='lat' dir='ltr'>oves</span> <span class='ocrx_word' id='word_1_427' title='bbox 609 4161 713 4216; x_wconf 82' lang='lat' dir='ltr'>Christi</span> <span class='ocrx_word' id='word_1_428' title='bbox 728 4160 801 4216; x_wconf 88' lang='lat' dir='ltr'>dila·</span> <span class='ocrx_word' id='word_1_429' title='bbox 853 4176 918 4216; x_wconf 92' lang='lat' dir='ltr'>rum</span> <span class='ocrx_word' id='word_1_430' title='bbox 929 4176 958 4215; x_wconf 89' lang='lat' dir='ltr'>se</span> <span class='ocrx_word' id='word_1_431' title='bbox 971 4161 1061 4232; x_wconf 84' lang='lat' dir='ltr'>quieti</span> <span class='ocrx_word' id='word_1_432' title='bbox 1071 4160 1241 4228; x_wconf 83' lang='lat' dir='ltr'>contradere</span> <span class='ocrx_word' id='word_1_433' title='bbox 1249 4160 1395 4227; x_wconf 86' lang='lat' dir='ltr'>festinant,</span> <span class='ocrx_word' id='word_1_434' title='bbox 1407 4165 1436 4215; x_wconf 88' lang='lat' dir='ltr'>et</span> <span class='ocrx_word' id='word_1_435' title='bbox 1448 4159 1625 4215; x_wconf 86' lang='lat' dir='ltr'>vacationem</span> <span class='ocrx_word' id='word_1_436' title='bbox 1635 4161 1670 4214; x_wconf 88' lang='lat' dir='ltr'>eb</span> 
     </span>
     <span class='ocr_line' id='line_1_40' title="bbox 103 4252 1671 4326; baseline -0.001 -16"><span class='ocrx_word' id='word_1_437' title='bbox 103 4255 270 4321; x_wconf 86' lang='lat' dir='ltr'>lesidcrant,</span> <span class='ocrx_word' id='word_1_438' title='bbox 285 4256 332 4326; x_wconf 92' lang='lat' dir='ltr'>qui</span> <span class='ocrx_word' id='word_1_439' title='bbox 349 4277 362 4303; x_wconf 76' lang='lat' dir='ltr'>o</span> <span class='ocrx_word' id='word_1_440' title='bbox 378 4255 460 4326; x_wconf 90' lang='lat' dir='ltr'>quasi</span> <span class='ocrx_word' id='word_1_441' title='bbox 473 4255 597 4310; x_wconf 89' lang='lat' dir='ltr'>vestibus</span> <span class='ocrx_word' id='word_1_442' title='bbox 611 4255 705 4309; x_wconf 92' lang='lat' dir='ltr'>ovium</span> <span class='ocrx_word' id='word_1_443' title='bbox 715 4270 803 4326; x_wconf 87' lang='lat' dir='ltr'>appe·</span> <span class='ocrx_word' id='word_1_444' title='bbox 853 4254 1032 4326; x_wconf 86' lang='lat' dir='ltr'>episcopatus</span> <span class='ocrx_word' id='word_1_445' title='bbox 1056 4254 1201 4311; x_wconf 89' lang='lat' dir='ltr'>laboribus</span> <span class='ocrx_word' id='word_1_446' title='bbox 1213 4253 1328 4325; x_wconf 79' lang='lat' dir='ltr'>eligere,</span> <span class='ocrx_word' id='word_1_447' title='bbox 1345 4258 1373 4308; x_wconf 89' lang='lat' dir='ltr'>et</span> <span class='ocrx_word' id='word_1_448' title='bbox 1385 4252 1497 4308; x_wconf 84' lang='lat' dir='ltr'>silentio</span> <span class='ocrx_word' id='word_1_449' title='bbox 1511 4257 1596 4325; x_wconf 88' lang='lat' dir='ltr'>atque</span> <span class='ocrx_word' id='word_1_450' title='bbox 1611 4253 1671 4308; x_wconf 93' lang='lat' dir='ltr'>otio</span> 
     </span>
     <span class='ocr_line' id='line_1_41' title="bbox 103 4346 1670 4421; baseline -0.001 -19"><span class='ocrx_word' id='word_1_451' title='bbox 103 4354 152 4403; x_wconf 86' lang='lat' dir='ltr'>tus</span> <span class='ocrx_word' id='word_1_452' title='bbox 165 4353 261 4403; x_wconf 88' lang='lat' dir='ltr'>eutem</span> <span class='ocrx_word' id='word_1_453' title='bbox 275 4354 342 4403; x_wconf 89' lang='lat' dir='ltr'>sunt</span> <span class='ocrx_word' id='word_1_454' title='bbox 350 4349 411 4419; x_wconf 92' lang='lat' dir='ltr'>lupi</span> <span class='ocrx_word' id='word_1_455' title='bbox 422 4365 548 4421; x_wconf 87' lang='lat' dir='ltr'>rapaces,</span> <span class='ocrx_word' id='word_1_456' title='bbox 566 4365 640 4420; x_wconf 86' lang='lat' dir='ltr'>quos</span> <span class='ocrx_word' id='word_1_457' title='bbox 656 4364 690 4403; x_wconf 82' lang='lat' dir='ltr'>ex</span> <span class='ocrx_word' id='word_1_458' title='bbox 703 4347 802 4403; x_wconf 83' lang='lat' dir='ltr'>fructi·</span> <span class='ocrx_word' id='word_1_459' title='bbox 853 4346 939 4402; x_wconf 86' lang='lat' dir='ltr'>vitam</span> <span class='ocrx_word' id='word_1_460' title='bbox 950 4348 1053 4420; x_wconf 87' lang='lat' dir='ltr'>degere</span> <span class='ocrx_word' id='word_1_461' title='bbox 1067 4348 1161 4419; x_wconf 89' lang='lat' dir='ltr'>magis</span> <span class='ocrx_word' id='word_1_462' title='bbox 1174 4351 1320 4419; x_wconf 88' lang='lat' dir='ltr'>appetant,</span> <span class='ocrx_word' id='word_1_463' title='bbox 1335 4363 1423 4418; x_wconf 89' lang='lat' dir='ltr'>quam</span> <span class='ocrx_word' id='word_1_464' title='bbox 1436 4347 1466 4401; x_wconf 92' lang='lat' dir='ltr'>in</span> <span class='ocrx_word' id='word_1_465' title='bbox 1480 4346 1524 4402; x_wconf 90' lang='lat' dir='ltr'>his</span> <span class='ocrx_word' id='word_1_466' title='bbox 1539 4363 1604 4419; x_wconf 79' lang='lat' dir='ltr'>quoe</span> <span class='ocrx_word' id='word_1_467' title='bbox 1618 4346 1670 4401; x_wconf 93' lang='lat' dir='ltr'>sibi</span> 
     </span>
     <span class='ocr_line' id='line_1_42' title="bbox 103 4431 1671 4513; baseline -0.003 -14"><span class='ocrx_word' id='word_1_468' title='bbox 103 4442 249 4499; x_wconf 84' lang='lat' dir='ltr'>noscimus</span> <span class='ocrx_word' id='word_1_469' title='bbox 269 4444 376 4513; x_wconf 78' lang='lat' dir='ltr'>(Metti.</span> <span class='ocrx_word' id='word_1_470' title='bbox 400 4459 449 4509; x_wconf 89' lang='lat' dir='ltr'>vn,</span> <span class='ocrx_word' id='word_1_471' title='bbox 474 4446 516 4511; x_wconf 81' lang='lat' dir='ltr'>le,</span> <span class='ocrx_word' id='word_1_472' title='bbox 535 4443 617 4513; x_wconf 75' lang='grc'>16).»</span> <span class='ocrx_word' id='word_1_473' title='bbox 644 4440 690 4496; x_wconf 91' lang='lat' dir='ltr'>lsti</span> <span class='ocrx_word' id='word_1_474' title='bbox 709 4431 841 4512; x_wconf 87' lang='lat' dir='ltr'>primol)</span> <span class='ocrx_word' id='word_1_475' title='bbox 852 4441 1000 4496; x_wconf 89' lang='lat' dir='ltr'>commissa</span> <span class='ocrx_word' id='word_1_476' title='bbox 1015 4447 1080 4496; x_wconf 89' lang='lat' dir='ltr'>sunt</span> <span class='ocrx_word' id='word_1_477' title='bbox 1092 4457 1275 4512; x_wconf 87' lang='lat' dir='ltr'>permanere,</span> <span class='ocrx_word' id='word_1_478' title='bbox 1288 4440 1401 4495; x_wconf 87' lang='lat' dir='ltr'>dicente</span> <span class='ocrx_word' id='word_1_479' title='bbox 1417 4440 1556 4496; x_wconf 86' lang='lat' dir='ltr'>Domino:</span> <span class='ocrx_word' id='word_1_480' title='bbox 1574 4461 1589 4490; x_wconf 71' lang='grc' dir='ltr'>(ι</span> <span class='ocrx_word' id='word_1_481' title='bbox 1604 4439 1671 4494; x_wconf 88' lang='lat' dir='ltr'>Bea-</span> 
     </span>
     <span class='ocr_line' id='line_1_43' title="bbox 114 4533 1668 4606; baseline -0.003 -17"><span class='ocrx_word' id='word_1_482' title='bbox 114 4535 249 4590; x_wconf 82' lang='lat' dir='ltr'>ridentur</span> <span class='ocrx_word' id='word_1_483' title='bbox 261 4553 293 4590; x_wconf 82' lang='lat' dir='ltr'>er</span> <span class='ocrx_word' id='word_1_484' title='bbox 307 4536 389 4590; x_wconf 87' lang='lat' dir='ltr'>nobis</span> <span class='ocrx_word' id='word_1_485' title='bbox 405 4552 476 4601; x_wconf 89' lang='lat' dir='ltr'>esse,</span> <span class='ocrx_word' id='word_1_486' title='bbox 490 4536 538 4590; x_wconf 90' lang='lat' dir='ltr'>sed</span> <span class='ocrx_word' id='word_1_487' title='bbox 552 4552 612 4591; x_wconf 91' lang='lat' dir='ltr'>non</span> <span class='ocrx_word' id='word_1_488' title='bbox 626 4539 694 4590; x_wconf 87' lang='lat' dir='ltr'>sunt</span> <span class='ocrx_word' id='word_1_489' title='bbox 707 4552 740 4590; x_wconf 85' lang='lat' dir='ltr'>ex</span> <span class='ocrx_word' id='word_1_490' title='bbox 753 4551 803 4590; x_wconf 92' lang='lat' dir='ltr'>no·</span> <span class='ocrx_word' id='word_1_491' title='bbox 852 4539 897 4589; x_wconf 89' lang='lat' dir='ltr'>tus</span> <span class='ocrx_word' id='word_1_492' title='bbox 909 4534 959 4606; x_wconf 93' lang='lat' dir='ltr'>qui</span> <span class='ocrx_word' id='word_1_493' title='bbox 977 4534 1199 4606; x_wconf 84' lang='lat' dir='ltr'>perseveraverit</span> <span class='ocrx_word' id='word_1_494' title='bbox 1219 4534 1355 4605; x_wconf 85' lang='lat' dir='ltr'>usquein</span> <span class='ocrx_word' id='word_1_495' title='bbox 1369 4533 1668 4604; x_wconf 80' lang='lat' dir='ltr'>finem(lllutttc.&#39;xx1v,</span> 
     </span>
     <span class='ocr_line' id='line_1_44' title="bbox 103 4625 1672 4700; baseline -0.003 -15"><span class='ocrx_word' id='word_1_496' title='bbox 103 4629 183 4685; x_wconf 84' lang='lat' dir='ltr'>enim</span> <span class='ocrx_word' id='word_1_497' title='bbox 205 4629 324 4684; x_wconf 85' lang='lat' dir='ltr'>tuissent</span> <span class='ocrx_word' id='word_1_498' title='bbox 341 4646 373 4683; x_wconf 88' lang='lat' dir='ltr'>ex</span> <span class='ocrx_word' id='word_1_499' title='bbox 398 4629 489 4696; x_wconf 84' lang='lat' dir='ltr'>nobis,</span> <span class='ocrx_word' id='word_1_500' title='bbox 507 4629 679 4684; x_wconf 86' lang='lat' dir='ltr'>mansissent</span> <span class='ocrx_word' id='word_1_501' title='bbox 705 4629 803 4700; x_wconf 92' lang='lat' dir='ltr'>utique</span> <span class='ocrx_word' id='word_1_502' title='bbox 853 4628 907 4699; x_wconf 78' lang='grc'>13).</span> <span class='ocrx_word' id='word_1_503' title='bbox 924 4646 938 4679; x_wconf 84' lang='lat' dir='ltr'>o</span> <span class='ocrx_word' id='word_1_504' title='bbox 958 4628 1038 4683; x_wconf 89' lang='lat' dir='ltr'>Unde</span> <span class='ocrx_word' id='word_1_505' title='bbox 1060 4643 1184 4698; x_wconf 89' lang='lat' dir='ltr'>namque</span> <span class='ocrx_word' id='word_1_506' title='bbox 1204 4629 1246 4682; x_wconf 90' lang='lat' dir='ltr'>est</span> <span class='ocrx_word' id='word_1_507' title='bbox 1272 4626 1356 4681; x_wconf 80' lang='lat' dir='ltr'>beata</span> <span class='ocrx_word' id='word_1_508' title='bbox 1373 4625 1595 4698; x_wconf 88' lang='lat' dir='ltr'>perseverantia,</span> <span class='ocrx_word' id='word_1_509' title='bbox 1617 4626 1672 4681; x_wconf 91' lang='lat' dir='ltr'>nisi</span> 
     </span>
     <span class='ocr_line' id='line_1_45' title="bbox 103 4718 1671 4794; baseline -0.001 -17"><span class='ocrx_word' id='word_1_510' title='bbox 103 4738 143 4778; x_wconf 90' lang='lat' dir='ltr'>m.</span> <span class='ocrx_word' id='word_1_511' title='bbox 157 4722 278 4786; x_wconf 73' lang='lat' dir='ltr'>ociando</span> <span class='ocrx_word' id='word_1_512' title='bbox 293 4738 360 4776; x_wconf 88' lang='lat' dir='ltr'>varo</span> <span class='ocrx_word' id='word_1_513' title='bbox 375 4738 456 4776; x_wconf 90' lang='lat' dir='ltr'>suam</span> <span class='ocrx_word' id='word_1_514' title='bbox 474 4723 654 4777; x_wconf 86' lang='lat' dir='ltr'>evomuerint</span> <span class='ocrx_word' id='word_1_515' title='bbox 670 4722 801 4794; x_wconf 88' lang='lat' dir='ltr'>impieta·</span> <span class='ocrx_word' id='word_1_516' title='bbox 852 4721 888 4776; x_wconf 89' lang='lat' dir='ltr'>de</span> <span class='ocrx_word' id='word_1_517' title='bbox 901 4721 1003 4776; x_wconf 86' lang='lat' dir='ltr'>virtute</span> <span class='ocrx_word' id='word_1_518' title='bbox 1015 4720 1161 4792; x_wconf 79' lang='lat' dir='ltr'>patientiae</span> <span class='ocrx_word' id='word_1_519' title='bbox 1175 4720 1189 4774; x_wconf 83' lang='lat' dir='ltr'>‘l</span> <span class='ocrx_word' id='word_1_520' title='bbox 1209 4735 1297 4791; x_wconf 78' lang='lat' dir='ltr'>qaam</span> <span class='ocrx_word' id='word_1_521' title='bbox 1317 4719 1473 4775; x_wconf 88' lang='lat' dir='ltr'>secundum</span> <span class='ocrx_word' id='word_1_522' title='bbox 1486 4718 1671 4791; x_wconf 87' lang='lat' dir='ltr'>apostolicam</span> 
     </span>
     <span class='ocr_line' id='line_1_46' title="bbox 103 4813 1669 4887; baseline 0 -19"><span class='ocrx_word' id='word_1_523' title='bbox 103 4815 169 4871; x_wconf 77' lang='lat' dir='ltr'>ilum</span> <span class='ocrx_word' id='word_1_524' title='bbox 183 4816 276 4886; x_wconf 90' lang='lat' dir='ltr'>quiin</span> <span class='ocrx_word' id='word_1_525' title='bbox 295 4817 334 4871; x_wconf 90' lang='lat' dir='ltr'>eis</span> <span class='ocrx_word' id='word_1_526' title='bbox 350 4818 392 4870; x_wconf 91' lang='lat' dir='ltr'>est</span> <span class='ocrx_word' id='word_1_527' title='bbox 406 4821 588 4887; x_wconf 88' lang='lat' dir='ltr'>erumpentes</span> <span class='ocrx_word' id='word_1_528' title='bbox 599 4819 629 4870; x_wconf 87' lang='lat' dir='ltr'>et</span> <span class='ocrx_word' id='word_1_529' title='bbox 641 4816 801 4887; x_wconf 83' lang='lat' dir='ltr'>apprehen·</span> <span class='ocrx_word' id='word_1_530' title='bbox 853 4813 1084 4886; x_wconf 79' lang='lat' dir='ltr'>predicationem</span> <span class='ocrx_word' id='word_1_531' title='bbox 1099 4813 1261 4884; x_wconf 90' lang='lat' dir='ltr'>omnesqui</span> <span class='ocrx_word' id='word_1_532' title='bbox 1279 4813 1422 4869; x_wconf 91' lang='lat' dir='ltr'>voluerint</span> <span class='ocrx_word' id='word_1_533' title='bbox 1442 4813 1472 4867; x_wconf 92' lang='lat' dir='ltr'>in</span> <span class='ocrx_word' id='word_1_534' title='bbox 1492 4813 1602 4869; x_wconf 86' lang='lat' dir='ltr'>Christo</span> <span class='ocrx_word' id='word_1_535' title='bbox 1624 4814 1669 4886; x_wconf 92' lang='lat' dir='ltr'>pie</span> 
     </span>
     <span class='ocr_line' id='line_1_47' title="bbox 111 4906 1669 4981; baseline -0.003 -16"><span class='ocrx_word' id='word_1_536' title='bbox 111 4909 295 4979; x_wconf 82' lang='lat' dir='ltr'>infirmiores,</span> <span class='ocrx_word' id='word_1_537' title='bbox 325 4915 354 4965; x_wconf 90' lang='lat' dir='ltr'>et</span> <span class='ocrx_word' id='word_1_538' title='bbox 378 4926 428 4965; x_wconf 88' lang='lat' dir='ltr'>cos</span> <span class='ocrx_word' id='word_1_539' title='bbox 454 4909 503 4980; x_wconf 89' lang='lat' dir='ltr'>qni</span> <span class='ocrx_word' id='word_1_540' title='bbox 529 4909 693 4981; x_wconf 86' lang='lat' dir='ltr'>edeloquia</span> <span class='ocrx_word' id='word_1_541' title='bbox 707 4908 804 4964; x_wconf 85' lang='lat' dir='ltr'>diviua</span> <span class='ocrx_word' id='word_1_542' title='bbox 852 4908 945 4963; x_wconf 85' lang='lat' dir='ltr'>vivere</span> <span class='ocrx_word' id='word_1_543' title='bbox 967 4907 1196 4979; x_wconf 87' lang='lat' dir='ltr'>persecutionem</span> <span class='ocrx_word' id='word_1_544' title='bbox 1222 4906 1381 4978; x_wconf 86' lang='lat' dir='ltr'>patiuntur.</span> <span class='ocrx_word' id='word_1_545' title='bbox 1404 4907 1533 4978; x_wconf 89' lang='lat' dir='ltr'>ideoque,</span> <span class='ocrx_word' id='word_1_546' title='bbox 1567 4907 1669 4963; x_wconf 83' lang='lat' dir='ltr'>fratres</span> 
     </span>
     <span class='ocr_line' id='line_1_48' title="bbox 103 4999 1669 5071; baseline -0.003 -12"><span class='ocrx_word' id='word_1_547' title='bbox 103 5004 298 5059; x_wconf 77' lang='lat' dir='ltr'>mexercitatos</span> <span class='ocrx_word' id='word_1_548' title='bbox 311 5003 426 5070; x_wconf 90' lang='lat' dir='ltr'>habent,</span> <span class='ocrx_word' id='word_1_549' title='bbox 447 5019 545 5057; x_wconf 91' lang='lat' dir='ltr'>secum</span> <span class='ocrx_word' id='word_1_550' title='bbox 565 5019 613 5057; x_wconf 89' lang='lat' dir='ltr'>eos</span> <span class='ocrx_word' id='word_1_551' title='bbox 633 5001 804 5057; x_wconf 90' lang='lat' dir='ltr'>contrahunt</span> <span class='ocrx_word' id='word_1_552' title='bbox 854 5000 1020 5068; x_wconf 88' lang='lat' dir='ltr'>charissimi,</span> <span class='ocrx_word' id='word_1_553' title='bbox 1038 5016 1096 5056; x_wconf 90' lang='lat' dir='ltr'>non</span> <span class='ocrx_word' id='word_1_554' title='bbox 1109 5017 1159 5054; x_wconf 84' lang='lat' dir='ltr'>vos</span> <span class='ocrx_word' id='word_1_555' title='bbox 1181 4999 1371 5055; x_wconf 78' lang='lat' dir='ltr'>afflictionum</span> <span class='ocrx_word' id='word_1_556' title='bbox 1391 4999 1555 5056; x_wconf 86' lang='lat' dir='ltr'>amaritudo</span> <span class='ocrx_word' id='word_1_557' title='bbox 1578 5019 1594 5054; x_wconf 89' lang='lat' dir='ltr'>o</span> <span class='ocrx_word' id='word_1_558' title='bbox 1621 5000 1669 5071; x_wconf 88' lang='lat' dir='ltr'>pio</span> 
     </span>
     <span class='ocr_line' id='line_1_49' title="bbox 103 5093 1670 5168; baseline -0.003 -17"><span class='ocrx_word' id='word_1_559' title='bbox 103 5095 234 5163; x_wconf 86' lang='lat' dir='ltr'>itionem,</span> <span class='ocrx_word' id='word_1_560' title='bbox 244 5097 440 5152; x_wconf 86' lang='lat' dir='ltr'>subvertentes</span> <span class='ocrx_word' id='word_1_561' title='bbox 454 5094 804 5168; x_wconf 82' lang='lat' dir='ltr'>quosoportetproescien·</span> <span class='ocrx_word' id='word_1_562' title='bbox 853 5095 957 5150; x_wconf 91' lang='lat' dir='ltr'>mentis</span> <span class='ocrx_word' id='word_1_563' title='bbox 971 5093 1226 5165; x_wconf 82' lang='lat' dir='ltr'>vestrceproposito</span> <span class='ocrx_word' id='word_1_564' title='bbox 1241 5097 1364 5149; x_wconf 86' lang='lat' dir='ltr'>coarctet</span> <span class='ocrx_word' id='word_1_565' title='bbox 1379 5095 1522 5149; x_wconf 88' lang='lat' dir='ltr'>recedere.</span> <span class='ocrx_word' id='word_1_566' title='bbox 1538 5093 1670 5151; x_wconf 86' lang='lat' dir='ltr'>Conside-</span> 
     </span>
     <span class='ocr_line' id='line_1_50' title="bbox 103 5186 1669 5262; baseline -0.003 -18"><span class='ocrx_word' id='word_1_567' title='bbox 103 5206 152 5259; x_wconf 77' lang='lat' dir='ltr'>tre,</span> <span class='ocrx_word' id='word_1_568' title='bbox 166 5207 204 5245; x_wconf 88' lang='lat' dir='ltr'>ne</span> <span class='ocrx_word' id='word_1_569' title='bbox 216 5191 325 5245; x_wconf 86' lang='lat' dir='ltr'>malitia</span> <span class='ocrx_word' id='word_1_570' title='bbox 335 5207 434 5246; x_wconf 86' lang='lat' dir='ltr'>eorum</span> <span class='ocrx_word' id='word_1_571' title='bbox 445 5190 562 5262; x_wconf 87' lang='lat' dir='ltr'>quidem</span> <span class='ocrx_word' id='word_1_572' title='bbox 576 5189 685 5244; x_wconf 91' lang='lat' dir='ltr'>seducti</span> <span class='ocrx_word' id='word_1_573' title='bbox 698 5189 804 5245; x_wconf 86' lang='lat' dir='ltr'>abscin-</span> <span class='ocrx_word' id='word_1_574' title='bbox 853 5191 915 5243; x_wconf 85' lang='lat' dir='ltr'>rate</span> <span class='ocrx_word' id='word_1_575' title='bbox 926 5203 1048 5261; x_wconf 89' lang='lat' dir='ltr'>namque</span> <span class='ocrx_word' id='word_1_576' title='bbox 1061 5189 1167 5259; x_wconf 88' lang='lat' dir='ltr'>quanta</span> <span class='ocrx_word' id='word_1_577' title='bbox 1175 5203 1227 5259; x_wconf 90' lang='lat' dir='ltr'>pro</span> <span class='ocrx_word' id='word_1_578' title='bbox 1240 5186 1417 5243; x_wconf 89' lang='lat' dir='ltr'>absolutione</span> <span class='ocrx_word' id='word_1_579' title='bbox 1428 5187 1519 5243; x_wconf 91' lang='lat' dir='ltr'>nostri</span> <span class='ocrx_word' id='word_1_580' title='bbox 1529 5192 1558 5241; x_wconf 89' lang='lat' dir='ltr'>et</span> <span class='ocrx_word' id='word_1_581' title='bbox 1569 5186 1669 5241; x_wconf 89' lang='lat' dir='ltr'>libera·</span> 
     </span>
     <span class='ocr_line' id='line_1_51' title="bbox 103 5280 1669 5355; baseline -0.005 -17"><span class='ocrx_word' id='word_1_582' title='bbox 103 5284 242 5355; x_wconf 82' lang='lat' dir='ltr'>apropria</span> <span class='ocrx_word' id='word_1_583' title='bbox 254 5284 398 5338; x_wconf 86' lang='lat' dir='ltr'>firmitate.</span> <span class='ocrx_word' id='word_1_584' title='bbox 416 5305 430 5333; x_wconf 93' lang='lat'>«</span> <span class='ocrx_word' id='word_1_585' title='bbox 442 5286 591 5338; x_wconf 83' lang='lat' dir='ltr'>Exacuunt</span> <span class='ocrx_word' id='word_1_586' title='bbox 605 5283 682 5338; x_wconf 91' lang='lat' dir='ltr'>enim</span> <span class='ocrx_word' id='word_1_587' title='bbox 691 5282 803 5353; x_wconf 88' lang='lat' dir='ltr'>linguas</span> <span class='ocrx_word' id='word_1_588' title='bbox 854 5282 930 5337; x_wconf 88' lang='lat' dir='ltr'>tione</span> <span class='ocrx_word' id='word_1_589' title='bbox 953 5283 1079 5347; x_wconf 84' lang='lat' dir='ltr'>Creator,</span> <span class='ocrx_word' id='word_1_590' title='bbox 1110 5281 1303 5353; x_wconf 79' lang='lat' dir='ltr'>[laminasque</span> <span class='ocrx_word' id='word_1_591' title='bbox 1333 5285 1362 5336; x_wconf 88' lang='lat' dir='ltr'>et</span> <span class='ocrx_word' id='word_1_592' title='bbox 1389 5280 1551 5352; x_wconf 87' lang='lat' dir='ltr'>redemptor</span> <span class='ocrx_word' id='word_1_593' title='bbox 1574 5282 1669 5332; x_wconf 89' lang='lat' dir='ltr'>noster</span> 
     </span>
     <span class='ocr_line' id='line_1_52' title="bbox 103 5371 1669 5448; baseline -0.005 -17"><span class='ocrx_word' id='word_1_594' title='bbox 103 5379 144 5432; x_wconf 85' lang='lat' dir='ltr'>ita</span> <span class='ocrx_word' id='word_1_595' title='bbox 159 5377 304 5448; x_wconf 78' lang='lat' dir='ltr'>propheta</span> <span class='ocrx_word' id='word_1_596' title='bbox 320 5393 428 5443; x_wconf 87' lang='lat' dir='ltr'>vocem,</span> <span class='ocrx_word' id='word_1_597' title='bbox 445 5376 518 5432; x_wconf 90' lang='lat' dir='ltr'>sicut</span> <span class='ocrx_word' id='word_1_598' title='bbox 536 5381 694 5448; x_wconf 89' lang='lat' dir='ltr'>serpentes.</span> <span class='ocrx_word' id='word_1_599' title='bbox 710 5376 802 5431; x_wconf 90' lang='lat' dir='ltr'>Vene·</span> <span class='ocrx_word' id='word_1_600' title='bbox 854 5374 1012 5447; x_wconf 88' lang='lat' dir='ltr'>pcrtulerit,</span> <span class='ocrx_word' id='word_1_601' title='bbox 1038 5373 1175 5446; x_wconf 90' lang='lat' dir='ltr'>quibusve</span> <span class='ocrx_word' id='word_1_602' title='bbox 1187 5391 1217 5428; x_wconf 88' lang='lat' dir='ltr'>se</span> <span class='ocrx_word' id='word_1_603' title='bbox 1229 5374 1408 5429; x_wconf 85' lang='lat' dir='ltr'>contumeliis</span> <span class='ocrx_word' id='word_1_604' title='bbox 1420 5371 1600 5427; x_wconf 84' lang='lat' dir='ltr'>afficiendum</span> <span class='ocrx_word' id='word_1_605' title='bbox 1615 5373 1669 5424; x_wconf 89' lang='lat' dir='ltr'>tra-</span> 
     </span>
     <span class='ocr_line' id='line_1_53' title="bbox 103 5463 1668 5542; baseline -0.004 -18"><span class='ocrx_word' id='word_1_606' title='bbox 103 5469 204 5542; x_wconf 91' lang='lat' dir='ltr'>pidum</span> <span class='ocrx_word' id='word_1_607' title='bbox 229 5471 280 5524; x_wconf 89' lang='lat' dir='ltr'>sub</span> <span class='ocrx_word' id='word_1_608' title='bbox 303 5470 384 5525; x_wconf 84' lang='lat' dir='ltr'>labiis</span> <span class='ocrx_word' id='word_1_609' title='bbox 405 5487 505 5526; x_wconf 86' lang='lat' dir='ltr'>eorum</span> <span class='ocrx_word' id='word_1_610' title='bbox 526 5470 609 5539; x_wconf 84' lang='lat' dir='ltr'>(Psoi.</span> <span class='ocrx_word' id='word_1_611' title='bbox 633 5485 721 5536; x_wconf 81' lang='lat' dir='ltr'>cmx,</span> <span class='ocrx_word' id='word_1_612' title='bbox 736 5468 772 5540; x_wconf 76' lang='lat' dir='ltr'>i).</span> <span class='ocrx_word' id='word_1_613' title='bbox 787 5489 802 5519; x_wconf 78' lang='lat' dir='ltr'>r</span> <span class='ocrx_word' id='word_1_614' title='bbox 854 5467 968 5535; x_wconf 89' lang='lat' dir='ltr'>diderit,</span> <span class='ocrx_word' id='word_1_615' title='bbox 983 5472 1014 5525; x_wconf 87' lang='lat' dir='ltr'>ut</span> <span class='ocrx_word' id='word_1_616' title='bbox 1027 5484 1103 5523; x_wconf 89' lang='lat' dir='ltr'>nosa</span> <span class='ocrx_word' id='word_1_617' title='bbox 1117 5467 1235 5523; x_wconf 89' lang='lat' dir='ltr'>vinculis</span> <span class='ocrx_word' id='word_1_618' title='bbox 1247 5467 1392 5540; x_wconf 82' lang='lat' dir='ltr'>potestatis</span> <span class='ocrx_word' id='word_1_619' title='bbox 1406 5464 1551 5520; x_wconf 78' lang='lat' dir='ltr'>diabolice</span> <span class='ocrx_word' id='word_1_620' title='bbox 1564 5463 1668 5519; x_wconf 87' lang='lat' dir='ltr'>libere-</span> 
     </span>
     <span class='ocr_line' id='line_1_54' title="bbox 103 5557 1669 5636; baseline -0.006 -16"><span class='ocrx_word' id='word_1_621' title='bbox 103 5563 213 5636; x_wconf 86' lang='lat' dir='ltr'>·pigeat</span> <span class='ocrx_word' id='word_1_622' title='bbox 232 5581 283 5635; x_wconf 86' lang='lat' dir='ltr'>per</span> <span class='ocrx_word' id='word_1_623' title='bbox 304 5565 471 5636; x_wconf 84' lang='lat' dir='ltr'>temporales</span> <span class='ocrx_word' id='word_1_624' title='bbox 495 5564 635 5619; x_wconf 85' lang='lat' dir='ltr'>cruciatus</span> <span class='ocrx_word' id='word_1_625' title='bbox 657 5578 709 5633; x_wconf 88' lang='lat' dir='ltr'>pro</span> <span class='ocrx_word' id='word_1_626' title='bbox 727 5562 804 5618; x_wconf 89' lang='lat' dir='ltr'>Chri·</span> <span class='ocrx_word' id='word_1_627' title='bbox 854 5565 908 5618; x_wconf 89' lang='lat' dir='ltr'>ret.</span> <span class='ocrx_word' id='word_1_628' title='bbox 923 5561 1069 5619; x_wconf 76' lang='lat' dir='ltr'>Attendite</span> <span class='ocrx_word' id='word_1_629' title='bbox 1080 5561 1178 5632; x_wconf 87' lang='lat' dir='ltr'>itaque</span> <span class='ocrx_word' id='word_1_630' title='bbox 1193 5560 1271 5617; x_wconf 90' lang='lat' dir='ltr'>vobis</span> <span class='ocrx_word' id='word_1_631' title='bbox 1285 5558 1402 5616; x_wconf 92' lang='lat' dir='ltr'>etomni</span> <span class='ocrx_word' id='word_1_632' title='bbox 1416 5557 1496 5630; x_wconf 83' lang='lat' dir='ltr'>gregi</span> <span class='ocrx_word' id='word_1_633' title='bbox 1507 5557 1538 5612; x_wconf 91' lang='lat' dir='ltr'>iu</span> <span class='ocrx_word' id='word_1_634' title='bbox 1550 5572 1609 5629; x_wconf 90' lang='lat' dir='ltr'>quo</span> <span class='ocrx_word' id='word_1_635' title='bbox 1620 5573 1669 5612; x_wconf 88' lang='lat' dir='ltr'>vos</span> 
     </span>
     <span class='ocr_line' id='line_1_55' title="bbox 103 5650 1668 5727; baseline -0.003 -15"><span class='ocrx_word' id='word_1_636' title='bbox 103 5657 164 5712; x_wconf 81' lang='lat' dir='ltr'>sine</span> <span class='ocrx_word' id='word_1_637' title='bbox 189 5657 330 5721; x_wconf 84' lang='lat' dir='ltr'>laborare,</span> <span class='ocrx_word' id='word_1_638' title='bbox 356 5657 407 5712; x_wconf 90' lang='lat' dir='ltr'>sed</span> <span class='ocrx_word' id='word_1_639' title='bbox 424 5657 617 5712; x_wconf 86' lang='lat' dir='ltr'>emolumenta</span> <span class='ocrx_word' id='word_1_640' title='bbox 635 5656 739 5711; x_wconf 77' lang='lat' dir='ltr'>lutura</span> <span class='ocrx_word' id='word_1_641' title='bbox 757 5671 803 5711; x_wconf 88' lang='lat' dir='ltr'>re-</span> <span class='ocrx_word' id='word_1_642' title='bbox 855 5676 870 5705; x_wconf 91' lang='lat'>«</span> <span class='ocrx_word' id='word_1_643' title='bbox 883 5655 1002 5727; x_wconf 83' lang='lat' dir='ltr'>Spiritus</span> <span class='ocrx_word' id='word_1_644' title='bbox 1016 5653 1285 5711; x_wconf 80' lang='lat' dir='ltr'>sanatusconstituit</span> <span class='ocrx_word' id='word_1_645' title='bbox 1298 5652 1445 5725; x_wconf 85' lang='lat' dir='ltr'>episcopos</span> <span class='ocrx_word' id='word_1_646' title='bbox 1461 5666 1560 5722; x_wconf 87' lang='lat' dir='ltr'>regere</span> <span class='ocrx_word' id='word_1_647' title='bbox 1574 5650 1668 5707; x_wconf 89' lang='lat' dir='ltr'>Eccle-</span> 
     </span>
     <span class='ocr_line' id='line_1_56' title="bbox 103 5742 1670 5826; baseline -0.005 -19"><span class='ocrx_word' id='word_1_648' title='bbox 103 5751 196 5807; x_wconf 82' lang='lat' dir='ltr'>itionis</span> <span class='ocrx_word' id='word_1_649' title='bbox 218 5752 304 5826; x_wconf 76' lang='lat' dir='ltr'>lauJus</span> <span class='ocrx_word' id='word_1_650' title='bbox 318 5752 413 5809; x_wconf 77' lang='lat' dir='ltr'>saculi</span> <span class='ocrx_word' id='word_1_651' title='bbox 427 5751 589 5808; x_wconf 81' lang='lat' dir='ltr'>vexationes</span> <span class='ocrx_word' id='word_1_652' title='bbox 604 5750 725 5807; x_wconf 86' lang='lat' dir='ltr'>tolerare</span> <span class='ocrx_word' id='word_1_653' title='bbox 738 5762 803 5826; x_wconf 86' lang='lat' dir='ltr'>per·</span> <span class='ocrx_word' id='word_1_654' title='bbox 855 5747 926 5806; x_wconf 87' lang='lat' dir='ltr'>siam</span> <span class='ocrx_word' id='word_1_655' title='bbox 947 5749 995 5806; x_wconf 85' lang='lat' dir='ltr'>Dei</span> <span class='ocrx_word' id='word_1_656' title='bbox 1009 5748 1080 5819; x_wconf 78' lang='lat' dir='ltr'>(Act.</span> <span class='ocrx_word' id='word_1_657' title='bbox 1102 5764 1148 5815; x_wconf 84' lang='lat' dir='ltr'>rx,</span> <span class='ocrx_word' id='word_1_658' title='bbox 1171 5748 1226 5818; x_wconf 78' lang='lat'>28),</span> <span class='ocrx_word' id='word_1_659' title='bbox 1242 5767 1256 5795; x_wconf 78' lang='lat' dir='ltr'>o</span> <span class='ocrx_word' id='word_1_660' title='bbox 1280 5761 1365 5819; x_wconf 86' lang='lat' dir='ltr'>quam</span> <span class='ocrx_word' id='word_1_661' title='bbox 1384 5742 1533 5819; x_wconf 84' lang='lat' dir='ltr'>acquisivit</span> <span class='ocrx_word' id='word_1_662' title='bbox 1553 5745 1670 5819; x_wconf 89' lang='lat' dir='ltr'>proprio</span> 
     </span>
    </p>
   </div>
   <div class='ocr_carea' id='block_1_18' title="bbox 0 0 1940 6148">
    <p class='ocr_par' dir='ltr' id='par_1_19' title="bbox 0 0 1940 6148">
     <span class='ocr_line' id='line_1_57' title="bbox 0 0 1940 6148; baseline 0 0"><span class='ocrx_word' id='word_1_663' title='bbox 0 0 1940 6148; x_wconf 95' lang='lat' dir='ltr'> </span> 
     </span>
    </p>
   </div>
  </div>
 </body>
</html>
