3870 6150
121 196 173 252 Μ
571 195 710 251 ΑΡΡΕΝΙ).
732 195 775 251 ΑΙ)
794 196 875 252 SAEC.
896 196 939 251 lx.
951 225 985 235 -
1004 192 1129 271 lsluoul
1148 190 1360 249 uuuctrotus
1761 188 1811 246 art

123 321 217 377 neque
229 302 316 376 hujus
334 302 471 359 unitionis
489 303 613 360 soliditas
630 304 690 360 ulla
703 304 792 377 possit
802 305 941 362 divisione
952 319 980 393 Α
991 320 1031 360 cae
1046 308 1075 359 et
1086 302 1246 375 apostolico
1260 300 1407 370 doctrinae,
1420 304 1454 356 ut
1468 298 1567 368 audio,
1583 297 1738 365 resultare,
1750 316 1807 355 exa·

122 397 244 469 sejungi,
269 397 474 452 exaltationem
497 402 594 453 tamen
618 415 675 471 qua
700 398 783 455 illum
810 399 942 455 exaltavit
992 397 1112 470 gitando
1123 395 1449 464 seditionibuscivitates,
1458 393 1661 450 conturbando
1673 395 1809 459 ecelesias,

123 493 206 558 Deus,
218 494 246 545 et
259 490 376 545 donavit
390 490 431 545 illi
440 507 548 547 nomen
558 492 637 564 quod
650 498 692 548 est
701 509 788 565 super
797 510 882 549 omnc
893 510 942 548 no
992 509 1045 548 nec
1058 493 1151 547 solum
1167 490 1298 561 injurias,
1313 489 1460 545 sedetiam
1473 488 1567 544 caedes
1578 487 1756 559 presbyteris
1770 494 1810 545 at-

122 601 189 639 man
203 583 325 652 excellit,
335 584 371 639 ad
385 601 448 639 earn
464 585 650 658 intelligimus
661 588 805 658 pertinere
818 589 942 643 formam
993 602 1050 658 que
1065 584 1204 657 episcopis
1225 583 1387 653 inferendo,
1402 586 1435 638 ut
1455 599 1514 654 pras
1536 583 1637 637 furore
1659 587 1689 636 et
1712 582 1811 638 sautia

122 694 186 749 qua
200 677 320 732 ditanda
334 683 396 733 erat
410 680 496 734 tanta
510 679 726 750 glorificationis
736 685 901 753 augmento.
912 683 942 737 ln
993 678 1130 752 propositi
1138 679 1233 747 vestri,
1251 682 1279 733 et
1291 677 1472 750 professionis
1484 677 1545 732 sitis
1556 676 1755 732 immemores.
1763 677 1809 732 Ubi

123 772 216 827 torma
228 771 334 844 quippe
347 772 397 828 Dei
412 774 531 845 aequalis
547 779 608 829 erat
625 775 712 830 Filius
723 775 810 844 Patri,
827 779 856 831 et
868 776 944 832 inter
994 778 1036 829 est
1048 773 1147 844 regula
1160 771 1386 828 mansuetudinis
1399 774 1428 826 et
1444 770 1556 843 quietis,
1572 770 1624 825 ubi
1642 769 1809 841 longanimi·

124 865 283 938 genitorem
298 869 384 938 atque
401 866 583 938 unigenitum
601 869 680 924 nulla
698 872 760 925 erat
780 869 809 925 in
823 870 944 925 essentia
993 873 1035 922 tas
1049 867 1202 939 patientia,
1214 866 1265 920 ubi
1279 866 1468 937 tranquillitas
1481 865 1568 936 pacis,
1581 864 1634 919 uhi
1647 863 1808 920 firmamen-

123 959 265 1027 discretio,
282 959 361 1015 nulla
376 960 406 1014 in
421 961 570 1032 majestate
589 962 747 1029 diversitas,
765 980 819 1018 nec
833 980 885 1034 per
896 963 943 1018 in·
994 965 1055 1017 tum
1066 960 1227 1016 dilectionis
1242 963 1271 1015 et
1285 959 1443 1015 tolerantiae
1460 958 1600 1014 fortitudo
1612 958 1627 1013 ‘3
1641 958 1714 1023 Quas
1725 959 1810 1013 rosab

122 1053 295 1108 carnationis
318 1055 488 1125 mysterium
524 1055 634 1126 aliquid
660 1057 819 1112 decesserat
852 1057 943 1112 Verbo
995 1055 1145 1126 Evangelio
1160 1054 1263 1112 Christi
1286 1057 1336 1109 ant
1350 1052 1496 1125 persuasio
1513 1052 1634 1108 abduxit
1654 1058 1707 1108 aut
1723 1069 1809 1124 perse·

124 1146 203 1217 quod
213 1146 239 1200 ei
247 1147 463 1202 Patrismunere
472 1148 650 1205 redderetur.
666 1151 769 1205 Forma
781 1155 878 1206 autern
889 1167 944 1206 ser-
993 1151 1069 1205 cutio
1091 1149 1256 1221 separavit?
1279 1147 1323 1202 vel
1346 1164 1410 1218 quae
1424 1151 1502 1202 tauta
1515 1146 1627 1202 exstitit
1648 1146 1811 1218 decipientis

124 1240 151 1294 vi
162 1256 312 1313 perquam
325 1241 505 1313 impassibilis
514 1242 604 1298 deitas
612 1248 822 1300 sacramentum
831 1262 944 1316 magnae
994 1244 1109 1312 astutia,
1127 1247 1158 1297 ul
1170 1243 1251 1299 obliti
1263 1242 1478 1314 prophetarum,
1487 1241 1811 1312 ctapostolorum‚obliti

125 1333 241 1404 pietatis
256 1333 394 1406 implerit,
409 1336 535 1391 humana
548 1337 694 1393 humilitas
706 1344 758 1407 est,
772 1345 801 1393 et
815 1338 945 1409 ingloria
994 1337 1114 1409 symboli
1129 1337 1269 1405 salutaris,
1284 1342 1313 1391 et
1327 1334 1513 1391 confessionis
1526 1352 1586 1407 qua
1595 1335 1812 1407 pronuntiantes

124 1427 944 1503 divinaepotestatisereclaestintantamunitatemabipso
994 1448 1091 1487 coram
1101 1430 1541 1486 multistestibussacramentum
1549 1428 1693 1501 baptismi
1701 1429 1812 1500 suscepi

124 1525 265 1593 conceptu
280 1522 399 1594 virginis
410 1524 516 1579 deitate
531 1528 560 1579 et
573 1526 755 1581 humanitate
767 1542 907 1596 connexa,
914 1530 946 1582 ut
995 1527 1054 1593 stis,
1066 1524 1212 1580 diabolicis
1221 1541 1271 1579 vos
1278 1523 1455 1578 illusionibus
1468 1522 1651 1578 subderetis?
1661 1523 1738 1587 Quid
1747 1523 1810 1595 apud

125 1632 177 1670 nec
189 1615 250 1670 sine
264 1616 380 1672 homine
397 1617 504 1685 divina,
516 1635 569 1674 nec
583 1619 644 1674 sine
660 1621 716 1675 Deo
729 1624 885 1693 agerentur
894 1621 946 1676 bu·
995 1636 1044 1675 vos
1056 1623 1161 1674 acturas
1177 1618 1292 1674 fuerant
1304 1617 1430 1690 ungulae,
1450 1617 1519 1688 quid
1533 1633 1609 1671 saeva
1625 1617 1812 1687 tormentati

126 1726 220 1765 mana.
238 1712 357 1782 Propter
372 1712 448 1783 quod
469 1713 541 1768 sieut
556 1713 693 1769 Dominus
706 1714 861 1785 majestatis
875 1714 942 1770 dici·
953 1707 983 1780 B
994 1713 1031 1767 ad
1051 1712 1271 1784 expugnandam
1286 1711 1352 1767 fidei
1377 1713 1476 1765 vestrae
1491 1709 1697 1781 integritatem
1712 1715 1810 1766 tantan

125 1807 172 1858 tur
185 1803 345 1872 crucifixus,
361 1805 401 1860 ita
413 1806 463 1878 qui
480 1823 512 1862 ex
532 1807 756 1879 sempiternitate
769 1808 886 1880 aequalis
902 1810 946 1863 est
994 1824 1067 1861 rana
1081 1806 1283 1861 lraereticorum
1296 1808 1460 1860 commenta
1474 1804 1614 1859 valuere?
1628 1805 1685 1859 Pro
1696 1805 1754 1859 fide
1771 1821 1810 1860 soa

125 1898 191 1965 Deo,
206 1897 310 1953 dicitur
328 1899 475 1956 exaltatus.
491 1902 546 1957 Nec
561 1901 682 1958 interest.
700 1919 734 1958 ex
748 1919 803 1974 qua
818 1901 945 1958 Christus
994 1917 1080 1972 agere
1092 1900 1217 1966 credilis,
1234 1903 1263 1954 et
1282 1899 1350 1954 lidei
1364 1897 1529 1961 contraitis3
1552 1898 1692 1953 Ecclesiae
1705 1898 1809 1954 nomine

125 1991 281 2047 substantia
296 1994 471 2064 nominetur,
486 2012 551 2050 cum
567 1996 796 2067 inseparabiliter
808 2000 944 2051 manante
994 1995 1157 2061 armamini,
1182 1997 1212 2047 et
1233 1998 1333 2049 contra
1355 1993 1510 2049 Ecclesiam
1539 1991 1702 2048 dimicatis.
1726 1994 1809 2048 lloca

126 2085 233 2140 unitate
248 2103 387 2158 persona,
399 2088 477 2143 idem
487 2089 522 2143 sit
534 2094 563 2145 et
575 2089 864 2145 totusbominislrlius
876 2107 943 2161 pro·
994 2088 1151 2160 prophetis,
1168 2088 1222 2143 hoc
1246 2087 1281 2142 ab
1295 2085 1486 2158 evangelistis,
1505 2086 1558 2140 hoc
1575 2085 1613 2140 ab
1625 2086 1765 2157 apostolis
1773 2086 1808 2141 di·

126 2183 189 2250 pter
201 2196 330 2247 carnem,
346 2185 376 2235 et
389 2185 466 2237 totus
479 2183 530 2238 Dei
546 2183 633 2238 Filius
647 2189 765 2256 propter
779 2200 865 2239 unam
878 2200 944 2239 cum
995 2182 1111 2249 dicistis,
1125 2187 1159 2237 ut
1173 2184 1312 2252 negantes
1326 2180 1429 2236 Christi
1441 2195 1568 2248 carnem,
1583 2183 1614 2234 et
1627 2180 1725 2252 ipsam
1739 2179 1809 2235 Verbi

123 2274 208 2327 Patre
231 2272 380 2330 deitatem.
394 2276 540 2347 Quidquid
560 2293 629 2349 ergo
642 2277 672 2332 in
694 2278 946 2350 temporeaccepit
994 2277 1147 2331 essentiam
1172 2276 1297 2347 passioni
1322 2275 1464 2346 mortique
1491 2273 1663 2340 subdentes,
1700 2274 1808 2329 alienam

124 2366 262 2437 Christus,
279 2368 437 2424 secundum
460 2370 609 2426 hominem
628 2371 746 2442 accepit,
769 2372 871 2444 cuique
887 2389 943 2426 non
993 2370 1101 2425 faciatis
1115 2373 1330 2425 nostramasuo
1343 2371 1808 2441 reparatorenaturam,totumqus

125 2461 227 2516 habuit
236 2462 431 2520 conferuntur.
441 2465 512 2519 Nam
525 2465 683 2521 secundum
693 2465 851 2537 potentiam
861 2466 943 2522 Verbi
994 2464 1070 2536 quod
1084 2481 1152 2520 crux
1172 2464 1278 2531 intulit,
1293 2463 1371 2535 quod
1384 2463 1483 2517 lancea
1496 2463 1673 2532 vulneravit,
1687 2463 1762 2534 quod
1773 2479 1805 2517 se·

19 2634 22 2639 ¹
127 2554 326 2612 indifferenter
341 2558 438 2613 omnia
458 2560 623 2630 quaehabet
638 2561 732 2627 Pater,
748 2560 835 2616 etiam
857 2561 944 2616 Filius
994 2559 1085 2629 pulcri
1106 2558 1178 2629 lapis
1200 2557 1325 2629 suscepit
1339 2561 1367 2612 et
1387 2556 1513 2612 reddidit
1531 2558 1626 2611 solum
1650 2556 1738 2613 luisse
1750 2573 1806 2628 opos

125 2649 220 2718 babet,
241 2653 348 2722 atquae
363 2652 393 2706 in
404 2653 497 2709 forma
507 2654 609 2708 servia
623 2655 705 2709 Patre
720 2654 943 2726 accepit‚eadem
994 2653 1096 2708 divina
1116 2653 1263 2724 potentia,
1282 2668 1338 2706 non
1359 2651 1446 2706 etiam
1461 2651 1638 2706 humilitatis
1660 2652 1805 2707 humanat

125 2743 155 2797 in
172 2743 264 2798 lorma
275 2745 365 2800 Patris
380 2747 464 2801 eliam
480 2747 541 2819 ipse
561 2747 686 2817 donarit,
706 2751 735 2802 et
748 2747 826 2803 idem
843 2748 904 2820 ipse
917 2752 945 2803 et
995 2749 1112 2819 Propter
1126 2762 1215 2819 quam
1225 2746 1373 2817 Apostolus
1387 2744 1471 2800 dicit:
1485 2765 1498 2796 a
1510 2745 1572 2799 Non
1589 2745 1672 2800 eninr
1686 2746 1804 2801 erubeseo

125 2835 528 2912 divesatpauper.Dives‚quia
536 2863 549 2890 «
556 2841 586 2896 in
595 2841 736 2913 principio
743 2842 943 2909 eratVerbum,
994 2842 1181 2912 Evangelium
1205 2840 1289 2909 (Rani.
1307 2856 1327 2908 1,
1351 2841 1403 2910 to),
1419 2861 1432 2888 »
1450 2839 1587 2910 quoniam
1603 2845 1725 2896 noverat
1737 2839 1803 2912 quale

126 2933 155 2982 et
168 2930 290 2985 Verbum
299 2933 442 3004 eratapud
452 2935 585 3002 Deum,et
593 2936 736 2990 Deusarat
746 2935 881 2991 Verbum.
889 2937 944 2991 tloc
994 2934 1158 2990 Christianis
1178 2934 1348 3005 objiceretur
1368 2932 1556 3004 opprobrium
1580 2933 1617 2988 ab
1638 2934 1766 2990 inimicis.
1778 2933 1802 2986 Et

127 3023 229 3079 eratin
243 3023 383 3096 principio
396 3027 474 3098 apud
487 3028 576 3083 lleum
587 3045 595 3096 ;
605 3028 862 3101 omniaperipsnm
872 3030 943 3085 tacta
995 3028 1060 3083 ideo
1073 3028 1208 3083 llominus
1219 3027 1437 3099 protestabatur,
1453 3027 1570 3082 dicens:
1586 3050 1600 3076 a
1616 3027 1676 3093 Qui
1690 3045 1736 3084 me
1748 3045 1800 3082 coo-

126 3119 202 3184 sunt,
217 3122 246 3173 et
259 3118 320 3173 sine
339 3120 400 3191 ipso
412 3121 520 3177 tactum
540 3126 583 3176 est
599 3122 672 3176 nihil
694 3125 780 3192 (locun.
796 3139 815 3191 1,
834 3126 910 3193 l-3);
927 3146 940 3174 »
953 3087 980 3164 C
994 3123 1084 3177 tessus
1098 3123 1185 3177 inerit
1197 3138 1292 3177 coram
1308 3121 1483 3187 hominibus,
1499 3126 1527 3175 et
1540 3138 1597 3193 ego
1612 3123 1766 3178 confitebor
1776 3122 1800 3175 il·

125 3227 235 3283 pauper
256 3228 335 3280 rero,
358 3214 424 3285 quia
443 3234 457 3268 a
481 3216 604 3270 Verbum
632 3232 697 3271 earo
716 3217 822 3272 sactum
846 3222 898 3283 est,
917 3223 946 3273 et
995 3217 1052 3270 lum
1067 3232 1162 3271 coram
1172 3218 1254 3271 Patre
1269 3233 1334 3271 meo
1347 3215 1454 3285 (Mettis.
1471 3231 1497 3282 r,
1513 3217 1569 3285 (tr).
1588 3238 1602 3265 o
1619 3216 1654 3270 lli
1669 3216 1745 3272 enim
1758 3230 1800 3269 non

128 3304 264 3361 habitarit
283 3307 313 3362 iu
335 3308 416 3363 nobis
441 3310 527 3377 (loon.
540 3327 560 3377 1,
585 3310 638 3379 ll).
654 3332 668 3360 o
696 3310 767 3375 Quae
786 3315 882 3367 autem
903 3316 946 3366 cst
994 3316 1079 3365 erunt
1093 3310 1173 3381 digni
1188 3309 1363 3365 confessione
1376 3309 1437 3363 Filii
1452 3314 1479 3364 et
1499 3309 1601 3378 Patris,
1621 3310 1800 3382 quibusnam

125 3399 186 3469 ejus
200 3400 367 3471 exinanitio,
381 3419 481 3475 quasve
493 3403 823 3475 paupertas,nisiformae
836 3405 944 3460 servilis
994 3422 1060 3459 caro
1081 3403 1184 3460 Christi
1209 3403 1409 3459 verecundiam
1430 3402 1506 3469 tacit,
1536 3403 1758 3477 probabuntque
1778 3419 1800 3455 se

125 3495 260 3566 acceptio,
276 3512 330 3567 per
345 3513 431 3568 quam
448 3498 532 3553 Verbi
546 3499 695 3570 majestate
708 3500 811 3567 velata,
827 3500 943 3571 dispen-
994 3499 1102 3552 nullam
1114 3498 1150 3552 de
1163 3498 1241 3569 ligno
1255 3497 1345 3552 crucis
1356 3497 1508 3567 sumpsisse
1520 3497 1673 3565 virtutem,
1682 3499 1729 3570 qui
1740 3494 1799 3568 quod

125 3587 195 3643 satio
210 3589 346 3645 humanae
368 3592 573 3663 redemptionis
587 3593 704 3664 impleta
723 3598 774 3649 est.
789 3595 861 3648 Nam
876 3593 944 3665 quia
995 3592 1206 3663 praeferendum
1221 3591 1364 3647 frontibus
1386 3595 1569 3662 acceperunt,
1587 3609 1723 3662 promere
1738 3590 1800 3646 labiis

125 3681 265 3753 captivata
286 3690 389 3740 nostrae
404 3687 504 3741 resolvi
519 3687 670 3757 originalia
693 3687 804 3743 vincula
818 3704 875 3743 non
890 3704 943 3759 po·
994 3685 1174 3741 crubescunt.
1188 3686 1341 3749 Declinatc,
1356 3685 1416 3751 lilii,
1432 3685 1466 3740 ab
1481 3685 1692 3741 hisdiaholicis
1704 3700 1798 3758 persua-

125 3779 231 3846 terant,
245 3782 275 3832 et
293 3777 329 3833 ab
344 3779 433 3834 bostis
450 3780 571 3852 imperio
593 3781 726 3850 relaxari,
742 3781 794 3836 nisi
809 3781 944 3837 existeret
994 3780 1130 3848 sionibus,
1145 3780 1295 3835 declinate.
1318 3779 1473 3834 Veritatem
1493 3778 1543 3832 uei
1560 3779 1642 3834 nulla
1668 3779 1798 3836 ressiolu.

125 3869 211 3925 homo
224 3872 316 3927 nostri
329 3874 451 3944 generis,
472 3880 632 3946 nostroque
646 3878 755 3930 naturai
770 3892 856 3947 quem
870 3880 944 3930 veta·
994 3873 1157 3929 sedveritus
1171 3890 1224 3928 nos
1235 3873 1290 3927 nisi
1304 3873 1335 3927 in
1350 3876 1448 3928 nostra
1463 3888 1549 3927 carne
1565 3888 1626 3928 non
1636 3872 1799 3929 salvitate

125 3963 163 4018 ris
175 3965 264 4021 debiti
278 3967 446 4038 prejudicio
466 3986 525 4024 non
539 3972 679 4035 tenerent,
693 3973 722 4024 et
743 3970 792 4040 qui
807 3968 944 4024 immacu·
994 3968 1062 4022 ritas
1088 3967 1193 4039 quippe
1212 3967 1295 4039 (sicut
1314 3967 1456 4038 propheta
1477 3966 1524 4036 ait)
1548 3966 1680 4022 deterre
1702 3970 1755 4023 orb
1767 3967 1799 4018 est

124 4058 180 4114 lato
199 4060 340 4132 sanguiue
364 4077 415 4116 auo
433 4062 658 4134 chirographum
682 4061 787 4117 lethale
811 4062 941 4130 dilueret,
994 4062 1076 4129 (Paul.
1093 4077 1202 4130 cxxxiv,
1225 4062 1308 4129 12),u
1332 4065 1361 4115 et
1376 4061 1417 4116 sic
1431 4059 1554 4114 Verbum
1575 4058 1797 4131 blariaconcepit.

124 4151 196 4205 sicut
210 4152 245 4206 ab
260 4152 341 4207 initio
355 4157 418 4208 erat
434 4154 570 4210 divinitus
581 4155 821 4226 preordinatum,
837 4160 866 4209 et
877 4172 941 4225 pro-
992 4159 1025 4209 ul
1040 4155 1195 4211 uniendam
1218 4154 1272 4209 sibi
1292 4171 1408 4210 carnem
1427 4154 1527 4209 desua
1548 4154 1714 4211 substantia
1729 4152 1797 4210 mini·

125 4245 277 4315 phalarum
290 4247 410 4302 oraculis
425 4249 660 4319 praenuntiatum,
672 4249 712 4304 ita
725 4253 767 4303 est
781 4249 810 4302 in
823 4248 942 4319 plenitu·
993 4252 1104 4316 staret,
1117 4230 1170 4304 nec
1182 4265 1247 4303 cum
1261 4248 1420 4319 adjectione
1439 4264 1579 4319 personas,
1601 4265 1659 4304 nec
1671 4266 1733 4305 cum
1745 4262 1796 4303 evu-

125 4338 191 4393 dine
216 4339 350 4409 praefiniti
375 4342 513 4412 temporis
535 4342 652 4408 tactum,
675 4347 707 4398 ut
726 4343 822 4398 multis
840 4344 941 4413 modis,
993 4343 1122 4398 eratione
1136 4345 1256 4408 natura,
1271 4342 1406 4415 quoniam
1415 4341 1464 4413 qni
1480 4345 1543 4396 erat
1556 4342 1587 4397 in
1600 4343 1699 4400 forma
1708 4342 1760 4403 oei.
1768 4340 1796 4394 ita

125 4431 281 4504 significata
303 4434 455 4505 promissio
477 4435 505 4489 in
535 4436 583 4490 diu
614 4439 809 4508 exspectatum
834 4437 981 4534 veniretD
993 4437 1100 4508 accepit
1114 4437 1236 4492 sormam
1252 4436 1333 4503 sarri,
1351 4439 1383 4491 ut
1400 4452 1475 4490 uuus
1487 4439 1574 4506 atque
1587 4435 1668 4493 idam
1682 4437 1711 4492 in
1722 4438 1795 4492 torma

124 4526 267 4598 effectum,
285 4545 338 4583 nec
353 4535 448 4600 posset
460 4529 788 4603 esseambiguum‚quod
801 4532 943 4588 continuis
996 4535 1113 4603 utraque
1140 4530 1177 4585 sit
1197 4530 1324 4587 Christus
1351 4530 1504 4585 inclinante
1525 4545 1556 4584 se
1582 4530 1643 4586 lico
1669 4525 1794 4603 usquead

124 4622 379 4695 significationibus
403 4640 517 4696 semper
533 4624 627 4679 fuerat
638 4624 810 4681 nuntiatum.
833 4627 944 4681 Destru·
995 4624 1095 4679 intima
1119 4624 1254 4693 hominis,
1275 4627 1305 4679 et
1327 4624 1493 4695 proliciente
1519 4623 1641 4678 homine
1665 4617 1793 4697 usquead

124 4717 175 4771 ctis
196 4717 292 4790 itaque
304 4723 346 4773 tot
367 4718 534 4785 haeresibus,
558 4735 621 4790 quae
643 4736 696 4790 per
710 4723 836 4775 sanctam
856 4720 942 4774 devo·
995 4733 1110 4773 summa
1120 4718 1245 4784 deitatis,
1254 4717 1368 4773 dicente
1381 4717 1535 4788 Apostolo:
1551 4740 1565 4766 a
1580 4719 1709 4782 Quorum
1718 4720 1794 4773 rara

124 4811 232 4866 tionem
246 4812 460 4883 presidentium
479 4815 593 4868 Patrum
608 4829 625 4868 a
640 4828 758 4885 corpore
771 4818 838 4868 suut
851 4814 944 4869 cattio
994 4816 1063 4866 etex
1073 4811 1175 4882 quibus
1186 4809 1477 4867 Christussecundurn
1486 4826 1614 4878 carnem,
1623 4812 1794 4884 quiestsuper

123 4905 185 4959 licae
214 4904 332 4960 unitatis
361 4906 492 4962 abscissio
524 4923 644 4979 quaeque
678 4907 742 4963 ideo
770 4911 899 4962 extorres
926 4925 942 4962 a
995 4903 1792 4974 omniaiieusbenedictusinsaeculalilom.1x,5).ohmeu.

123 4998 234 5054 Christo
259 5015 319 5055 esse
341 5017 483 5067 meruere,
511 5001 579 5074 quia
598 5001 682 5056 Verbi
704 5000 941 5069 incarnationem,
1119 4998 1194 5053 XLll.
1210 5029 1245 5040 -
1261 4999 1305 5055 Ad
1321 4998 1511 5054 Theodericum
1524 5001 1692 5070 episcopiam.

123 5109 189 5165 quae
202 5092 356 5166 singularis
375 5097 417 5149 est
431 5099 507 5150 recte
522 5095 698 5150 credentium
715 5096 798 5162 salus,
814 5096 944 5151 feceruut
1031 5094 1087 5149 Lao
1104 5094 1278 5153 Taronoarco
1293 5093 1427 5164 episcopo
1443 5092 1477 5147 ds
1499 5091 1569 5147 fidei
1588 5089 1791 5164 perseverantia

123 5186 202 5242 sibi«
218 5187 342 5260 lapidem
359 5188 533 5257 offensionis,
552 5194 580 5244 et
593 5195 706 5260 petram
720 5189 845 5244 scandali
857 5189 941 5258 (Rom.
1030 5187 1234 5244 Remeantibus
1249 5187 1284 5242 ad
1299 5202 1352 5242 nos
1373 5186 1507 5241 fratribus
1523 5190 1553 5240 et
1567 5183 1793 5244 consacerdotibus

122 5299 159 5350 rx,
174 5282 229 5354 36),
244 5303 258 5332 u
281 5281 371 5337 miror
380 5283 561 5339 dilectionem
572 5288 696 5339 vestram
710 5282 740 5338 in
754 5283 943 5338 discernendo
995 5282 1099 5336 uostris
1113 5282 1192 5354 quod
1203 5280 1239 5335 ad
1250 5285 1379 5336 sanctum
1394 5280 1546 5336 concilium
1555 5281 1640 5336 sedes
1655 5273 1792 5337 beatil’etn'
1840 5274 1842 5279 '

122 5375 248 5433 veritatis
261 5375 368 5432 lumine
381 5376 518 5444 laborare,
540 5382 569 5432 et
583 5394 647 5432 cum
667 5375 764 5432 multis
778 5376 941 5432 manifesta·
994 5376 1107 5443 direxit,
1124 5374 1295 5446 agnovimus
1308 5374 1490 5430 dilectionem
1505 5377 1584 5430 tuam
1598 5391 1722 5447 superno
1731 5370 1792 5440 adju·
1840 5406 1842 5411 ·

123 5470 248 5527 tionibus
259 5471 437 5527 declaratum
451 5471 496 5541 sit,
511 5487 598 5542 quam
612 5474 689 5526 recte
702 5474 731 5525 et
742 5469 903 5525 Nestorium
915 5474 943 5526 et
993 5469 1064 5524 torio
1091 5468 1240 5524 nobiscnm
1267 5472 1325 5523 tam
1348 5467 1519 5523 Nestoriauae
1539 5468 1709 5540 impietatis,
1726 5475 1793 5539 quam

123 5565 260 5620 Eutichen
276 5566 485 5636 cum-Dioscoro
499 5564 570 5619 tides
582 5563 742 5629 Christiana
754 5564 941 5634 damnaverit,
993 5564 1168 5619 dulichianus
1186 5563 1306 5618 vesanias
1327 5561 1467 5618 exstitisse
1486 5561 1644 5620 victricem.
1658 5564 1735 5621 Unda
1745 5558 1793 5630 abr

123 5674 174 5713 nec
187 5659 366 5716 Christianus
380 5661 470 5732 possit
482 5658 587 5725 vocari
607 5657 656 5730 qui
669 5658 712 5713 ret
725 5657 811 5726 illius,
831 5658 875 5714 vel
889 5658 941 5714 bo·
992 5657 1137 5713 riamurin
1146 5658 1267 5713 llomino
1275 5674 1341 5712 cum
1349 5656 1492 5729 Propheta
1499 5660 1666 5714 cantantes:
1677 5682 1692 5708 a
1703 5656 1794 5728 idua

118 5767 184 5806 rum
193 5752 335 5824 impietati
349 5755 460 5828 prabet
470 5770 628 5808 assensum.
640 5752 727 5808 Doleo
741 5768 789 5807 vos
802 5753 942 5824 evangeli·
993 5751 1067 5807 nium
1084 5754 1214 5808 nostrum
1235 5751 1263 5806 in
1280 5750 1397 5807 nominc
1419 5749 1541 5818 Domini,
1560 5750 1612 5824 qui
1632 5751 1698 5811 tecit
1709 5749 1794 5807 colun
