3870 6150
58 267 82 318 tt
682 252 921 316 DECRETALlUlt
940 259 1133 316 COLLECTlO.
1703 267 1738 322 62

57 375 148 426 autem
154 368 438 426 totinsheternitatis
446 366 601 424 multitudo
610 368 647 425 ait
654 368 767 424 similis.
776 370 872 440 lpsum
882 381 913 455 Α
922 376 1019 426 autem
1032 369 1225 426 misericordia
1234 370 1375 442 judicium
1386 371 1453 443 (Juc.
1466 388 1496 440 ιι,
1510 373 1562 444 ιθ),
1578 392 1593 422 ι
1607 372 1740 429 etDomi·

56 479 168 535 qnoque
182 478 266 518 mare
280 461 620 519 hicmundushabeatur.
634 463 792 518 Ventorum
803 478 871 518 vero
922 479 976 518 nus
987 462 1027 526 ait
1046 479 1053 517 ι
1077 484 1091 514 «
1112 463 1181 518 Nolo
1198 469 1320 520 mortem
1340 465 1505 537 peccatoris,
1530 466 1580 521 sed
1595 468 1627 521 ut
1646 466 1739 537 magis

54 557 207 611 varietates
221 558 250 612 et
261 555 412 611 turbinum
426 556 544 611 diversis
557 555 763 611 tentationibus
779 555 873 611 conie-
921 558 1113 624 convertatur,
1134 558 1164 610 et
1176 556 1253 611 vivat
1270 557 1371 627 (Erech.
1387 574 1482 627 xxxru,
1499 558 1554 628 tt).
1570 576 1584 610 a
1600 560 1634 614 Et
1648 560 1738 615 multa

52 654 169 715 rantur;
190 649 416 720 persecutiones,
440 648 641 704 tribulationes
663 649 722 704 sive
744 647 873 721 pericula
922 649 991 705 talia
1005 649 1110 705 horum
1131 649 1244 704 similia.
1265 652 1383 706 «Nemo
1396 652 1474 706 enim
1496 651 1598 724 (inquit
1616 654 1737 723 Aposto-

52 741 186 796 tluctibus
207 745 408 813 exsequentur.
427 742 626 797 terranivero
640 740 815 814 spiritusqui
828 741 873 795 vel
921 742 985 813 lus),
1000 745 1124 797 vestrum
1139 741 1192 797 sibi
1211 741 1287 811 vivit,
1309 746 1338 798 et
1356 759 1440 799 nemo
1453 743 1507 799 sibi
1519 744 1656 814 moritur3
1680 744 1738 801 siva

52 833 84 890 de
96 834 291 903 torrentibus,
304 836 349 890 vel
364 833 400 890 de
420 833 596 890 convallibus
615 833 733 906 spirant,
749 833 872 906 pseudo·
922 851 992 907 ergo
1006 834 1135 903 vivimus,
1150 834 1208 889 sive
1222 835 1374 906 morimur,
1390 836 1503 891 Domini
1513 853 1621 893 sumus.
1637 838 1668 891 ln
1681 837 1737 894 hoc

52 927 262 1000 prophetarum
285 929 315 982 at
344 926 525 984 seductorum
546 943 597 982 seu
618 943 714 1000 pravae
736 925 872 983 doctrine
922 927 1000 984 enim
1012 927 1138 984 Christus
1150 930 1281 983 mortuus
1291 931 1334 984 est
1347 931 1375 983 et
1389 928 1501 998 revixit,
1515 932 1549 984 ut
1564 933 1593 985 et
1606 930 1736 985 vivorum

53 1021 140 1075 verba
149 1020 588 1092 docentur3promoutoriavero
598 1021 698 1075 etloca
706 1018 874 1091 confragosa
923 1025 953 1077 et
965 1025 1145 1077 mortuorum
1169 1021 1344 1077 dominetur.
1365 1023 1406 1077 lu
1430 1024 1527 1076 autem
1547 1021 1737 1093 quidjndicas

52 1113 79 1168 ιιι
93 1113 146 1184 qui
168 1114 201 1168 in
214 1112 400 1184 potestatibus
418 1114 517 1169 ιιιιιιιι
535 1117 603 1168 sunt
619 1112 741 1184 judices,
755 1117 784 1168 et
794 1112 872 1183 peri·
922 1113 1040 1169 fratrem
1054 1119 1146 1184 tuum,
1168 1117 1219 1183 aut
1231 1117 1262 1169 tu
1275 1130 1363 1186 quare
1378 1114 1488 1186 spernis
1505 1114 1622 1168 tratrem
1635 1116 1738 1170 munst

52 1206 114 1260 cub
129 1205 282 1267 minantur
294 1222 327 1260 ac
341 1208 466 1273 mortcs3
484 1204 639 1261 dithalassa
653 1220 721 1259 vero
736 1204 798 1260 loca
810 1220 873 1275 quae
923 1205 1030 1262 Omnes
1048 1207 1127 1263 enim
1148 1207 1263 1262 stabunt
1281 1210 1348 1262 ante
1370 1206 1496 1262 tribunal
1517 1205 1632 1262 Domini
1642 1222 1651 1276 ;
1670 1207 1737 1261 scri·

53 1297 216 1370 duplicibus
229 1297 315 1355 nudae
329 1298 437 1354 fallacis
449 1298 566 1354 astibus
580 1297 769 1353 verberantur
780 1296 873 1353 dubiis
923 1302 1005 1370 ptum
1018 1299 1148 1355 estenim
1161 1316 1168 1355 :
1181 1319 1196 1352 ιι
1211 1299 1277 1355 Vivo
1287 1316 1352 1372 ego,
1365 1299 1434 1355 dicit
1443 1299 1592 1369 Dominus,
1602 1298 1738 1370 quoniam

53 1394 152 1446 mente
178 1395 211 1446 et
232 1391 269 1447 de
292 1391 549 1464 repromissionum
567 1390 686 1447 veritate
708 1390 874 1446 nutantibus
923 1391 1134 1447 ilecteturmihi
1145 1407 1229 1448 omne
1241 1408 1327 1464 genu,
1343 1395 1371 1447 et
1383 1390 1739 1463 omnislinguaconfltebi·

53 1483 356 1556 contemnuntque
376 1483 422 1538 his
440 1483 490 1556 qui
508 1482 697 1540 irrationabili
711 1483 799 1538 fldem
819 1499 873 1538 no·
923 1489 971 1540 tur
989 1484 1120 1540 Domino.
1144 1486 1241 1557 ltaque
1268 1485 1460 1557 unusquisque
1483 1487 1610 1539 vestrum
1634 1500 1686 1556 per
1708 1501 1738 1540 se

53 1580 142 1631 stram
162 1576 278 1631 ratione
297 1576 461 1631 discutiunt.
483 1577 641 1648 Hypocritae
660 1592 727 1631 vero
744 1579 773 1632 et
783 1574 875 1630 dolosi
923 1577 1062 1633 rationem
1077 1578 1176 1634 reddet
1188 1577 1319 1633 Domino.
1335 1599 1350 1628 ιι
1363 1579 1424 1632 Non
1441 1593 1511 1649 ergo
1527 1577 1651 1650 amplius
1665 1577 1738 1632 invi-

54 1668 153 1740 piratis
174 1668 281 1724 similes
300 1668 469 1726 habeantur.
486 1670 548 1724 lam
565 1685 634 1724 vero
647 1669 764 1740 rapidus
776 1671 874 1723 vertex
924 1685 985 1725 cem
995 1670 1166 1741 judicemus,
1181 1671 1231 1725 sed
1243 1670 1299 1726 hoc
1307 1670 1434 1741 judicate
1446 1671 1549 1743 magis,
1562 1685 1616 1725 nec
1628 1669 1740 1743 ponatis

53 1767 82 1817 ct
97 1766 228 1817 tartarea
254 1761 402 1834 charybdis
424 1765 453 1818 et
474 1761 550 1817 saxis
574 1761 645 1817 illisa
666 1760 816 1833 naufragia
841 1741 912 1816 acB
925 1762 1128 1819 offendiculum
1137 1763 1440 1820 iratrivelscandalum
1451 1764 1536 1835 (Rom.
1547 1779 1602 1833 xiv,
1615 1765 1738 1835 rr-tat.»

55 1854 442 1922 mortiteraesubmersionee,
455 1854 795 1926 quidaliudaestimanda
808 1856 875 1909 sunt
923 1855 1032 1912 Scimus
1056 1856 1134 1911 enim
1160 1857 1227 1928 qnia
1257 1856 1379 1911 multum
1409 1856 1557 1928 derogatio
1584 1856 1737 1927 prevalet,

55 1963 143 2020 quam
169 1948 310 2019 peccata?
332 1949 432 2003 Restat
453 1947 543 2019 igitur
559 1952 591 2003 ut
606 1948 667 2002 liaec
688 1947 769 2002 navis
789 1962 875 2003 ιιιιιιι
922 1947 1738 2022 quendoderogatorcrediturildedignus3ideo‚fretres,

55 2040 359 2113 prospemurtapossit
367 2045 484 2113 portum
495 2039 746 2096 desideratoeurbis
755 2039 874 2108 intrare,
922 2040 1006 2096 variis
1019 2040 1240 2097 detractionibus
1257 2044 1286 2097 et
1304 2040 1531 2097 accusationibus
1551 2056 1608 2097 non
1628 2045 1741 2112 oportet

56 2135 138 2189 etita
147 2133 264 2189 Domino
271 2132 513 2206 pacemtuudere,
521 2132 728 2205 utnavigantes
738 2147 873 2188 merean-
923 2133 1083 2189 labetactari
1094 2134 1205 2206 judices
1226 2136 1254 2190 et
1266 2134 1403 2207 primates
1422 2133 1562 2201 Ecclesia,
1576 2134 1628 2189 sed
1646 2133 1739 2205 magis

56 2231 106 2281 tur
125 2225 229 2280 audiri.
247 2226 396 2294 Audimus,
416 2226 530 2294 iratres,
549 2225 624 2298 quod
641 2225 758 2297 quidam
779 2225 873 2281 detra·
924 2228 1118 2298 apostolorum
1132 2232 1162 2283 et
1175 2226 1322 2283 doctorum
1335 2227 1441 2300 regulis
1453 2226 1604 2282 informari
1617 2229 1647 2281 et
1658 2226 1741 2282 robo-

36 2318 132 2373 ihunt
146 2322 176 2374 ct
195 2324 328 2374 accusant
345 2318 506 2374 sacerdotes
526 2317 648 2386 Domini,
666 2317 813 2390 cupientes
827 2333 875 2374 eos
923 2319 990 2388 rari,
1010 2319 1087 2375 unde
1106 2320 1217 2391 justum
1231 2324 1274 2376 est
1287 2335 1386 2375 omnes
1400 2319 1430 2374 in
1448 2320 1579 2376 universo
1596 2320 1739 2375 Romano-

58 2411 201 2479 umnam,
214 2427 275 2467 non
283 2410 477 2482 intelligentes
491 2411 610 2466 forsitan
624 2410 702 2484 quod
713 2410 819 2482 injuria
829 2426 875 2465 sa·
924 2429 990 2468 rum
1002 2413 1071 2469 orbe
1086 2413 1217 2469 doctores
1230 2413 1312 2485 legis,
1327 2428 1359 2469 ea
1373 2429 1437 2484 quae
1446 2412 1519 2486 legis
1532 2417 1599 2468 sunt
1613 2418 1689 2469 recta
1698 2430 1741 2469 sa·

59 2504 206 2560 cerdotnm
220 2504 257 2559 ed
273 2504 419 2560 Christum
431 2503 567 2576 pertinet,
582 2503 662 2575 cujus
674 2503 734 2559 vice
745 2501 875 2575 fungun-
924 2521 992 2578 pere
1004 2509 1034 2561 et
1051 2505 1174 2578 operari,
1196 2510 1225 2562 et
1237 2521 1295 2561 non
1319 2506 1433 2578 regulas
1452 2505 1594 2562 nascentis
1615 2505 1741 2561 ecclesice

59 2603 113 2652 tnr.
127 2598 184 2652 Nec
197 2597 253 2653 hoc
268 2596 410 2668 aspiciunt
421 2595 499 2669 quod
512 2596 614 2652 beatus
627 2598 728 2652 Petrus
740 2595 875 2668 princeps
925 2599 1070 2668 conlundi,
1085 2602 1136 2654 aut
1149 2597 1237 2655 fldem
1250 2603 1300 2654 out
1318 2598 1478 2654 doctrinam
1492 2598 1686 2670 apostolorum
1695 2614 1742 2654 va·

61 2691 262 2761 apostolorum,
283 2690 437 2745 instructor
457 2694 563 2758 noster,
584 2689 644 2745 eit:
664 2709 679 2740 a
698 2691 877 2761 Deponentes
926 2691 975 2747 ιιιι
983 2691 1127 2748 maculare
1139 2691 1285 2761 doctrinis,
1301 2707 1355 2747 nec
1366 2691 1468 2747 tratres
1481 2690 1625 2747 infestare.
1642 2691 1672 2748 Si
1687 2706 1739 2746 an-

63 2779 276 2853 igitnromnem
288 2781 604 2852 malitiam,etomnem
617 2781 877 2839 dolumetaimula·
925 2789 985 2841 tem
1004 2784 1101 2840 omnia
1116 2784 1147 2840 in
1167 2784 1221 2840 hoc
1244 2783 1347 2840 saeculo
1359 2783 1502 2840 vindicata
1522 2786 1625 2854 essent,
1647 2782 1742 2839 locum

64 2875 151 2931 dones
164 2879 196 2931 et
207 2874 330 2930 invidias
344 2877 375 2929 et
386 2891 487 2930 omnes
496 2875 696 2944 detractiones,
708 2875 876 2931 sicutmodo
926 2876 1022 2933 divina
1038 2876 1148 2949 judicia
1169 2892 1227 2933 non
1240 2876 1389 2946 heberent,
1413 2876 1595 2949 supervacuis
1613 2876 1690 2932 enim
1705 2875 1742 2932 ad

66 2966 150 3039 geniti
158 2969 295 3037 intentes,
302 2967 480 3037 rationabile,
487 2967 548 3033 sine
555 2968 619 3023 dolo
626 2968 876 3039 lacconcupiscite,
925 2969 1065 3025 beneficia
1078 2969 1190 3025 laborat
1203 2969 1366 3043 impendiis,
1376 2970 1426 3042 qui
1437 2971 1525 3026 solem
1537 2968 1743 3024 certatiacibus

66 3066 94 3116 nt
104 3063 134 3117 in
146 3078 183 3117 eo
195 3062 330 3118 crescatis
341 3060 372 3117 in
389 3061 509 3117 salutem
523 3061 546 3132 (l
559 3064 631 3118 Pctr.
646 3078 677 3133 11,
692 3061 728 3132 t),
745 3081 759 3114 ιι
774 3065 804 3116 ιι
819 3062 875 3116 Ιιο-
885 3105 913 3182 C
926 3063 1078 3134 adjuvare;
1098 3062 1162 3118 ideo
1176 3062 1200 3118 si
1220 3062 1323 3134 aliquis
1339 3065 1421 3134 putat
1432 3061 1555 3118 Domino
1571 3062 1601 3116 in
1615 3061 1668 3117 hoc
1679 3062 1741 3132 pla·

67 3154 216 3228 ninusper
226 3155 400 3227 prophetam
413 3154 527 3226 inquit:
543 3155 624 3220 «Qui
638 3155 698 3210 vult
710 3153 800 3209 vitam
816 3154 876 3209 dili·
925 3172 989 3211 cere
1002 3155 1079 3228 quod
1093 3171 1186 3212 servos
1205 3173 1270 3212 suos
1288 3161 1411 3224 accusat,
1428 3160 1458 3212 et
1473 3158 1506 3211 ut
1518 3154 1649 3212 meliores
1660 3154 1741 3223 itant,

69 3263 126 3317 gere
136 3251 166 3303 et
180 3248 278 3304 videre
291 3247 353 3303 dies
363 3247 465 3315 bonos,
476 3252 605 3304 coerceat
618 3247 748 3319 linguam
763 3262 877 3302 suarna
926 3248 993 3304 dicit
1007 3265 1038 3304 se
1050 3249 1104 3305 hoc
1117 3265 1214 3320 agere,
1228 3249 1258 3304 in
1271 3265 1376 3304 vanum
1392 3248 1500 3304 laborat
1511 3252 1540 3303 et
1552 3249 1615 3319 plus
1629 3247 1744 3303 invidiae

69 3341 145 3411 malo,
160 3345 194 3397 ιι
206 3341 284 3397 labia
299 3341 360 3413 ejus
374 3358 412 3396 ne
426 3341 581 3412 loquantur
598 3340 698 3396 dolum
713 3341 738 3413 (l
751 3343 820 3396 Patr.
833 3357 875 3408 ιιι,
922 3342 1046 3397 ‘stimulis
1060 3342 1185 3414 agitatur
1200 3358 1289 3413 quam
1308 3341 1464 3409 charitatis,
1485 3341 1623 3413 qnoniam
1646 3340 1744 3413 gratita

71 3435 115 3504 ιθ),
126 3456 142 3483 ι
157 3439 213 3489 etc.
229 3433 283 3498 Qui
297 3436 396 3490 autam
407 3434 461 3489 iata
473 3432 737 3505 transgrediuntur,
748 3434 877 3504 proiecto
926 3434 1075 3507 plenitudo
1092 3435 1253 3506 subactione
1271 3451 1329 3490 non
1346 3433 1468 3505 indiget,
1487 3449 1540 3489 nec
1553 3434 1611 3489 nlla
1622 3432 1746 3504 requirit

70 3529 289 3600 mgr-essores
300 3527 374 3599 legis
392 3525 507 3582 Domini
519 3529 548 3582 et
563 3529 778 3598 contemptores
791 3529 878 3597 atque
927 3527 1184 3583 commendationis
1198 3531 1364 3599 augmenta.
1389 3527 1512 3597 Erigunt
1526 3542 1597 3599 ergo
1616 3527 1745 3582 doctores

70 3617 332 3691 inobedientesejus
344 3618 494 3691 preceptis
505 3618 639 3675 existunt·
650 3618 729 3674 Unde
742 3617 878 3674 etbeetus
928 3619 1112 3675 conscientias
1132 3636 1205 3689 suas,
1221 3626 1250 3675 et
1263 3620 1287 3675 si
1312 3619 1428 3690 quaudo
1450 3619 1565 3675 incertis
1582 3624 1745 3691 temporum

71 3710 180 3767 lacobus
191 3713 341 3784 apostolus
356 3712 397 3767 ait
411 3729 418 3766 ι
437 3731 451 3762 a
471 3711 500 3768 Si
514 3711 633 3783 diligitis
647 3711 789 3783 proximos
807 3710 879 3765 sicut
927 3711 1039 3766 flatibus
1048 3715 1243 3783 opponuntur,
1254 3710 1394 3767 sustinent
1405 3712 1483 3766 mala
1491 3726 1556 3783 quie
1565 3710 1675 3767 saeculis
1682 3727 1744 3767 ma-

72 3805 196 3878 vosipsos,
210 3804 286 3861 bene
304 3804 407 3860 tacitis.
429 3803 458 3860 Si
477 3809 574 3860 autem
590 3820 727 3876 personas
741 3803 877 3875 accipitis,
929 3805 972 3876 gis
984 3809 1051 3860 sunt
1063 3803 1232 3859 ascribenda
1248 3821 1335 3876 quam
1351 3804 1471 3860 meritis.
1491 3804 1591 3859 Datam
1605 3803 1683 3858 enim
1695 3803 1746 3858 sci·

72 3902 210 3966 meatum
224 3896 400 3970 operamini,
414 3896 560 3969 redarguti
574 3896 670 3970 alege
689 3896 771 3970 quasi
783 3898 878 3951 trans·
928 3913 992 3952 mus
1004 3897 1118 3954 Satanae
1128 3900 1309 3968 potestatem,
1326 3901 1358 3952 ut
1372 3910 1467 3951 servos
1478 3895 1581 3952 Christi
1595 3894 1744 3965 cribraret,
1797 3931 1809 3945 ,

73 4004 205 4060 pensores
227 3991 296 4061 (Iac.
316 4006 349 4061 ιι,
373 3989 412 4062 o),
436 4011 451 4041 ι
475 3995 529 4046 etc.
546 3991 580 4046 st
600 3989 698 4045 beatus
719 3990 878 4061 praedeces·
927 3993 961 4046 ut
977 3990 1054 4062 quod
1066 3990 1101 4046 de
1117 3989 1210 4046 tritico
1220 3989 1343 4046 inveniri
1355 3994 1460 4061 posset,
1477 3988 1588 4044 horreis
1603 3987 1746 4060 ingerere·

72 4098 109 4138 sor
122 4089 225 4140 ιιοιιιι
246 4083 389 4154 Clemens,
408 4083 451 4138 vir
470 4081 641 4155 apostolicus
659 4087 689 4138 et
703 4082 804 4154 spirita
822 4083 878 4137 Do·
928 4087 990 4153 tur;
1007 4085 1036 4139 et
1049 4082 1124 4154 quod
1134 4081 1275 4154 depaleis,
1288 4098 1321 4138 ac
1333 4080 1444 4155 ignium
1459 4081 1745 4138 alimentatransiret.

72 4175 133 4232 uini
145 4176 264 4249 plenus,
285 4192 342 4233 una
353 4191 420 4232 cum
434 4175 551 4249 rehquis
568 4175 674 4231 sanctis
692 4174 808 4246 collegis
821 4174 880 4230 suis
927 4176 970 4231 Ad
983 4191 1031 4231 vos
1042 4175 1201 4248 specialiter
1210 4174 1319 4231 dictum
1329 4178 1372 4231 est
1386 4191 1394 4230 ε
1409 4195 1424 4225 ιι
1439 4174 1531 4231 Nolite
1543 4174 1647 4230 timere
1660 4174 1746 4247 pusil-

72 4269 169 4340 uuit,
184 4269 307 4325 dicens:
326 4267 485 4325 Aecuundi
507 4268 553 4324 vel
573 4267 747 4324 testitlcmdi
765 4267 880 4323 licentia
929 4268 973 4324 lus
991 4284 1077 4341 grex,
1097 4268 1204 4340 placuit
1223 4268 1299 4324 Patri
1318 4273 1412 4324 vestro
1434 4267 1504 4324 dare
1524 4266 1604 4323 vobis
1623 4283 1747 4339 regnum

65 4361 368 4435 leuegetnromnibus
380 4362 431 4434 qni
447 4362 614 4419 christanae
626 4360 772 4434 religionis
785 4363 814 4417 et
826 4377 879 4416 no·
930 4360 1001 4432 (Luc.
1018 4378 1066 4430 ιιι,
1081 4362 1137 4433 32),
1159 4361 1266 4417 »venit
1278 4361 1355 4416 inter
1367 4377 1417 4416 vos
1431 4361 1545 4432 gladius
1558 4360 1746 4432 perfidorum,

63 4420 149 4537 tarne
162 4455 350 4529 dignitatem
361 4460 392 4513 et
403 4471 462 4512 ιιι
474 4455 599 4527 legisset
609 4456 654 4511 sui
662 4454 799 4528 propositi
809 4470 878 4510 nor·
888 4466 919 4541 Ι)
931 4459 962 4510 ot
974 4455 1099 4510 marcida
1119 4454 1250 4510 Ecclesiae
1263 4454 1391 4511 membra
1403 4459 1553 4522 resecaret,
1568 4456 1596 4508 et
1613 4453 1650 4509 ed
1664 4454 1745 4509 coele·

74 4561 142 4604 uam
151 4551 205 4606 ant
220 4549 395 4622 regulariter
409 4549 553 4621 prohibita
568 4549 766 4620 neglexerunt.
781 4549 883 4604 Trans-
931 4553 1003 4604 stem
1017 4547 1138 4620 gloriam
1150 4546 1329 4619 perduceret.
1341 4547 1415 4612 Quos
1430 4546 1535 4603 habeat
1550 4545 1678 4602 Christus
1689 4547 1746 4602 mi·

75 4654 207 4710 grasoras
218 4642 298 4698 enim
312 4645 414 4714 sponte
426 4643 499 4715 legis
514 4658 583 4714 suae,
601 4642 721 4714 ejusque
735 4642 883 4699 violatores
931 4641 1003 4711 lites,
1018 4645 1163 4698 certamen
1177 4640 1311 4707 ostendit,
1327 4641 1376 4712 qui
1387 4638 1571 4711 triumphum
1584 4643 1749 4696 mereantur

76 4735 98 4786 el
114 4735 294 4803 recedentes,
316 4738 462 4808 apostatae,
473 4735 669 4792 nominentur.
690 4734 788 4791 Omnis
801 4735 882 4791 enim
931 4733 1070 4806 perbelle
1083 4738 1303 4805 cognoscuntur.
1317 4732 1426 4789 Scimtu
1440 4737 1536 4789 autem
1550 4733 1655 4788 multos
1670 4733 1706 4788 ob
1717 4732 1748 4790 id

75 4829 192 4895 tpoststa
205 4827 425 4884 retutemusest
437 4833 504 4885 ante
515 4828 709 4885 reversionem
722 4844 813 4897 mam,
825 4844 883 4885 non
932 4825 1065 4882 infestare
1080 4826 1219 4894 doctores,
1233 4828 1267 4880 ut
1280 4840 1329 4880 eos
1341 4825 1462 4896 perdant
1471 4828 1500 4881 et
1511 4825 1637 4898 proprie
1652 4825 1749 4882 volun·

76 4914 291 4976 baccusatione
304 4924 382 4977 recta
397 4921 556 4994 agentium,
567 4925 618 4977 aut
627 4921 790 4978 testimonio
798 4921 884 4977 susci·
931 4919 997 4976 tatis
1004 4919 1108 4991 placita
1115 4917 1300 4990 adimpleant.
1310 4917 1373 4974 Non
1383 4923 1535 4989 propterea
1546 4923 1644 4974 tamen
1654 4918 1749 4976 docto

77 5009 197 5080 acaum,
209 5013 541 5086 quiavirdnplexanimo
551 5013 717 5071 inconstans
727 5017 769 5071 est
778 5015 807 5070 in
819 5030 882 5071 om·
932 5029 978 5068 res
989 5012 1161 5085 inquantum
1172 5008 1251 5068 'viras
1266 5013 1424 5082 suppetunt
1435 5027 1453 5066 a
1465 5013 1543 5067 recta
1554 5012 1747 5084 emulatione,

76 5103 150 5160 ubas
157 5105 290 5162 viissois.
304 5127 320 5158 ιι
332 5107 500 5180 chunque
515 5112 612 5164 autem
626 5108 668 5179 (ut
685 5108 726 5163 ait
737 5107 883 5181 apostolus
933 5111 963 5162 et
975 5105 1052 5162 boue
1071 5102 1233 5161 intentione
1252 5104 1387 5159 recedere
1408 5103 1522 5174 debent,
1544 5106 1661 5163 scientes
1681 5107 1750 5179 quia

75 5194 193 5270 bochus)
208 5200 301 5255 totam
315 5200 410 5273 legem
423 5201 587 5271 servaverit,
603 5200 729 5257 offendat
740 5206 838 5257 autem
853 5201 883 5256 in
934 5196 1749 5271 abeatiquipcrsecutionempatiunturpropterjustitiam

10 5306 13 5329 ι
76 5303 133 5360 ono,
147 5291 242 5349 tactus
257 5295 530 5350 estrensomnium.
545 5295 598 5360 Qui
611 5300 706 5351 autem
726 5294 808 5362 dixit,
821 5296 883 5352 Nou
935 5294 1041 5357 (ιιιιιι.
1058 5309 1085 5359 v,
1103 5292 1156 5362 ιθ).
1172 5310 1186 5343 ι
1202 5291 1278 5346 Nihil
1295 5295 1392 5346 autem
1407 5290 1458 5347 illo
1478 5296 1520 5347 est
1537 5297 1647 5364 pastore
1661 5291 1747 5345 miso·
1775 5324 1777 5328 ι

75 5384 266 5454 mechaberis,
277 5385 397 5457 diritat,
407 5387 470 5444 lton
479 5387 599 5444 occides.
609 5387 691 5451 Quod
706 5387 802 5444 sinon
811 5403 882 5443 mce·
933 5385 993 5442 rius
1006 5384 1056 5458 qui
1067 5385 1203 5457 luporum
1215 5383 1349 5440 laudibus
1368 5383 1515 5454 gloriatur.
1531 5385 1637 5448 Quibus
1652 5383 1676 5438 si
1686 5384 1747 5454 pla-

74 5475 328 5548 uueriaoccidaa
336 5480 882 5552 autem,lactnsestransgressorlagis.
933 5495 998 5536 cere
1017 5479 1140 5535 voluerit
1160 5482 1245 5551 atque
1271 5477 1307 5533 ab
1332 5477 1378 5533 bis
1406 5477 1495 5533 amari
1515 5475 1671 5549 delegerit,
1694 5475 1750 5532 erit

73 5567 110 5624 &a
120 5570 277 5643 loquimini
288 5575 319 5628 et
331 5571 371 5629 sic
383 5572 480 5644 facita,
490 5574 531 5629 sic
540 5577 573 5630 ut
581 5590 634 5646 per
642 5573 738 5648 legem
746 5572 885 5628 libertatis
934 5572 1001 5628 hinc
1013 5571 1113 5628 ovibus
1124 5587 1231 5643 magna
1245 5570 1397 5642 pernicies.
1411 5569 1510 5624 Nullus
1520 5584 1589 5639 ergo
1601 5571 1749 5638 pastorum

73 5661 235 5738 inupieutes
247 5664 384 5736 judicari.
397 5665 540 5724 indicium
557 5668 635 5724 enim
648 5667 709 5723 sine
723 5666 884 5723 misericor·
933 5666 1047 5739 placere
1058 5664 1135 5738 lupis
1147 5667 1176 5721 et
1188 5663 1323 5737 gregibus
1336 5662 1431 5719 ovium
1444 5664 1544 5733 potest,
1562 5658 1657 5732 perdit
1671 5664 1749 5721 enim

74 5756 673 5838 uauuuiqunontccitmisericoruam,
687 5759 886 5837 superexcellit
935 5758 1216 5820 latorismemoriam
1226 5751 1748 5829 mensterrenisobligctaecrccribus.
