3870 6150
582 262 723 320 tritanu.
744 265 788 319 ΑΙ]
809 266 889 321 SAEC.
911 266 1140 322 lx.-1slltout
1159 264 1370 323 altercaturus

554 530 752 625 INCII‘IUNT
775 530 971 598 caetrata
992 531 1158 598 CONCILII
1179 531 1405 598 VALENTINI.

174 690 198 744 l.
217 688 254 743 lle
268 686 390 761 digamis
402 705 459 743 non
473 685 682 743 consecrandis.
962 691 1131 773 Asanctum
1145 689 1287 742 lavacrum
1296 686 1340 742 vel
1348 687 1474 759 profanis
1484 685 1630 742 sacriflciis
1639 687 1819 756 daemonum,

171 787 197 838 2.
214 784 250 838 Ut
262 783 374 851 devota,
386 783 410 836 si
421 799 451 836 se
461 781 637 836 maritaverit
648 780 691 836 vel
705 779 846 836 moechata
855 779 950 850 fuerIt,
1001 780 1045 836 vel
1059 781 1166 836 Incesta
1178 781 1317 836 lavatione
1330 781 1505 852 polluerunt.

136 876 312 948 poenitentIae
325 875 488 947 deputetur.
1037 876 1063 929 t.
1079 876 1114 930 Ut
1125 875 1284 930 sacerdotes
1298 876 1342 929 rel
1351 875 1447 941 levita,
1461 874 1485 929 si
1497 874 1533 929 de
1544 890 1573 930 se
1583 874 1695 929 crimen
1706 874 1818 944 aliquod

172 972 197 1025 3.
214 970 292 1025 Cicer
307 985 406 1024 eorum
420 984 486 1024 vero
499 982 634 1039 personas
646 966 734 1040 quise
746 973 810 1040 post
826 972 953 1024 unumst
1001 968 1163 1036 confitetur,
1179 969 1348 1040 deponatur.

452 1250 681 1350 INCIPIT
722 1249 1055 1350 CONGILIUM
1094 1252 1493 1352 VALENTINUM

140 1417 289 1502 Tripintc
304 1416 498 1502 episcorum,
513 1435 582 1482 arc
601 1437 739 1496 ccccxnr,
756 1417 991 1578 sotbgrctticno
1012 1427 1043 1482 et
1062 1418 1288 1562 Vclztguatim’cno
1308 1419 1571 1502 imperatoribus,
1588 1418 1752 1485 Graccm
1765 1417 1833 1483 11*

772 1517 789 1561 e
850 1518 909 1562 ura
924 1517 977 1562 ano
991 1517 1113 1563 consor
1158 1519 1184 1562 s.

171 1660 361 1716 DilectissImis
377 1660 511 1715 fratribus
524 1677 575 1732 per
586 1659 687 1715 Gallias
702 1664 731 1715 et
743 1660 869 1732 quiaque
883 1678 950 1733 pro·
960 1675 989 1747 B
1001 1661 1162 1734 largitatem
1177 1665 1206 1717 ct
1224 1662 1301 1718 solus
1314 1662 1434 1731 obtinet,
1448 1666 1478 1718 ct
1491 1667 1551 1718 tam
1564 1661 1643 1717 dives
1655 1659 1833 1731 miserico}

135 1755 241 1809 vincias
272 1754 431 1809 constitutis
459 1754 607 1825 episcopis,
634 1754 781 1826 Fegadius,
810 1755 948 1825 Emerius,
1002 1756 1049 1811 dia
1062 1761 1114 1824 est,
1131 1759 1260 1811 utuemo
1274 1756 1420 1828 desperet:
1437 1758 1510 1812 Deus
1528 1756 1607 1811 enim
1620 1758 1833 1822 mortean

135 1847 305 1916 florentius,
322 1848 457 1916 ArtImus,
474 1847 640 1917 Emilianus,
660 1848 761 1917 Britto,
774 1849 880 1916 Justus,
894 1849 949 1903 Eu·
999 1848 1076 1919 fecit,
1090 1866 1143 1904 nec
1160 1849 1271 1904 laetatur
1282 1850 1312 1905 In
1325 1850 1485 1922 perditione
1496 1850 1636 1905 vivorum.

134 1941 238 2010 fodius,
267 1941 432 2007 Radamius,
458 1941 599 2011 Evortius,
627 1942 736 2008 Cretas,
764 1942 949 2009 Concordiirs,
1035 1943 1078 1997 IV.
1094 1942 1833 2021 Necillud,fratrcs,scriberealienumabecclesig

134 2034 344 2103 Constantium,
371 2032 482 2101 Paulus,
507 2033 649 2102 haterius,
674 2033 761 2105 Felix,
788 2035 949 2106 Neuterius,
999 2034 1123 2091 utilitate
1136 2035 1309 2104 censuimus,
1323 2039 1357 2091 ut
1368 2036 1478 2092 sciretis
1490 2036 1654 2109 quicunque
1677 2036 1828 2102 suber-df.

128 2128 274 2194 Urbanus,
288 2127 450 2199 Simplicius
459 2127 661 2183 etVincentius
676 2128 802 2200 episcopi
813 2129 844 2183 in
858 2129 949 2184 Domi·
999 2129 1112 2184 natione
1124 2130 1166 2185 vel
1179 2129 1353 2201 diaconatus,
1366 2130 1410 2185 rel
1424 2128 1602 2202 presbyterii,
1611 2130 1656 2185 vel
1668 2130 1817 2205 episcopa.

134 2239 172 2278 no
186 2222 314 2277 salumin.
1000 2226 1055 2290 tus,
1072 2224 1184 2278 mortali
1199 2224 1317 2279 crimInc
1332 2223 1453 2279 dixerint
1469 2241 1499 2278 se
1515 2240 1575 2279 esse
1588 2223 1720 2295 pollutos,
1735 2240 1751 2278 a
1769 2243 1809 2284 su

169 2314 328 2370 Transactis
343 2313 526 2368 ValentInum
537 2313 671 2369 omuIbas
685 2318 713 2368 et
725 2313 755 2368 in
768 2313 819 2369 [tei
832 2314 949 2369 nomina
999 2315 1133 2387 predictis
1154 2317 1383 2374 ordInationibus
1405 2317 1615 2373 submovendos
1631 2333 1695 2372 reos
1709 2317 1803 2376 scilicet

133 2407 164 2464 iu
176 2412 250 2464 statu
261 2407 380 2464 meliore
396 2407 558 2480 compositis
567 2424 632 2480 quas
642 2408 758 2463 fuerunt
770 2412 860 2479 coepta
867 2423 949 2462 causa
999 2410 1041 2463 vel
1056 2409 1113 2464 veri
1128 2410 1302 2467 confessione
1324 2411 1367 2465 rel
1388 2411 1537 2466 mendacio
1557 2410 1697 2466 falsitatis.
1719 2411 1797 2482 Neque

134 2502 253 2572 dissidii,
269 2503 461 2576 quorumdam
476 2501 530 2558 fuit
542 2507 658 2574 patrum
672 2501 750 2557 utilis
772 2505 800 2557 et
819 2501 950 2573 religiosa
999 2501 1077 2556 enlm
1088 2502 1193 2557 absolvi
1205 2507 1300 2575 potest
1309 2504 1332 2558 is
1343 2504 1393 2576 qui
1406 2504 1435 2557 in
1452 2521 1481 2558 se
1495 2504 1590 2574 ipsum
1602 2503 1706 2559 dixerit
1714 2504 1794 2558 mortis

133 2597 278 2668 suggestio
293 2600 446 2653 retractata
461 2597 496 2652 de
511 2595 630 2668 hisquae
645 2611 699 2651 nec
713 2595 843 2667 reprere
854 2612 951 2666 possu·
999 2612 1124 2666 causam,
1140 2596 1208 2667 quia
1220 2597 1311 2669 maior
1323 2597 1464 2653 homicida
1485 2597 1526 2652 fit.
1550 2596 1650 2652 Divina
1664 2597 1748 2669 pietas
1757 2611 1792 2649 ros

133 2705 198 2746 mus
211 2690 246 2745 ob
260 2690 392 2746 Ecclesiae
409 2690 599 2756 sanctitatem,
612 2705 665 2744 nec
679 2692 776 2744 tamen
789 2705 947 2760 usquequa·
998 2689 1029 2744 in
1040 2693 1181 2745 aeternum
1197 2690 1345 2760 custodiat,
1360 2688 1533 2746 dilectissimi
1546 2691 1658 2746 fratres.

133 2801 188 2855 que
200 2784 411 2839 consuetudinis
424 2800 506 2838 causa
519 2782 664 2850 damnare,
678 2781 718 2837 ita
732 2782 811 2837 anim
823 2799 875 2854 per
888 2798 948 2836 om·
1177 2785 1243 2840 Item
1258 2785 1370 2856 epistota
1384 2784 1503 2852 ejusdam
1517 2785 1635 2840 concilii.

133 2894 184 2933 nes
196 2876 325 2933 ecclesias
340 2877 481 2948 ejusmodi
503 2876 562 2931 ritii
585 2892 704 2948 germen
723 2875 849 2947 inolevit,
865 2875 948 2930 ulad
1033 2876 1223 2932 Dilectissimis
1231 2876 1378 2946 fratribus,
1386 2877 1461 2932 clero
1471 2877 1584 2948 etplobi
1595 2877 1718 2932 ecclesie
1726 2877 1789 2932 Foro·

131 2973 218 3044 plena
232 2970 359 3026 remedia
371 2986 428 3025 non
442 2969 532 3025 facilis
543 2970 579 3025 sit
587 2987 727 3039 recursus,
737 2973 812 3025 certe
821 2986 878 3025 non
887 2969 948 3024 sine
994 2969 1135 3041 juliensis,
1150 2970 1299 3041 fegadius,
1312 2971 1451 3040 Emerius,
1469 2970 1640 3037 Florentius,
1658 2969 1789 3033 Artemius,

131 3065 304 3122 verecundia
317 3080 417 3120 eorum
434 3064 537 3137 quibus
552 3081 635 3119 causa
648 3063 767 3136 contigit
777 3042 1172 3132 subcisirumCEmilianus,
1201 3063 1306 3133 Britto,
1332 3065 1444 3132 iustus,
1473 3062 1622 3132 EuiodIus,
1648 3061 1789 3126 Radamius,

132 3159 211 3231 quod
224 3159 297 3214 circa
312 3159 415 3213 fratres
425 3163 543 3231 generat
550 3158 657 3227 odium,
668 3155 726 3230 91
741 3157 948 3230 moderatoque
998 3157 1137 3225 Evertius,
1157 3157 1348 3225 Constantius,
1369 3159 1481 3228 Paulus,
1502 3159 1611 3224 Cretus,
1631 3154 1790 3218 Concordius,

131 3252 247 3308 consilio
261 3269 296 3307 ea
309 3252 428 3308 cautela
440 3252 513 3308 ratio
523 3254 634 3307 servata
644 3254 696 3320 est,
705 3267 770 3323 quae
779 3250 949 3306 etscandala
997 3250 1140 3319 haterius,
1160 3251 1318 3319 Neuterius,
1332 3250 1468 3320 Nicecius,
1484 3251 1622 3318 Urbanus,
1639 3250 1724 3320 Felix,
1735 3248 1789 3304 Sin·

131 3347 315 3403 submoverat
327 3352 355 3402 et
371 3346 552 3401 sanctitatem
568 3345 698 3401 Ecclesiae
711 3344 875 3400 custodiret.
998 3343 1097 3414 plicius
1114 3346 1142 3398 et
1154 3344 1326 3421 Vincentius,
1349 3344 1474 3416 episcopi
1494 3344 1525 3398 in
1542 3344 1662 3399 Domino
1683 3344 1789 3398 salutem.

167 3441 230 3497 Car.
245 3442 266 3497 1.
279 3441 366 3495 Decet
379 3456 449 3512 ergo
465 3440 612 3495 neminem
630 3439 781 3510 posthanc
795 3439 946 3511 synodum,
998 3438 1132 3502 Quamvis
1152 3444 1212 3494 tarn
1235 3456 1267 3493 ca
1288 3438 1457 3494 BenedIctus
1480 3439 1568 3494 frater
1588 3438 1624 3494 da
1644 3431 1790 3493 sanctissimi

130 3551 186 3607 qua
199 3533 336 3604 ejusmodi
356 3533 460 3590 illicitis
475 3535 518 3589 vel
543 3550 605 3589 sero
619 3532 802 3601 succurritur,
816 3533 851 3587 de
866 3531 946 3604 diga·
998 3532 1105 3604 accepti
1115 3549 1237 3604 persona
1247 3533 1376 3605 suggerit
1387 3549 1452 3604 quas
1461 3532 1596 3605 prudenti
1611 3538 1641 3587 ct
1653 3530 1790 3588 Christiam

127 3627 193 3696 mis,
216 3631 265 3682 aut
285 3626 357 3682 inter
379 3630 536 3698 nuptarum
558 3627 678 3681 marItos
691 3626 818 3682 ordinari
832 3625 947 3681 clerIcos
996 3626 1056 3681 viro
1070 3630 1138 3681 sunt
1150 3626 1302 3698 condigna,
1316 3643 1401 3697 quam
1418 3626 1496 3698 qnod
1512 3625 1606 3681 studio
1622 3626 1745 3681 omnium
1756 3636 1791 3675 te

128 3735 223 3793 posse,
232 3737 284 3776 nec
292 3720 495 3794 requirendum
505 3723 639 3776 utrumne
648 3720 750 3775 initiati
763 3720 947 3776 sacramentis
995 3724 1086 3775 strum
1100 3721 1135 3776 ad
1148 3721 1289 3776 honorem
1304 3720 1452 3775 sacerdotii
1465 3724 1598 3791 poscatur
1621 3719 1746 3785 edearit,
1756 3719 1789 3770 ta·

129 3815 241 3883 diviuis,
253 3821 302 3871 aut
317 3815 438 3888 gentiles
451 3815 505 3871 hac
520 3831 549 3870 se
565 3814 670 3869 infelici
688 3817 763 3869 sorte
778 3815 946 3870 necessitate
996 3831 1061 3870 men
1075 3815 1143 3886 qaia
1155 3814 1185 3868 ia
1198 3814 1305 3886 synodo
1324 3814 1385 3884 jam
1406 3814 1517 3869 sederat
1529 3813 1721 3870 ordinationes
1733 3810 1789 3882 ejus

127 3911 352 3966 maculaverunt.
995 3908 1074 3963 modi
1100 3908 1308 3963 submovendas
1335 3924 1399 3981 quae
1423 3908 1484 3964 siue
1511 3907 1644 3963 scandalo
1671 3923 1727 3963 ease
1747 3914 1790 3958 not

166 4003 198 4059 ll.
212 4006 251 4060 lte
273 4003 374 4076 puellis
395 4019 463 4058 vero
488 4018 552 4074 quae
574 4019 603 4057 se
626 4003 684 4058 [teo
708 4006 854 4072 voverunt,
871 4001 895 4057 si
910 4001 945 4057 ad
995 4005 1121 4072 possunt,
1141 4018 1200 4057 non
1221 4001 1366 4073 potuImus
1387 4002 1438 4057 uni
1456 4001 1685 4075 praestarequod
1700 3995 1790 4056 ceteris

128 4103 269 4164 terrenas,
277 4097 391 4168 nuptias
397 4100 498 4168 sponte
506 4095 945 4164 transierunt,idcustodiendum
994 4095 1161 4167 negabatur.
1180 4097 1211 4149 Et
1224 4095 1291 4150 licet
1304 4112 1362 4150 non
1376 4095 1541 4167 ignoremus
1553 4096 1660 4151 multos
1674 4105 1788 4151 verecun·

128 4208 189 4251 esse
205 4190 393 4259 decrevaus,
408 4194 441 4244 ut
453 4189 625 4260 prenitentes
639 4206 696 4243 non
710 4187 851 4244 statimad
860 4189 944 4260 poeni·
995 4188 1053 4258 dia,
1067 4193 1096 4244 et
1110 4189 1260 4244 nonnullos
1280 4190 1390 4245 honore
1413 4188 1586 4261 suscipiendi
1607 4177 1788 4250 sacerdotium,

127 4283 250 4342 tentiam
263 4282 447 4354 recipiantur,
464 4287 571 4338 etcum
589 4281 657 4337 data
669 4288 765 4337 tamen
778 4281 875 4351 fucrit,
891 4283 945 4338 nisi
995 4287 1024 4337 et
1046 4288 1075 4338 ut
1097 4283 1233 4354 trepidos,
1259 4299 1323 4355 quar
1345 4284 1444 4355 utique
1465 4283 1548 4354 sigua
1569 4287 1636 4339 sunt
1655 4275 1789 4338 metata

127 4379 213 4452 plene
226 4377 413 4432 satisfecerint
434 4377 491 4430 Deo
514 4376 543 4430 iu
565 4380 707 4447 quantum
722 4375 793 4432 ratio
808 4392 942 4448 poposce-
995 4378 1063 4432 falsa
1086 4377 1117 4432 in
1138 4394 1168 4432 sc
1192 4377 1337 4449 rejiciendi
1354 4377 1788 4447 hon01·iscauaaulnssa,umo

127 4473 175 4542 rit,
190 4473 298 4530 eisdem
310 4471 477 4527 communio
491 4469 647 4527 differatur.
995 4471 1061 4543 quia
1072 4471 1198 4526 omnium
1221 4471 1280 4527 fere
1303 4470 1339 4525 ad
1363 4488 1397 4527 ea
1417 4489 1480 4544 quae
1493 4475 1561 4526 sunt
1574 4471 1673 4544 pejora
1685 4467 1787 4543 proella

164 4569 208 4624 tlt.
221 4567 411 4624 CIrcaeoram
432 4582 499 4621 vcro
517 4581 652 4638 personas
665 4565 714 4637 qui
727 4582 757 4620 sa
770 4569 837 4637 post
854 4581 944 4622 uuum
990 4564 1131 4636 judicium
1151 4569 1203 4632 est,
1226 4570 1254 4620 et
1277 4565 1343 4621 hinc
1365 4566 1498 4622 materies
1523 4565 1747 4638 disputationum
1767 4557 1789 4614 tl

127 4668 157 4719 et
167 4667 296 4718 sanctum
319 4661 461 4716 lavacrum
477 4659 521 4714 vel
536 4658 665 4730 profanis
678 4659 821 4714 sacrificiis
837 4657 943 4714 deamo·
994 4658 1194 4715 obtrectatores
1209 4660 1388 4717 sacerdotum
1403 4660 1452 4717 Ilei
1464 4659 1613 4732 queritur,
1628 4657 1742 4716 seditio
1755 4668 1788 4726 ty·

127 4773 197 4811 num
210 4756 253 4811 vel
265 4756 372 4810 iucasta
391 4754 530 4809 lavatione
549 4753 723 4825 polluerunt,
737 4769 802 4809 earn
817 4769 944 4809 censure
992 4752 1081 4823 nodo,
1104 4755 1136 4808 ut
1160 4752 1281 4824 quisque
1303 4753 1339 4808 dc
1361 4770 1391 4810 se
1414 4753 1457 4809 vel
1474 4770 1550 4822 vera,
1572 4753 1618 4809 val
1638 4752 1709 4809 falsa
1719 4734 1810 4806 gg,

126 4850 249 4906 formam
262 4849 385 4905 dlxImus
400 4864 461 4904 esse
472 4848 651 4915 servandam,
665 4853 698 4904 ut
709 4847 754 4902 his
764 4847 846 4919 juxta
856 4864 942 4920 syno·
992 4850 1055 4914 aet,
1081 4847 1152 4902 fides
1175 4864 1261 4919 quam
1287 4848 1392 4904 suimet
1417 4847 1578 4903 testimonio
1604 4847 1790 4907 confirmaret,

127 4930 364 5000 dum'lt'icaenam
387 4941 588 4997 satisfactionis
614 4941 732 5012 quidam
761 4941 855 4996 aditus
883 4958 943 4997 non
992 4940 1155 5010 haberetur,
1169 4945 1346 5014 quapropter
1361 4942 1509 4997 decretum
1531 4944 1575 4996 est
1597 4936 1793 4996 submovendos

125 5041 257 5110 negetur,
280 5054 317 5093 ne
339 5035 499 5091 infelicibus
521 5035 652 5107 lacrymis
674 5035 718 5090 vel
738 5035 834 5090 solatii
852 5035 943 5107 janua
992 5035 1123 5106 protinus
1134 5053 1195 5090 essa
1206 5035 1241 5091 ab
1255 5053 1289 5090 eo
1304 5037 1393 5107 gradu
1407 5052 1496 5107 quem
1517 5034 1552 5091 ab
1575 5036 1656 5091 omni
1676 5029 1792 5090 scandalo

127 5131 324 5204 desperatione
349 5129 506 5198 claudatur,
534 5129 625 5184 acturi
651 5145 717 5184 vero
743 5129 942 5200 poeniteutiam
991 5129 1113 5185 liberum
1135 5146 1195 5185 esse
1217 5129 1307 5197 decet,
1323 5130 1418 5185 divina
1439 5130 1529 5203 piatas
1543 5146 1593 5185 vos
1617 5131 1649 5186 in
1667 5135 1793 5186 aterum

126 5242 215 5299 nsque
229 5226 259 5280 in
272 5224 347 5281 diem
357 5223 467 5294 mortis,
484 5239 544 5278 non
560 5223 621 5278 stne
632 5240 681 5295 spe
691 5226 788 5278 tamen
801 5223 943 5279 remissio·
990 5227 1131 5296 protegat.

125 5319 179 5389 nis,
197 5336 283 5392 quarn
298 5319 334 5374 ab
348 5334 380 5374 eo
400 5318 483 5390 plene
505 5334 620 5389 sperare
640 5316 796 5384 debebunt,
816 5316 866 5387 qui
881 5317 942 5388 ejus
1149 5319 1270 5391 Explicit
1287 5320 1440 5376 concilium
1453 5320 1646 5378 Valentinum.

524 5584 721 5652 INCIPIUNT
742 5583 940 5655 capitula
964 5589 1131 5656 CONCILII
1153 5591 1406 5695 thRINhTIS.

132 5732 136 5737 '
161 5729 186 5779 l.
200 5726 236 5781 tlt
247 5725 297 5797 qni
312 5725 512 5799 approbaverit
533 5741 616 5782 suam
631 5725 773 5783 civitatem
788 5733 938 5803 metropo·
1026 5726 1785 5806 2.Utepisc.quicontrastatutafacianthonoreprit.

122 5815 174 5876 lim
186 5816 283 5888 fuisse,
296 5823 390 5875 teneat
402 5819 568 5891 primatum.
1024 5828 1050 5881 3.
1068 5827 1106 5881 lte
1119 5826 1197 5883 latria
1212 5827 1260 5905 qui
1273 5826 1385 5883 clericis
1393 5826 1501 5884 ortmen
1513 5824 1680 5884 intendunt.
