3870 6150
58 290 113 347 205
661 290 898 346 bucuu'lntlu'lt
916 290 1106 346 coutetur).
1169 325 1171 329 -
1691 293 1742 349 200

61 399 178 473 guitatis
196 398 396 469 aestimatione,
410 399 543 471 patiatur.
561 401 617 454 Nec
632 400 693 454 foro
706 399 760 453 sibi
772 398 881 454 noverit
891 409 920 482 Α
931 398 1014 453 dilexi
1035 415 1084 453 eos
1106 399 1177 452 sicut
1201 413 1248 453 mc
1269 400 1400 455 dilexisti.
1426 403 1516 469 Pater,
1544 417 1616 472 quos
1637 400 1743 455 dedisti

62 494 209 551 licentiam
218 493 376 550 mentiendi
386 511 450 548 cum
460 493 665 548 calumniantes
679 494 714 548 ad
724 493 878 548 vindictam
927 493 1009 562 mihi,
1028 493 1100 558 volo,
1116 495 1149 546 ut
1170 492 1218 547 ubi
1238 509 1292 563 ego
1313 510 1376 547 sum
1395 498 1423 547 et
1438 494 1478 548 illi
1498 494 1555 548 sint
1570 509 1693 564 mecum,
1710 496 1743 549 ut

64 593 159 661 poscat
173 587 332 642 similitudo
346 587 484 660 supplicii.
501 587 630 642 llaeretici
644 587 721 640 euim
735 603 835 641 omnes
850 591 879 641 et
927 587 1043 640 rideant
1058 586 1216 640 claritatem
1233 602 1329 640 meam
1348 603 1433 656 quam
1451 587 1552 642 dedisti
1567 587 1654 655 mihi,
1675 588 1742 659 quie

65 683 196 753 suspecti,
205 681 490 747 etcxcommunicati,
499 679 648 734 homicidae
658 696 782 750 quoque,
790 681 876 750 atquo
928 680 1050 734 dilexisti
1059 696 1106 733 me
1118 682 1184 734 aute
1195 679 1426 734 constitutionem
1437 679 1548 735 mundi.
1562 683 1646 735 Pater
1653 681 1740 751 juste,

66 775 192 843 malefici,
207 776 292 843 fures,
305 774 442 845 sacrilegi,
455 772 732 851 raptores,veuotlci,
743 772 875 840 adulteri,
926 772 1052 828 mundus
1064 777 1092 826 te
1109 789 1167 827 non
1183 771 1325 843 coguovit,
1342 789 1397 842 ego
1411 777 1508 827 alitem
1524 776 1551 828 te
1567 774 1697 845 cognovi,
1712 778 1741 828 et

67 876 88 924 ct
113 869 165 941 qni
193 874 308 939 raptum
333 867 462 933 fecerint,
486 867 531 920 vel
555 867 656 921 falsum
683 866 877 921 testimonium
927 866 957 920 hi
977 869 1181 937 coguoverunt,
1202 865 1269 936 quia
1284 869 1314 919 tu
1335 881 1381 919 me
1397 865 1512 934 misisti;
1527 870 1555 920 et
1568 870 1667 921 notum
1687 867 1740 922 feci

68 963 192 1027 dixerint,
207 977 257 1015 sen
276 960 325 1032 qui
342 960 378 1014 ad
392 961 538 1030 sortilegos
552 975 708 1031 magosque
723 974 875 1014 concurre·
927 959 968 1013 eis
981 975 1086 1014 nomeu
1099 965 1191 1025 tuum,
1212 964 1240 1012 et
1255 961 1355 1012 notum
1373 958 1484 1026 faciam,
1505 964 1536 1012 ut
1558 958 1670 1014 dilectio
1686 977 1741 1032 qua

68 1057 127 1120 rint,
143 1054 309 1108 nullatcnus
328 1053 364 1108 ad
384 1053 593 1108 accusationem
612 1055 679 1106 sunt
694 1051 875 1106 admittendi.
928 1051 1050 1106 dilexisti
1065 1068 1112 1106 me
1129 1052 1158 1106 in
1175 1051 1245 1122 ipsis
1260 1052 1296 1105 sit
1315 1055 1343 1106 et
1361 1068 1415 1121 ego
1437 1051 1466 1105 in
1484 1051 1551 1122 ipsis
1569 1051 1654 1120 (Joou.
1672 1069 1739 1119 xvu,

30 1196 34 1202 .
69 1148 133 1202 lulli
146 1147 252 1201 infami
263 1163 390 1218 unquam
404 1151 487 1218 atque
501 1145 639 1216 sacrilego
652 1145 687 1198 de
704 1161 877 1216 quocunque
928 1148 1009 1215 6-26).
1023 1166 1036 1194 »
1051 1147 1085 1200 ut
1098 1145 1175 1198 idem
1186 1146 1307 1199 loannes
1323 1146 1468 1214 apostolus
1481 1148 1509 1199 et
1520 1144 1693 1216 evangelista
1712 1146 1741 1199 in

70 1241 177 1311 negotio
208 1241 292 1294 liceat
317 1241 450 1294 adversus
478 1238 644 1309 religiosum
673 1238 875 1306 Christianum,
927 1239 1019 1310 prima
1037 1238 1156 1308 epistola
1173 1253 1224 1292 sua
1242 1239 1378 1309 loquitur,
1395 1237 1513 1292 dicens:
1533 1257 1546 1285 u
1566 1237 1741 1307 charissimi,

70 1333 191 1405 quamvis
201 1333 318 1388 humilis
330 1333 493 1404 servilisque
503 1348 625 1402 persona
633 1332 668 1386 sit
680 1332 876 1387 testimonium
927 1332 1079 1401 diligamus
1092 1331 1223 1397 invicem,
1238 1331 1304 1402 quia
1316 1331 1437 1385 charitas
1451 1347 1484 1386 cx
1497 1331 1554 1385 Deo
1566 1334 1618 1386 est.
1630 1331 1665 1384 Et
1677 1346 1741 1385 om·

70 1427 164 1492 dicere,
180 1442 235 1480 nec
250 1427 284 1480 de
303 1426 430 1496 qualibet
447 1442 477 1480 re
497 1425 609 1479 actione
631 1426 673 1479 vel
694 1425 876 1496 inscriptione
927 1426 971 1479 uis
985 1425 1034 1496 qui
1048 1425 1150 1495 diligit,
1164 1425 1267 1480 exDeo
1281 1428 1429 1491 natusest,
1444 1429 1472 1479 ot
1483 1424 1629 1494 cognoscit
1638 1424 1740 1479 Deum.

71 1520 256 1575 Christianum
278 1520 427 1589 impetere.
448 1519 588 1574 Omnibus
608 1535 724 1589 quoquc
748 1519 877 1573 similiter
928 1519 980 1582 Qui
994 1534 1050 1572 non
1064 1518 1165 1589 diligit,
1180 1535 1237 1572 non
1251 1518 1327 1572 novit
1338 1519 1436 1586 Deum,
1451 1518 1517 1589 quia
1532 1518 1607 1573 Deus
1618 1516 1741 1572 charitas

70 1612 213 1667 acusandi
236 1613 280 1667 vel
305 1612 473 1666 testificandi
495 1611 610 1666 licentia
639 1611 801 1682 denegetur
828 1611 877 1682 qui
927 1615 977 1665 cst.
993 1613 1022 1664 ln
1035 1612 1089 1665 hoc
1103 1610 1235 1683 apparuit
1248 1612 1372 1666 charitas
1388 1611 1439 1665 Dei
1454 1611 1483 1664 in
1500 1610 1590 1680 nobis,
1606 1609 1742 1681 qnoniam

67 1706 226 1763 Christianae
242 1705 389 1775 religionis
404 1709 432 1759 et
450 1705 574 1759 nominis
590 1705 759 1777 dignitatem
776 1708 804 1758 et
818 1721 876 1759 suat
926 1703 1028 1758 Filium
1043 1720 1127 1758 suum
1139 1705 1322 1775 unigenitum
1333 1704 1411 1759 misit
1420 1705 1493 1758 Deus
1505 1704 1535 1759 iu
1549 1704 1699 1774 mundum,
1711 1707 1743 1757 ut

66 1799 128 1870 legis
138 1800 183 1853 vel
199 1798 243 1853 sui
256 1798 402 1870 praepositi
415 1814 547 1852 normam
560 1803 610 1852 aut
629 1798 796 1870 regulariter
808 1814 874 1868 pro·
887 1770 915 1842 Β
927 1797 1053 1851 vivamus
1065 1813 1116 1866 per
1128 1813 1204 1852 eum.
1216 1798 1246 1851 ln
1261 1797 1315 1851 hoc
1327 1803 1369 1852 est
1381 1797 1514 1864 charitas,
1527 1813 1584 1851 non
1598 1799 1677 1868 quusi
1689 1813 1741 1850 uos

66 1892 147 1947 hibita
166 1891 360 1963 neglexerint.
377 1890 513 1946 Similiter
532 1891 717 1961 prohibemus
736 1895 769 1945 ut
790 1892 876 1946 nullae
926 1890 1110 1944 dilexerimus
1125 1892 1224 1958 Deum,
1240 1891 1289 1944 sed
1302 1890 1438 1961 quoniam
1451 1890 1511 1960 ipso
1526 1890 1623 1944 dilexit
1635 1907 1696 1957 nos,
1713 1895 1742 1945 et

64 2002 149 2040 causae
166 2002 184 2039 a
200 1984 344 2055 judicibus
359 1984 558 2038 Ecclesiasticis
572 1984 732 2050 audiantur,
754 2000 818 2055 quin
831 1984 874 2037 le·
926 1983 1005 2037 misit
1018 1982 1119 2037 Filium
1133 1999 1217 2036 suum
1231 1983 1461 2054 propitiationem
1476 1999 1529 2053 pro
1545 1984 1667 2053 peccatis
1686 2000 1740 2037 no·

56 2074 138 2149 'gibus
150 2095 211 2132 non
229 2077 423 2144 continentur,
440 2077 484 2129 vol
500 2093 564 2146 quac
581 2076 731 2146 prohibita
749 2093 810 2131 osse
826 2094 875 2131 no·
926 2076 986 2131 tris.
1014 2075 1185 2141 charissimi,
1215 2076 1237 2129 si
1263 2076 1301 2128 sic
1324 2077 1397 2129 Deus
1424 2075 1523 2131 dilexit
1548 2092 1610 2143 nos,
1636 2080 1664 2130 ct
1689 2092 1741 2130 nos

61 2175 185 2226 scuntur.
197 2172 263 2224 ilaec
276 2186 333 2224 non
347 2170 439 2224 solum
455 2169 665 2236 Ecclesiasticce,
679 2169 768 2223 sedet
780 2170 875 2224 srcculi
926 2170 1062 2223 debemus
1077 2169 1249 2222 alterutrum
1262 2168 1391 2239 diligere.
1404 2169 1495 2222 Deum
1509 2184 1595 2223 nemo
1607 2169 1679 2223 vidit
1693 2186 1743 2224 un·

59 2265 132 2336 leges
145 2263 298 2318 observare
310 2261 488 2333 precipiunt.
503 2262 563 2315 Non
578 2261 656 2316 enim
672 2261 778 2332 passim
792 2278 874 2333 vage·
925 2277 1022 2331 quam.
1037 2260 1067 2314 Si
1084 2259 1236 2330 diligamus
1254 2260 1386 2329 invicem,
1403 2261 1476 2314 Deus
1494 2261 1525 2314 iu
1539 2259 1621 2315 uobis
1633 2265 1758 2329 manet·

61 2372 110 2427 que
120 2355 302 2410 sacerdotum
314 2355 456 2409 accusatio
470 2353 556 2408 debet
568 2353 639 2407 lieri.
656 2354 737 2424 Nam,
753 2355 776 2407 si
791 2354 873 2408 facile
925 2359 953 2408 et
965 2353 1087 2407 charitas
1102 2353 1162 2422 ejus
1176 2353 1206 2407 iu
1221 2352 1302 2407 nobis
1315 2354 1440 2423 perlecta
1456 2357 1507 2407 est.
1523 2354 1553 2407 ln
1569 2354 1621 2408 hoc
1635 2370 1740 2424 coguo-

60 2450 266 2514 admitteretur‚
277 2447 411 2519 perpauci
424 2447 510 2501 nimis
519 2447 725 2513 invenirentur,
736 2447 802 2518 quia
814 2464 873 2502 om·
924 2447 1039 2514 scimus,
1053 2446 1188 2518 quoniam
1204 2446 1233 2499 in
1247 2462 1281 2500 eo
1301 2462 1462 2515 manemus,
1478 2451 1507 2500 et
1527 2447 1629 2518 ipsein
1647 2447 1739 2514 uobis,

59 2558 105 2596 nes
118 2541 168 2613 qui
181 2543 230 2613 pie
242 2542 342 2594 volunt
357 2541 452 2594 vivore
467 2540 497 2594 in
511 2540 633 2609 Christo,
645 2540 873 2611 persecutionem
924 2540 1061 2610 quoniam
1074 2540 1108 2594 de
1122 2539 1228 2610 Spiritu
1243 2556 1293 2593 suo
1306 2539 1384 2594 dedit
1397 2540 1489 2594 nohis.
1506 2541 1539 2594 Et
1552 2556 1603 2593 uos
1617 2540 1739 2595 vidimus

60 2635 212 2706 patiuntur.
225 2634 411 2688 Reatitameu
425 2633 474 2704 qui
485 2632 713 2705 persecutionem
726 2633 873 2703 patiuntur
923 2636 952 2688 et
968 2633 1161 2701 testificamur,
1178 2633 1314 2703 quoniam
1333 2635 1415 2687 Pater
1433 2633 1511 2687 misit
1534 2633 1637 2687 Filium
1655 2650 1740 2689 suum

60 2731 173 2799 propter
184 2726 339 2798 justitiam.
354 2726 434 2781 Unde
450 2732 478 2780 ct
494 2726 556 2797 ipsa
572 2743 625 2797 per
641 2743 670 2779 sc
689 2725 796 2780 Veritas
810 2727 869 2780 ait:
923 2727 1092 2781 salvatorem
1113 2726 1220 2780 mundi.
1241 2725 1373 2796 Quisquis
1394 2726 1538 2781 confessus
1559 2727 1654 2796 suerit,
1671 2743 1741 2798 quo-

60 2841 72 2871 ι
86 2822 175 2887 Pater,
191 2820 373 2874 manifestavi
389 2835 491 2873 nomen
513 2823 596 2874 tuum
615 2819 781 2873 hominibus
802 2836 872 2890 quos
922 2819 999 2874 niam
1012 2821 1091 2874 lesus
1104 2822 1146 2874 est
1158 2820 1246 2873 Filius
1259 2819 1321 2887 Dei,
1337 2820 1409 2874 Dens
1424 2819 1452 2874 in
1466 2835 1499 2874 eo
1515 2823 1621 2889 manet,
1637 2823 1665 2874 et
1679 2820 1738 2892 ipsc

60 2914 156 2968 dedisti
170 2913 244 2967 mihi
258 2913 294 2968 de
307 2913 415 2967 mundo
428 2929 434 2967 :
448 2913 499 2967 'lui
514 2916 596 2966 erant
608 2915 637 2968 ct
649 2912 719 2966 mihi
731 2928 778 2967 eos
792 2912 869 2966 dedi·
922 2912 951 2965 in
967 2913 1034 2966 Deo.
1050 2914 1082 2967 Et
1100 2929 1150 2966 uos
1165 2912 1363 2983 cognovimus,
1378 2917 1405 2967 et
1424 2912 1594 2967 credidimus
1609 2912 1737 2968 charitati

10 2996 14 3001 ¹
59 3008 99 3074 sti,
110 3012 137 3062 ct
151 3022 318 3061 sermonem
334 3009 415 3061 tuum
430 3008 623 3059 servaverunt.
637 3006 717 3058 Nunc
730 3021 870 3075 cognoro·
921 3005 1237 3076 quamhabetDeusin
1255 3005 1348 3060 nobis.
1365 3005 1438 3060 Deus
1451 3006 1574 3060 charitas
1587 3011 1629 3062 est
1644 3009 1672 3062 et
1690 3007 1739 3078 qui

58 3105 120 3154 nint
131 3099 203 3171 quia
217 3099 317 3153 omnia
331 3115 394 3170 qnae
407 3097 510 3153 dedisti
526 3098 596 3152 mihi
610 3097 658 3151 abs
672 3101 699 3152 te
714 3101 790 3167 suut,
806 3098 873 3169 quia
922 3100 1018 3153 manet
1036 3098 1066 3152 in
1085 3099 1235 3166 charitate,
1255 3100 1284 3152 in
1305 3101 1362 3154 Deo
1382 3102 1489 3165 manet,
1506 3105 1534 3154 et
1551 3100 1624 3154 Deus
1643 3100 1672 3155 in
1693 3117 1736 3155 eo.

59 3194 137 3248 rerba
152 3209 219 3265 quae
235 3190 335 3247 dedisti
351 3191 401 3259 eis,
416 3196 445 3246 et
461 3190 516 3263 ipsi
530 3194 703 3262 acceperuut
718 3196 746 3245 et
763 3207 870 3261 cogno·
922 3193 952 3245 ln
970 3192 1023 3246 hoc
1039 3194 1165 3262 perlecta
1181 3196 1225 3246 est
1243 3192 1365 3247 charitas
1383 3192 1543 3260 uobiscum,
1559 3195 1591 3247 ut
1605 3193 1737 3249 fiduciam

59 3291 154 3341 renrnt
167 3302 237 3340 vere
252 3285 320 3356 quia
333 3301 350 3338 a
364 3289 392 3340 te
406 3284 489 3351 exivi,
505 3287 535 3338 et
549 3284 738 3350 crediderunt,
755 3283 823 3355 quia
841 3290 871 3340 tu
922 3284 1082 3339 habeamus
1096 3285 1126 3340 in
1144 3285 1190 3340 dic
1202 3285 1313 3356 judicii,
1332 3287 1398 3357 quia
1414 3286 1486 3340 sicut
1505 3286 1553 3340 ille
1572 3291 1623 3357 ost,
1640 3290 1668 3342 et
1687 3304 1738 3342 nos

59 3396 100 3435 mc
111 3379 225 3435 misisti.
241 3379 300 3449 Ego
313 3394 366 3448 pro
380 3377 421 3432 eis
434 3393 516 3448 rogo,
531 3393 588 3431 nou
604 3393 654 3448 pro
669 3377 777 3431 mundo
791 3394 869 3450 rogo,
922 3394 1020 3431 sumus
1036 3379 1064 3431 in
1079 3379 1133 3432 hoc
1152 3378 1270 3433 mundo.
1291 3378 1388 3434 Timor
1406 3396 1463 3433 non
1481 3383 1524 3434 est
1541 3379 1570 3434 iu
1588 3380 1735 3449 charitate,

59 3474 101 3528 scd
116 3491 169 3545 pro
183 3472 224 3526 cis
239 3488 311 3543 quos
323 3471 425 3526 dedisti
439 3471 520 3538 mihi,
534 3471 600 3543 quia
613 3470 654 3524 tui
670 3475 745 3525 sunt.
762 3473 795 3526 Et
808 3488 871 3527 mea
921 3470 972 3524 sed
986 3471 1112 3540 perlecta
1125 3472 1249 3526 charitas
1261 3472 1337 3526 toras
1347 3472 1433 3527 mittit
1446 3473 1589 3538 timorem,
1601 3472 1736 3544 quoniam

58 3567 146 3622 omnia
160 3570 212 3621 tua
224 3567 300 3631 sunt,
313 3568 342 3618 et
357 3567 405 3619 tua
417 3580 482 3618 moa
496 3567 570 3633 sunt,
585 3569 613 3618 ct
627 3563 794 3618 clarificatus
807 3581 871 3619 sum
921 3562 1007 3616 timor
1020 3579 1136 3632 poenam
1148 3563 1242 3617 habet.
1258 3563 1312 3627 Qui
1326 3570 1422 3619 autom
1438 3565 1529 3635 timet,
1544 3582 1603 3620 non
1618 3569 1662 3620 est
1674 3582 1736 3637 per-

58 3660 84 3713 in
100 3661 149 3715 eis.
167 3661 201 3714 Et
211 3659 275 3730 jam
293 3674 351 3712 nou
369 3674 434 3712 sum
451 3657 480 3712 in
497 3658 614 3723 mundo,
629 3661 657 3712 et
674 3657 704 3710 hi
720 3657 749 3711 ιιι
763 3658 869 3713 mundo
920 3656 1010 3709 lectus
1031 3655 1060 3708 iu
1080 3656 1227 3710 charitate.
1251 3658 1305 3710 Nos
1327 3672 1395 3727 ergo
1417 3657 1568 3729 diligamus
1587 3660 1686 3726 Deum,
1708 3664 1736 3714 et

59 3757 125 3822 sunt,
143 3757 174 3808 et
188 3768 244 3824 ogo
257 3751 294 3806 ad
310 3754 339 3804 te
354 3750 447 3804 venio.
462 3752 543 3806 Pater
557 3753 664 3817 sancte,
680 3766 759 3803 sorva
775 3766 824 3804 cos
839 3751 868 3805 iu
920 3747 1055 3818 quoniam
1070 3749 1144 3802 Deus
1157 3748 1235 3819 prior
1249 3748 1347 3803 dilexit
1359 3766 1421 3803 nos.
1431 3750 1459 3803 Si
1471 3751 1535 3822 quis
1548 3751 1651 3807 dixerit
1663 3769 1732 3824 quo·

58 3845 164 3900 nomine
180 3848 230 3899 tuo
252 3860 322 3915 quos
342 3843 446 3898 dedisti
465 3843 544 3913 mihi,
560 3847 593 3896 ιιι
612 3859 702 3897 ιιιιιιιιι
725 3843 782 3897 sint
797 3844 870 3898 sicut
920 3841 997 3895 uiam
1013 3841 1100 3912 diligo
1113 3843 1203 3896 Deum
1219 3846 1248 3896 et
1264 3843 1382 3897 tratrem
1398 3859 1481 3896 suum
1496 3844 1596 3912 oderit,
1610 3846 1733 3899 mendax

59 3941 82 3991 et
96 3954 156 3993 nos.
182 3938 256 3993 Cum
277 3952 368 3991 essem
386 3951 450 3989 cum
471 3936 510 3990 eis
532 3953 584 4007 ego
606 3935 753 3990 servabam
774 3953 821 3991 cos
839 3937 867 3990 in
919 3934 1034 3998 cst.0ui
1045 3938 1140 3988 autem
1152 3952 1208 3989 nou
1220 3936 1312 4006 diligit
1325 3937 1442 3990 fratrom
1456 3953 1539 3990 sunm
1550 3938 1731 4008 quemridet,

60 4031 164 4085 nonriue
178 4034 242 4084 tuo.
261 4029 338 4094 Quos
351 4028 456 4083 dedisti
471 4029 552 4097 mihi,
567 4028 718 4097 custodivi,
735 4034 764 4083 et
775 4016 868 4084 'nomo
919 4029 1009 4081 Deum
1024 4044 1111 4098 quem
1123 4045 1182 4083 non
1197 4029 1273 4083 videt
1289 4029 1431 4099 quomodo
1447 4033 1539 4100 potest
1554 4030 1692 4102 diligeret
1704 4035 1732 4087 et

63 4139 88 4175 ex
106 4124 149 4177 his
169 4123 267 4195 periit,
289 4121 344 4175 nisi
365 4120 440 4175 iliius
464 4121 648 4192 perditionis,
670 4125 702 4175 ut
723 4122 868 4192 Scriptura
918 4122 971 4176 hoc
983 4122 1300 4176 mandatumhabcmus
1314 4122 1408 4191 aDeo,
1419 4126 1451 4177 ut
1463 4123 1512 4194 qui
1526 4124 1618 4194 diligit
1629 4126 1729 4192 Deum,

63 4213 211 4288 impleatur.
226 4216 306 4269 Nunc
323 4218 419 4269 autern
437 4215 472 4270 ad
491 4219 518 4269 te
536 4216 627 4283 venio,
642 4219 671 4269 et
689 4215 749 4269 haec
767 4216 867 4287 loquor
917 4217 947 4268 et
961 4215 1060 4285 diligat
1077 4215 1192 4268 fratrom
1207 4231 1301 4269 suum.
1314 4215 1411 4269 Omnis
1427 4215 1475 4287 qui
1494 4216 1582 4271 credit
1594 4218 1730 4289 quoniam

64 4306 216 4377 inmundo,
231 4311 262 4361 ut
274 4307 400 4362 habe-ant
413 4308 550 4380 gaudium
563 4324 660 4362 meum
672 4308 822 4379 impletum
836 4309 865 4362 in
915 4309 993 4362 Jesus
1009 4310 1051 4361 cst
1067 4308 1194 4362 Christus
1207 4325 1240 4362 ex
1253 4310 1308 4362 Deo
1321 4314 1413 4378 natus,
1428 4312 1458 4363 et
1472 4310 1565 4363 omnis
1577 4311 1625 4382 qui
1638 4312 1731 4383 diligit

10 4390 12 4399 '
66 4402 220 4473 semetipsis.
232 4401 291 4471 ligo
302 4401 367 4455 dedi
380 4402 595 4456 eissermoucm
607 4405 689 4456 tuum
700 4407 729 4457 et
741 4401 866 4456 mundus
916 4416 983 4454 cum
1000 4400 1049 4472 qui
1063 4401 1173 4471 genuit,
1188 4400 1281 4472 diligit
1297 4418 1363 4455 cum
1378 4403 1426 4473 qui
1442 4406 1524 4456 natus
1539 4408 1627 4458 estex
1642 4421 1684 4459 oo.
1698 4407 1728 4460 ln

63 4493 112 4549 odio
128 4494 234 4549 habuit
246 4510 303 4562 eos,
322 4494 389 4566 quia
407 4510 463 4549 nou
478 4499 545 4549 sunt
559 4495 594 4549 dc
611 4494 729 4563 mundo,
746 4495 818 4549 sicut
837 4493 904 4564 etl)
915 4494 1330 4564 hoccoguoscimus,quoniam
1342 4494 1487 4564 diligimus
1498 4499 1582 4549 natos
1592 4497 1652 4566 Dei,
1664 4515 1728 4552 cum

63 4601 103 4656 ego
114 4605 174 4643 non
190 4604 256 4642 sum
271 4587 305 4642 de
320 4587 439 4642 mundo.
455 4589 517 4643 Nou
536 4605 606 4658 rogo
620 4591 651 4642 ut
668 4588 749 4642 tollas
763 4605 810 4642 eos
830 4588 865 4643 de
914 4587 1005 4640 Deum
1019 4586 1180 4656 diligamus,
1192 4589 1220 4640 et
1233 4588 1367 4641 mandata
1381 4587 1442 4657 ejus
1451 4587 1598 4658 faciamus,
1612 4589 1673 4644 haec
1686 4595 1730 4646 cst

63 4680 166 4745 mundo,
183 4679 235 4736 sed
259 4682 291 4733 ut
307 4697 400 4735 serves
419 4696 466 4734 cos
486 4697 502 4735 a
522 4680 607 4735 malo.
625 4682 661 4734 De
677 4681 786 4735 mundo
807 4698 863 4735 non
915 4679 991 4732 enim
1007 4679 1130 4733 charitas
1143 4679 1204 4746 Dei,
1220 4683 1251 4733 ut
1265 4679 1399 4733 mandato
1413 4680 1473 4750 ejus
1484 4681 1686 4752 custodiamus,
1701 4691 1728 4740 et

62 4775 211 4840 sunt,sicut
232 4789 287 4844 ego
305 4790 363 4828 non
380 4789 442 4827 sum
458 4773 493 4828 de
512 4774 629 4827 mundo.
647 4773 795 4828 Sanctitica
815 4791 864 4829 eos
913 4772 1047 4826 mandata
1066 4772 1125 4842 ejus
1150 4773 1245 4842 gravio
1266 4789 1322 4827 non
1350 4777 1415 4827 sunt
1433 4772 1465 4843 (l
1480 4777 1558 4830 loon.
1586 4793 1621 4845 iv,
1647 4781 1726 4848 7-213

61 4862 220 4922 inveritate.
236 4866 336 4922 Sermo
351 4871 416 4921 tuus
430 4866 533 4921 veritas
547 4872 597 4921 cst.
614 4866 691 4921 Sicut
704 4882 748 4921 me
761 4866 862 4921 misisti
913 4881 939 4932 r,
959 4865 1020 4936 t-t).
1036 4885 1050 4911 u

60 4955 240 5025 inmundum,
255 4965 283 5015 et
296 4977 349 5032 ego
363 4959 428 5013 misi
441 4976 488 5014 eos
502 4959 531 5013 iu
544 4960 695 5014 mundum.
710 4960 743 5012 Et
757 4975 808 5029 pro
822 4959 862 5013 cis
948 4960 982 5013 Et
990 4975 1042 5030 per
1054 4960 1224 5031 prophetam
1236 4960 1371 5014 Dominus
1384 4962 1527 5016 mouendo
1539 4980 1574 5017 no
1585 4964 1728 5021 ludantur

10 5052 12 5059 '
60 5065 99 5121 ego
112 5053 257 5109 sanctifico
267 5053 419 5125 meipsum,
433 5058 465 5108 ut
478 5053 533 5107 sint
547 5056 575 5107 et
588 5052 640 5124 ipsi
655 5053 820 5107 sanctificati
832 5053 862 5107 in
913 5050 1044 5123 discipuli
1069 5052 1123 5122 sui,
1149 5069 1305 5125 eorumque
1325 5069 1511 5124 successoros,
1534 5055 1625 5130 inquit
1642 5075 1649 5113 z
1671 5059 1727 5113 Cir·

59 5147 159 5202 salute
170 5165 177 5213 3
189 5164 247 5201 non
261 5164 312 5219 pro
327 5147 368 5201 eis
378 5151 475 5202 autem
488 5164 558 5219 rogo
574 5151 696 5213 tantum,
709 5146 756 5201 sed
769 5151 797 5201 et
808 5163 860 5218 pro
912 5144 1027 5199 cumdat
1043 5145 1160 5216 angelus
1179 5145 1294 5200 Domini
1316 5147 1345 5201 in
1367 5163 1438 5219 gyro
1457 5147 1589 5204 timentes
1607 5167 1683 5217 eum,
1700 5156 1727 5204 et

58 5237 147 5312 eisqui
162 5240 301 5296 credituri
320 5243 387 5294 sunt
401 5240 583 5311 perverbum
600 5256 699 5295 corum
713 5239 743 5293 in
759 5255 814 5307 me,
832 5243 862 5293 ut
912 5241 992 5292 cruet
1005 5254 1063 5293 eos.
1080 5239 1195 5293 Gustatc
1209 5243 1237 5293 ot
1248 5240 1340 5296 ridete
1354 5242 1490 5312 quoniam
1506 5243 1598 5298 bonus
1613 5247 1656 5298 est
1670 5244 1723 5297 Du-

57 5345 143 5389 crnncs
160 5349 255 5388 unum
272 5333 340 5403 siut,
362 5332 433 5387 sicut
448 5337 479 5388 tu
499 5333 625 5387 Peterin
640 5350 697 5401 me,
717 5337 744 5387 et
762 5348 815 5404 ogo
831 5333 861 5387 in
911 5331 1015 5387 minus.
1028 5333 1127 5386 Beatus
1136 5333 1180 5386 ιιι
1189 5334 1237 5405 qui
1250 5337 1344 5405 sperat
1355 5335 1384 5390 iu
1397 5352 1440 5391 eo.
1454 5336 1561 5391 Timete
1574 5335 1724 5390 Dominum

55 5426 81 5494 tc,
96 5431 127 5481 ut
140 5430 169 5481 et
182 5425 239 5499 ipsi
256 5425 286 5481 iu
303 5426 384 5482 nobis
396 5443 488 5482 unum
507 5427 571 5496 sint,
587 5431 618 5481 ιιι
630 5427 752 5481 mundus
766 5426 861 5482 credat
911 5441 1009 5481 omnes
1024 5425 1115 5481 sancti
1128 5426 1198 5497 ejus,
1212 5428 1349 5499 quoniam
1361 5445 1420 5484 non
1436 5435 1478 5485 est
1489 5429 1584 5500 inopia
1596 5428 1723 5483 timenti-

54 5519 109 5588 uia
123 5525 154 5575 tn
167 5535 217 5575 me
233 5518 346 5576 misisti.
361 5521 396 5575 Et
410 5536 464 5593 ego
480 5519 636 5575 claritatem
654 5535 739 5592 quam
760 5519 860 5575 dedisti
909 5519 963 5575 bus
974 5535 1050 5574 eum.
1061 5519 1168 5575 leones
1177 5521 1365 5593 indiguerunt
1375 5527 1403 5577 et
1410 5523 1579 5589 esurierunt,
1591 5537 1723 5594 quaren-

52 5611 122 5684 nihi,
136 5613 205 5670 dedi
219 5613 270 5682 eis,
287 5616 321 5669 ιιι
336 5614 392 5671 siut
408 5630 497 5669 uuum
510 5614 583 5669 sicut
597 5617 626 5668 et
639 5630 691 5668 nos
704 5629 796 5669 unum
811 5631 858 5668 su·
909 5612 985 5668 tibus
1008 5618 1105 5669 autem
1130 5615 1283 5670 Dominum
1305 5633 1362 5671 non
1388 5615 1477 5671 deerit
1498 5630 1582 5670 omne
1604 5615 1721 5670 bonum.

50 5719 114 5764 nus.
130 5709 191 5782 Ego
204 5707 235 5763 in
252 5706 294 5762 eis
308 5712 337 5764 et
349 5710 381 5764 tu
395 5708 424 5762 in
439 5724 494 5777 me,
510 5711 543 5764 ut
557 5707 613 5764 sint
626 5707 815 5763 consummati
830 5707 859 5762 in
908 5707 1069 5777 Ambulate,
1087 5707 1147 5776 tilii,
1164 5708 1259 5763 audite
1273 5725 1328 5781 me,
1341 5708 1474 5764 timorem
1491 5707 1606 5764 Domini
1617 5709 1727 5766 docebo

50 5814 144 5874 unum,
158 5806 194 5860 ut
207 5803 360 5875 cognoscat
377 5802 510 5875 mundus,
525 5801 592 5877 quia
605 5784 638 5859 ιῖι
652 5817 698 5858 me
716 5800 816 5857 misisti
831 5804 859 5857 et
908 5816 968 5858 vos.
982 5801 1048 5871 Quis
1066 5806 1108 5862 est
1126 5801 1169 5860 ιιι
1185 5802 1236 5880 qui
1251 5802 1324 5865 astu
1338 5803 1444 5875 ritum,
1459 5801 1558 5880 diligit
1569 5803 1634 5863 dics
1645 5803 1753 5862 uthere
