3870 6150
615 270 851 334 bucnerulo'u
869 274 1064 333 cotteeuu.
1624 285 1676 346 liu

105 385 208 439 uidam
235 383 359 439 decrevit
389 384 556 455 concilium,
587 388 618 439 ut
644 385 811 457 hujusmodi
823 389 937 469 Actum
954 385 1038 458 elegit
1055 387 1259 454 consiliumet
1269 389 1438 446 ludaisnon
1452 392 1534 448 liceat
1543 395 1676 451 Christia-

105 491 220 532 asseres
251 476 404 549 pontificali
437 479 604 535 auctoritate
629 480 748 535 correcti
776 480 812 535 ed
861 495 913 534 nos
925 495 1029 548 servos,
1044 496 1096 535 nec
1107 480 1266 537 Christiana
1283 484 1423 556 mancipia
1436 502 1544 558 emere,
1559 505 1610 544 nee
1625 507 1674 546 cu·

126 571 279 628 Christiani
298 571 442 643 dogmatis
457 578 626 629 revocentur
639 580 668 628 ut
680 591 750 646 quos
762 590 812 629 ro·
858 573 995 645 jusquam
1019 574 1154 645 consequi
1181 574 1352 647 largitatem.
1368 579 1450 634 Nefas
1471 580 1548 637 enim
1573 587 1625 654 est,
1645 590 1676 639 ut

106 665 221 737 propria
236 682 295 721 non
310 666 444 721 emendat
456 666 666 722 animadversio
681 667 810 722 sacerdo·
861 667 993 722 membra
1024 667 1128 724 Christi
1165 669 1289 725 serviant
1324 672 1489 728 antichristi
1525 675 1674 743 ministris,

105 762 211 814 arceat.
225 761 278 814 Eos
291 765 387 815 autern
405 776 476 831 quos
490 761 708 829 circumcidunt,
723 761 747 815 si
759 760 811 816 filii
861 760 937 831 quod
951 760 974 815 si
988 761 1124 832 deinceps
1137 777 1232 817 servos
1245 763 1419 821 Christianos
1433 767 1477 822 rel
1495 769 1611 825 ancillas
1625 773 1674 827 Ju-

116 855 223 921 sunt,a
245 858 399 926 parentum
420 855 561 910 consortio
589 858 766 927 separentur,
787 854 810 909 si
860 853 914 908 diei
927 853 1032 909 habere
1046 856 1289 927 praesumpserint,
1305 857 1409 912 sublati
1422 860 1458 914 ab
1471 876 1571 917 eorum
1584 864 1676 920 domi-

104 961 144 1001 rre
158 945 263 1016 injuria
275 947 401 1018 corporis
417 948 460 1002 sui
474 948 599 1003 libertati
614 949 773 1003 tradantur.
859 949 928 1001 natu
943 947 1102 1003 libertatem
1117 965 1133 1003 a
1146 949 1275 1022 principe
1293 936 1513 1023 consequantur.

107 1039 272 1095 ludaeorum
288 1041 363 1097 filios
375 1042 418 1096 vel
438 1041 557 1097 filiasue
572 1046 723 1113 parentum
738 1041 810 1097 ultra
895 1040 981 1095 thlll.
995 1041 1030 1096 Et
1044 1041 1067 1096 si
1081 1041 1123 1096 illi
1138 1042 1187 1114 qui
1209 1044 1285 1098 naula
1306 1061 1340 1099 ex
1363 1045 1448 1101 rebus
1464 1048 1522 1103 suis
1541 1052 1673 1122 pauperi·

105 1136 173 1189 ntur
185 1135 339 1204 erroribus,
353 1135 389 1190 ab
405 1151 504 1191 eorum
525 1136 667 1191 consortio
683 1136 810 1208 separari
859 1132 912 1188 bus
934 1133 1036 1189 Christi
1057 1135 1242 1201 distribuunt,
1259 1137 1358 1192 aterni
1379 1139 1485 1210 judicis
1499 1158 1566 1196 voce
1590 1144 1618 1199 in
1634 1145 1675 1200 fu·

107 1242 171 1281 mas
196 1227 355 1300 deputatos,
381 1233 430 1284 aut
455 1229 632 1285 monasteriis
656 1236 705 1285 aut
726 1229 809 1284 Chri·
858 1231 923 1282 turo
937 1227 1214 1297 condemnabuntur,
1230 1237 1339 1302 quanto
1361 1232 1453 1305 magis
1471 1233 1500 1288 hi
1522 1236 1571 1306 qui
1594 1239 1674 1294 aufe-

104 1319 178 1389 viris,
190 1324 241 1376 aut
251 1322 418 1377 mulieribus
428 1323 517 1378 Deum
530 1323 706 1391 timentibus,
716 1323 809 1378 utsub
860 1321 1110 1394 runtpauperibus
1119 1339 1183 1394 quae
1193 1323 1676 1404 nonderlerunt‘?Quapropterepi-

108 1414 321 1470 conversatione
345 1415 453 1471 cultum
471 1416 765 1488 accidenteque
779 1417 807 1470 in
860 1413 937 1487 scopi
950 1413 1001 1487 qui
1014 1414 1085 1470 nihil
1100 1432 1134 1470 er
1148 1416 1265 1488 proprio
1278 1433 1328 1472 suo
1342 1419 1468 1474 ccclesiae
1479 1421 1583 1476 Christi
1596 1438 1674 1479 com-

105 1507 239 1577 instituti‚
254 1513 313 1564 tam
329 1509 359 1565 in
374 1509 511 1580 moribus,
527 1526 613 1581 pram
626 1510 656 1564 in
672 1509 727 1565 lide
741 1524 807 1582 pro·
858 1514 1060 1578 pensaverunt,
1073 1509 1145 1564 hanc
1159 1509 1285 1565 divinam
1304 1511 1474 1567 sententiam
1494 1520 1631 1583 metuant,
1648 1523 1676 1574 et

859 1599 976 1655 libertos
998 1617 1031 1656 ex
1057 1601 1174 1656 familiis
1199 1602 1325 1658 ecclesiae
1347 1605 1384 1659 ad
1408 1607 1675 1666 condemnationem

104 1694 190 1750 ludaei
211 1695 353 1767 baptizati,
380 1697 403 1751 si
423 1699 520 1768 postea
541 1697 757 1769 prevaricantes
779 1696 808 1752 in
859 1710 940 1748 suam
954 1695 1046 1750 faeere
1067 1712 1124 1750 non
1146 1701 1331 1767 praesumant,
1347 1697 1468 1770 impium
1488 1705 1532 1756 est
1552 1703 1629 1758 enim
1645 1709 1675 1760 ut

104 1804 134 1843 m
146 1788 273 1859 qualibet
281 1806 366 1862 paena
378 1789 507 1846 damnati
518 1791 685 1858 exstiterint,
699 1773 847 1846 arebnsB
859 1787 909 1859 qui
920 1803 964 1842 res
974 1803 1038 1843 suas
1048 1789 1173 1843 ecclesia
1182 1805 1238 1845 non
1250 1791 1403 1846 contulerit
1414 1792 1551 1850 damnum
1561 1797 1674 1865 inferat,

117 1881 218 1937 fideles
239 1883 311 1938 lilios
336 1883 446 1939 excludi
470 1900 531 1939 non
559 1885 712 1955 oportebit,
740 1884 808 1956 quia
858 1883 887 1935 et
896 1881 944 1951 jus
957 1881 1082 1936 ecelesia
1097 1882 1221 1938 alienare
1237 1884 1398 1940 contendat.
1413 1886 1492 1942 Tales
1505 1904 1574 1959 ergo
1588 1888 1674 1947 liber·

104 1979 191 2031 nest.
203 1998 216 2024 a
229 1977 315 2032 filius
323 1994 380 2033 non
390 1978 515 2049 portabit
523 1978 615 2051 patris
625 1978 806 2050 iniquitatem
856 1977 900 2028 tes
912 1989 1058 2030 successor
1075 1973 1227 2048 episcopus
1248 1976 1357 2048 absque
1378 1978 1474 2051 aliqua
1494 1983 1674 2054 oppositione

109 2084 187 2138 xvrrr,
204 2070 259 2142 20).
281 2095 294 2120 a
857 2067 892 2122 ad
905 2067 953 2138 jus
965 2068 1089 2124 ecclesias
1102 2069 1256 2140 revocabit,
1270 2071 1336 2142 quia
1349 2087 1397 2127 eos
1411 2089 1469 2128 non
1483 2076 1613 2147 aequitas,
1622 2080 1674 2136 sed

104 2162 184 2235 Soepe
204 2165 347 2220 maloram
368 2165 512 2221 consortia
528 2165 614 2222 etiam
634 2166 726 2222 bonos
744 2182 806 2222 cor·
857 2159 1025 2232 improbitas
1036 2162 1165 2219 absolvit.

104 2259 137 2327 rt,
152 2261 262 2328 quanto
275 2259 368 2331 magis
382 2276 431 2314 eos
444 2260 493 2332 qui
505 2260 543 2315 ad
555 2259 623 2315 vitia
634 2259 718 2333 proni
730 2264 805 2316 suat.
896 2257 997 2314 LXVll.
1017 2257 1170 2330 Episcopus
1184 2257 1234 2329 qui
1256 2258 1432 2333 mancipium
1452 2262 1527 2333 juris
1549 2265 1673 2324 ecclesian

103 2365 161 2422 ergo
184 2352 349 2407 communie
371 2353 445 2410 ultra
465 2354 501 2410 sit
522 2354 645 2410 Hebraeis
665 2354 702 2409 ed
721 2354 806 2410 fldem
856 2370 918 2412 non
930 2354 1043 2410 retento
1055 2351 1243 2407 ecclesiastico
1256 2353 1413 2424 patrocinio
1426 2359 1590 2415 manumitti
1604 2361 1676 2417 desi·

103 2459 178 2499 mam
193 2446 338 2502 translatis
351 2463 416 2502 cum
430 2447 475 2502 his
496 2447 545 2519 qui
568 2447 661 2503 adhuc
675 2448 705 2503 in
721 2448 806 2503 veteri
857 2449 949 2517 derat,
959 2447 1030 2503 dues
1039 2445 1135 2502 meriti
1145 2445 1272 2516 ejusdem
1285 2449 1315 2502 et
1322 2448 1429 2518 peculii
1439 2464 1536 2507 coram
1552 2455 1673 2512 concilio

103 2537 233 2605 esistunt,
249 2556 284 2595 ne
303 2541 375 2596 farte
398 2557 499 2597 eorum
522 2541 672 2614 participio
695 2541 808 2598 subver-
855 2540 983 2598 ecclesias
995 2539 1042 2597 cui
1053 2538 1222 2611 praeeminet
1230 2542 1542 2612 percommutatienem
1554 2547 1674 2605 subscri·

109 2630 277 2704 Quicunque
297 2650 367 2706 ergo
380 2635 485 2691 amodo
500 2652 533 2690 er
550 2635 595 2690 his
609 2635 659 2706 qui
674 2635 806 2709 baptizati
856 2635 988 2692 bentibus
1002 2631 1196 2689 sacerdotibus
1211 2632 1322 2705 offerat,
1335 2640 1368 2690 ut
1382 2640 1446 2692 rata
1461 2641 1491 2693 et
1498 2639 1578 2710 justa
1593 2640 1672 2699 inve-

103 2724 226 2781 lidelium
240 2729 382 2783 consortia
395 2746 453 2784 non
466 2729 625 2796 vitaverint,
639 2729 711 2784 ethi
724 2729 805 2786 Chri·
857 2730 954 2785 niatur
967 2726 1096 2783 delinitio
1120 2728 1333 2783 commutantis.
1354 2728 1432 2785 Tunc
1455 2731 1532 2787 enim
1554 2733 1670 2793 liberam

103 2816 255 2888 donentur,
267 2824 295 2875 et
304 2821 345 2876 illi
357 2823 476 2893 publicis
485 2822 610 2879 caedibus
619 2822 804 2894 deputentur.
856 2820 1120 2891 manumissionem,
1134 2820 1193 2877 sine
1205 2821 1365 2894 patrocinio
1376 2823 1503 2880 ecclesiae
1515 2830 1672 2887 concedere

112 2912 202 2967 Judaei
218 2913 266 2987 qni
284 2914 457 2970 Christianos
480 2916 614 2972 mulieres
629 2916 658 2970 in
671 2917 806 2990 conjugio
854 2917 972 2989 poterit,
991 2914 1040 2987 qui
1063 2930 1129 2969 eum
1151 2930 1237 2986 quem
1256 2914 1379 2971 libertati
1401 2918 1514 2976 tradere
1534 2922 1670 2994 disponit,

103 3006 325 3071 ,admoncantur
340 3009 375 3063 ab
391 3009 522 3082 episcope
534 3009 654 3065 civitatis
663 3010 763 3082 ipsius,
775 3016 806 3066 at
851 3009 915 3081 jam
921 3007 1106 3081 juriproprio
1116 3006 1276 3078 acquisivit.
1287 3009 1456 3080 llnjusmodi
1465 3016 1561 3070 autem
1571 3016 1672 3073 liberto

103 3098 140 3155 eis
152 3117 324 3172 permanere
338 3103 467 3174 cupiunt,
476 3103 625 3159 Christiani
636 3104 803 3172 efficiantur,
815 3144 843 3220 C
855 3103 988 3158 adversas
1000 3101 1148 3158 ecclesiam
1164 3100 1244 3172 cujus
1253 3100 1326 3173 juris
1339 3104 1447 3160 exstitit
1462 3108 1614 3166 accusandi
1627 3111 1672 3167 rel

103 3191 109 3247 i
130 3194 270 3250 admoniti
296 3195 453 3263 noluerint,
466 3199 643 3268 separentur,
657 3198 723 3270 quia
746 3214 803 3253 non
855 3195 1021 3253 testificandi
1038 3195 1196 3266 denegetur
1209 3194 1334 3251 licentia.
1354 3198 1433 3266 Quod
1446 3197 1469 3253 si
1482 3217 1671 3278 praesumpse·

104 3287 215 3343 nfidelis
227 3289 257 3343 in
268 3289 328 3360 ejus
337 3306 509 3362 permanere
520 3291 731 3363 conjunctione,
740 3308 804 3364 quae
855 3290 902 3357 rit,
912 3291 1042 3362 placetut
1048 3291 1140 3344 stante
1151 3289 1375 3345 commutatione
1388 3290 1418 3346 in
1431 3293 1597 3353 servitutem
1606 3314 1672 3370 pro·

103 3381 291 3438 Christianam
313 3385 448 3439 translata
469 3388 512 3440 est
528 3384 625 3456 fidem,
641 3386 689 3440 tilii
706 3389 804 3441 autem
854 3383 945 3455 priam
958 3385 1104 3439 revocetur
1116 3381 1163 3436 cui
1177 3398 1280 3437 uocare
1294 3387 1424 3441 conatur.

103 3476 203 3532 talibus
223 3477 281 3533 nati
304 3477 427 3534 existunt
446 3478 533 3534 fidem
555 3484 640 3552 atque
663 3479 803 3536 conditio·
890 3476 1001 3532 vaut.
1016 3478 1176 3532 Consensus
1190 3475 1278 3531 totius
1295 3477 1406 3533 concilii
1425 3478 1561 3555 deflnivit,
1577 3486 1610 3541 ut
1622 3502 1669 3543 sa·

103 3570 169 3627 atris
181 3577 348 3643 sequantur,
363 3571 494 3627 similiter
508 3577 537 3628 et
552 3572 580 3627 hi
594 3573 643 3645 qui
663 3575 804 3645 procreati
854 3571 983 3626 cerdotcs
996 3569 1045 3642 qui
1065 3573 1114 3623 aut
1134 3584 1180 3623 res
1200 3584 1266 3625 suas
1285 3570 1411 3626 ecclesiae
1431 3571 1671 3648 relinquentem

102 3680 116 3720 e
141 3665 307 3720 infidelibus
334 3666 501 3722 mulieribus
529 3669 559 3720 et
583 3666 715 3721 fidelibus
737 3666 804 3721 viris
855 3663 926 3719 nihil
946 3662 1096 3731 habentes,
1112 3661 1208 3734 aliqua
1226 3666 1323 3718 temen
1345 3665 1464 3736 pradia,
1478 3676 1528 3725 aut
1546 3671 1669 3730 familias

103 3775 175 3815 nam
201 3759 370 3830 religionem
391 3764 557 3832 sequantur,
580 3776 637 3814 nen
658 3759 804 3816 ludaicam
854 3756 977 3814 ecclesiis
989 3756 1047 3812 suis
1059 3756 1243 3828 conquirunt,
1256 3749 1354 3811 licebit
1379 3758 1434 3814 illis
1452 3760 1561 3834 aliquos
1574 3766 1609 3821 de
1624 3769 1668 3823 fe-

102 3853 231 3909 itionem.
853 3851 938 3907 malis
951 3849 1080 3921 eiusdem
1095 3848 1221 3904 ecclesiae
1236 3849 1442 3907 manumittere
1455 3853 1538 3924 juxta
1557 3859 1598 3913 rei
1616 3861 1670 3916 col-

102 3947 184 4003 ‚uon
200 3950 296 4019 potest
319 3964 388 4019 erga
408 3947 538 4004 homines
562 3965 621 4004 esse
643 3947 733 4004 fidelis
755 3947 804 4021 qui
853 3945 917 4000 latae
926 3943 1043 3999 modum
1056 3958 1142 4015 quem
1157 3942 1268 4015 antiqui
1282 3959 1404 3999 canones
1419 3945 1617 4021 decreverunt,
1630 3953 1669 4010 ita

102 4041 214 4097 :stitmb
244 4041 376 4096 infidelis.
406 4041 498 4097 Judal
522 4058 592 4113 ergo
618 4041 667 4113 (pri
695 4042 803 4097 dudum
855 4042 886 4093 ut
898 4054 963 4093 cum
973 4035 1084 4110 peculio
1095 4039 1124 4091 et
1136 4033 1300 4109 posteritate
1314 4054 1364 4092 sua
1376 4039 1496 4109 ingenui
1508 4043 1560 4099 sub
1570 4049 1670 4116 patro-

102 4135 138 4191 mi
162 4135 254 4191 allecti
277 4138 353 4203 sunt,
369 4139 397 4190 et
411 4152 488 4190 nunc
509 4135 610 4191 Christi
634 4136 719 4192 fidem
735 4153 804 4208 prae
853 4131 1064 4188 cinioecelesiae
1075 4130 1670 4211 maneant,utilitatesinjunctassibijuxta

129 4234 207 4297 sunt,
229 4229 264 4284 ad
292 4229 490 4285 testimonium
521 4229 672 4285 dicendum
707 4227 803 4304 116
854 4226 931 4299 quod
942 4224 1088 4299 potuerint
1099 4228 1311 4297 prosequentes.

123 4338 181 4378 non
205 4322 321 4390 debent,
343 4322 472 4395 quamvis
499 4340 559 4377 esse
580 4339 609 4377 se
630 4321 804 4378 Cluistianos
887 4320 971 4376 lulli.
990 4318 1096 4374 liberti
1122 4317 1248 4374 ecclesiae
1270 4318 1347 4392 (quia
1375 4336 1522 4394 nunqnam
1548 4326 1670 4387 moritur

102 4416 171 4484 ient,
187 4415 254 4489 quia
267 4416 341 4471 sicut
355 4416 384 4471 in
398 4416 454 4470 ilde
472 4416 576 4471 Christi
589 4414 712 4487 suspecti
726 4420 801 4487 sunt,
853 4429 955 4468 eorum
969 4411 1103 4485 patrona)
1117 4428 1134 4467 a
1148 4411 1307 4483 patrocinio
1324 4413 1452 4485 ejusdem
1465 4433 1611 4490 nunquam
1625 4423 1669 4479 di-

102 4510 248 4566 estimonio
260 4509 387 4564 humano
400 4510 478 4564 dubii
497 4510 650 4565 habentur.
666 4509 845 4592 lufirmari„
856 4507 982 4574 scedant,
997 4523 1049 4562 nec
1062 4505 1211 4578 posteritas
1224 4504 1340 4576 quidem
1360 4524 1459 4564 eorirm
1476 4510 1548 4567 sicut
1562 4513 1670 4585 priores

102 4607 190 4676 portet
211 4619 312 4659 eorum
339 4602 533 4659 testimonium
552 4603 601 4674 qui
623 4603 652 4657 in
671 4603 726 4658 fide
742 4603 805 4658 falsi
856 4616 977 4655 canones
989 4600 1185 4655 decreverunt.
1196 4601 1234 4653 nc
1247 4614 1282 4653 ne
1296 4599 1411 4655 libertas
1424 4604 1561 4660 commin
1573 4607 1670 4666 futura

102 4714 138 4769 rr,
152 4713 204 4752 nec
218 4697 259 4752 eis
274 4714 335 4753 esse
351 4697 527 4752 credendum
543 4697 591 4768 qui
607 4697 732 4752 veritatis
748 4713 805 4752 ese
855 4694 935 4766 prole
943 4709 1002 4748 non
1009 4695 1115 4765 pateat,
1124 4691 1240 4763 ipsaque
1249 4692 1399 4763 posteritas
1412 4696 1531 4755 natnmli
1539 4699 1672 4772 ingenui.

102 4791 262 4864 bjecerunt.
855 4790 914 4842 tate
928 4785 1059 4842 obnitens
1076 4801 1135 4841 sese
1148 4785 1185 4839 ab
1198 4784 1325 4840 ecclesia
1343 4787 1500 4858 patrocinio
1520 4793 1672 4854 subtrahat

103 4928 111 4941 .
125 4885 309 4957 Praecipiente
325 4884 447 4940 Domino
463 4888 547 4958 atque
568 4883 806 4940 excellentissimo
856 4896 970 4935 necesse
983 4884 1036 4947 est,
1048 4884 1079 4934 ut
1092 4881 1150 4932 tam
1164 4877 1194 4932 hi
1207 4877 1313 4946 liberti,
1325 4896 1411 4951 quam
1424 4882 1460 4937 ab
1475 4883 1514 4938 eis
1527 4889 1671 4960 progeniti

102 4979 144 5036 ido
156 4995 225 5051 rege
238 4979 384 5034 constitnit
397 4979 424 5033 id
446 4982 575 5035 sanctum
598 4979 760 5048 concilium,
776 4982 807 5034 ut
855 4972 1057 5045 professionem
1069 4970 1200 5042 episcopo
1215 4987 1266 5026 sao
1279 4971 1395 5042 faciant,
1409 4990 1462 5047 per
1474 4992 1560 5048 quam
1579 4997 1613 5036 ex
1628 4982 1669 5038 fe.

101 5073 240 5143 tathiqui
253 5090 285 5127 ex
298 5073 477 5127 induissent
490 5072 807 5143 officiapublicanulln-
856 5067 936 5122 milia
957 5066 1084 5122 ecelesiae
1108 5062 1224 5120 libertos
1247 5065 1363 5122 euectos
1385 5084 1414 5122 se
1435 5085 1496 5125 esse
1518 5071 1669 5144 fateantur,

103 5172 233 5240 ppetant,
250 5167 317 5239 quia
332 5168 383 5221 sub
399 5167 450 5222 hac
472 5168 617 5222 occasione
639 5167 806 5223 Christianis
857 5162 976 5232 ejusque
989 5159 1181 5233 patrocinium
1196 5158 1441 5232 nonrelinquant,
1459 5164 1507 5219 sed
1518 5165 1600 5236 justa
1614 5169 1670 5223 vir·

102 5278 124 5317 n
136 5261 256 5330 faciunt,
265 5260 387 5332 ideoque
399 5261 509 5332 judices
519 5261 730 5333 provinciaram
741 5277 805 5315 crim
856 5259 946 5311 tutem
964 5270 1044 5312 mam
1059 5253 1226 5326 obsequium
1239 5254 1282 5308 rel
1304 5254 1495 5311 obedientiam
1513 5258 1669 5328 praebeaut.

101 5355 185 5411 stibus
199 5371 299 5409 eorum
314 5354 510 5426 subreptiones
530 5354 724 5411 fraudulenter
740 5353 804 5409 reli·
892 5351 966 5406 thll.
980 5348 1084 5405 Liberti
1100 5348 1225 5403 ecclesiae
1243 5347 1292 5420 qui
1306 5363 1322 5401 a
1336 5349 1493 5420 patrocinio
1505 5350 1568 5421 ejus
1579 5351 1670 5409 disee·

101 5448 250 5523 spondent,
265 5451 293 5503 et
314 5448 406 5503 officia
432 5448 544 5518 qrrrblica
568 5465 616 5502 eris
642 5464 727 5516 agere
750 5466 807 5503 non
858 5445 958 5499 dentes
970 5442 1142 5516 quibuslibet
1156 5441 1282 5514 personis
1296 5441 1489 5508 adhaeserunt,
1501 5442 1671 5503 siadmoniti

101 5545 167 5598 ant.
182 5542 209 5597 Si
224 5542 288 5613 quis
300 5545 396 5596 autem
411 5542 469 5595 bare
492 5541 667 5613 permiserit,
683 5542 760 5597 velut
779 5541 807 5596 in
857 5539 949 5594 redire
964 5536 1201 5609 contempserint,
1216 5534 1402 5591 manumissio
1416 5550 1516 5589 eorum
1533 5534 1611 5592 irrita
1625 5540 1670 5609 sit,

101 5652 159 5703 mm
184 5635 442 5691 excommunicatio
470 5636 641 5706 proteratur,
662 5639 691 5689 et
711 5635 735 5689 is
758 5634 808 5707 qui
858 5631 924 5704 quia
936 5648 989 5704 per
1003 5629 1204 5685 inobedientiae
1226 5632 1422 5699 contemptum
1440 5625 1546 5698 ingrati
1559 5630 1671 5691 actione

101 5731 165 5788 ierit
180 5730 298 5803 publicis
312 5729 437 5786 caedibus
451 5729 613 5801 deputetur.
857 5729 1002 5784 tenentur.

116 5826 156 5887 Ex
168 5825 283 5883 decreto
305 5823 500 5898 gloriosissimi
522 5821 658 5899 principis
673 5823 726 5881 hcc
741 5839 808 5880 san·
894 5820 978 5879 txxl.
992 5818 1096 5877 liberti
1109 5817 1233 5876 ecclesiae
1247 5814 1323 5893 quia
1337 5812 1554 5893 quibuscunque
1570 5835 1672 5883 menri.
