3870 6150
594 191 830 253 DECRBTAUUU
850 194 1041 253 wlfredo.
1604 191 1656 259 tot

103 316 139 357 re
159 296 307 372 presentis
329 297 466 374 principis
478 300 595 358 auribus
607 302 721 359 studeat
734 319 787 375 pu·
800 303 903 389 Aculo
924 305 1004 376 quasi
1024 305 1130 377 proprii
1145 304 1232 378 patris
1244 306 1310 378 eius
1322 304 1473 365 ulciscatur
1491 300 1654 364 interitum.

110 394 140 451 Si
165 399 263 450 autam
287 395 418 465 retineat,
443 399 472 450 et
494 396 707 452 deliberationis
731 414 789 452 suas
838 398 868 451 ln
882 397 963 468 cnjus
976 398 1147 454 defensionis
1159 399 1295 455 auxilium
1309 399 1435 457 universi
1450 400 1535 472 regui
1547 400 1655 459 Gotho·

103 493 204 545 menta
223 488 349 544 uoluerit
372 489 483 556 dicero,
505 490 628 562 pessimo
647 492 792 563 plectatur
839 506 904 546 rum
920 492 1080 548 consentiat
1098 492 1246 548 fortitudo.
1261 492 1291 549 Si
1313 499 1410 550 autem
1427 493 1543 550 desidie
1557 510 1654 562 causa,

103 584 174 652 iate3
189 599 256 654 rege
277 600 346 638 vero
366 583 511 652 defuncto,
527 584 622 639 nullus
643 584 791 656 tyrannica
839 587 869 638 et
890 584 995 641 minori
1019 585 1089 653 zelo,
1115 589 1174 640 tam
1198 586 1343 642 funestum
1366 588 1492 643 noluerit
1515 586 1656 644 vindicare

103 675 194 747 ptioue
209 693 331 748 regnum
345 681 484 746 assumat,
500 677 597 732 nullus
611 678 664 732 suh
676 676 789 749 religio·
840 678 941 746 scelus,
957 678 1015 734 sint
1028 695 1128 734 omnes
1146 694 1180 734 ex
1202 681 1298 734 nostra
1315 681 1455 737 sententia
1470 681 1655 753 opprobrium

103 773 130 823 tu
140 768 284 838 detonsus,
296 774 346 825 aut
359 771 482 842 turpiter
495 770 665 839 decalvatus,
675 773 725 826 aut
734 787 791 826 ser·
841 771 951 826 ceteris
965 771 1108 843 gentihus.

103 861 218 934 ‚iginem
231 864 358 932 trahens,
368 865 413 918 vel
430 869 573 920 extranee
589 864 789 936 gentishomo,
875 866 938 920 lllll.
953 864 1002 921 llis
1015 865 1149 922 omnibus
1165 866 1219 921 rite
1241 865 1391 936 dispositis,
1406 873 1434 923 et
1446 867 1583 927 diuturna
1599 872 1654 925 col-

103 971 150 1012 ere
164 962 193 1012 et
206 957 334 1012 moribus
351 958 446 1028 dignis
461 962 663 1029 promoveatur
675 957 712 1013 ad
727 958 789 1030 api·
839 958 946 1014 latione
961 958 1136 1025 deliberatis,
1148 958 1388 1029 benedictionem,
1400 961 1522 1032 gloriam
1532 966 1560 1017 et
1570 963 1657 1019 hono·

103 1049 155 1121 gni.
179 1053 342 1106 lenierator
361 1054 459 1106 autem
485 1051 570 1121 hujus
592 1051 790 1123 preceptionis
840 1068 902 1106 rem
913 1050 1045 1108 invisibili
1056 1052 1186 1108 omnium
1199 1054 1310 1108 auctori
1321 1054 1503 1124 rependimus
1512 1055 1655 1113 luminum

103 1159 157 1199 moe
172 1148 313 1216 perpetuo
326 1145 507 1200 anathemate
522 1146 687 1201 damnetur.
839 1146 925 1213 Patri,
951 1148 980 1201 et
1001 1145 1031 1200 in
1056 1145 1258 1202 conservandis
1278 1146 1339 1217 ejus
1362 1146 1552 1218 imploremus
1573 1167 1657 1221 opem

110 1238 174 1293 tam
189 1238 307 1309 quidem
326 1239 355 1293 iu
377 1239 557 1294 antecedenti
572 1239 729 1294 universali
743 1256 788 1311 sy·
840 1239 978 1312 suffragii,
994 1243 1027 1295 ut
1041 1239 1291 1295 constitutionibus
1313 1240 1417 1296 uostris
1433 1241 1522 1297 robur
1538 1243 1654 1311 tribuat,

105 1330 145 1385 uti
159 1336 324 1386 uostromm
339 1331 503 1403 principum
518 1335 629 1387 constat
644 1349 706 1388 esse
720 1349 788 1389 con·
840 1333 1289 1405 seuvirtutem,fragilitatemque
1296 1334 1456 1390 humanam
1465 1335 1531 1393 huic
1538 1336 1657 1409 disposi-

121 1424 173 1480 sed
192 1424 261 1479 libet
284 1425 388 1480 iterare
409 1425 483 1481 hene
504 1426 631 1495 sancita,
656 1431 684 1482 ct
706 1427 791 1497 digna
840 1426 1018 1483 tionireddat
1027 1425 1220 1494 efficacem,id
1230 1431 1273 1482 est
1284 1428 1541 1496 salubrem,utnon
1547 1431 1658 1502 judicet

103 1521 140 1575 rte
155 1519 269 1574 munire
282 1518 432 1573 salubriter
445 1519 595 1575 ordinata:
612 1520 735 1592 ideoque
751 1525 792 1576 te·
839 1520 1105 1592 prevaricatricem.
1119 1521 1174 1576 Nos
1188 1537 1258 1592 ergo
1268 1521 1365 1577 omnia
1374 1523 1566 1596 superscripta
1576 1525 1656 1580 omui

103 1629 196 1668 coram
211 1614 267 1668 lieo
280 1619 309 1668 et
330 1613 406 1668 omni
428 1613 529 1668 ordine
549 1613 727 1685 angelorum,
744 1632 788 1670 co·
840 1613 1008 1670 auctoritate
1016 1614 1177 1685 priscorum
1187 1630 1329 1669 cmonum
1341 1615 1548 1688 subscriptione
1560 1623 1658 1674 nostra

103 1706 255 1778 phetarum
267 1718 351 1779 atque
363 1707 558 1778 apostolorum
570 1708 614 1762 vel
628 1708 707 1763 omni
717 1689 829 1764 mar-B
842 1707 1001 1776 firmamus,
1018 1711 1046 1763 et
1059 1707 1164 1778 gratiae
1177 1706 1289 1778 agimus
1304 1707 1544 1770 Christianissimo
1556 1718 1585 1766 st
1599 1713 1658 1783 glo-

103 1800 201 1869 choro‚
226 1819 324 1856 eoram
355 1801 434 1856 omui
456 1802 579 1856 Ecclesia
604 1802 743 1857 catholica
764 1807 793 1858 et
843 1800 998 1856 riosissimo
1019 1800 1193 1856 chintillano
1214 1800 1337 1872 principi
1359 1805 1471 1870 nostro,
1492 1803 1573 1874 enjus
1596 1810 1657 1861 stu·

102 1910 197 1950 rorum
211 1901 295 1964 coetu,
311 1897 342 1949 ut
354 1911 440 1950 nemo
456 1895 587 1950 intendat
599 1895 629 1950 in
643 1895 793 1951 interitum
842 1893 889 1948 dio
906 1893 1035 1950 advocati
1049 1898 1078 1949 et
1100 1893 1234 1949 instantia
1251 1894 1360 1950 collecti
1378 1912 1486 1951 sumus.
1501 1897 1588 1968 Cadus
1608 1914 1656 1954 vo·

103 2004 162 2044 imo
178 1988 267 2044 vitam
290 1989 425 2061 principis
450 1992 591 2058 attrectet,
605 2005 689 2045 nemo
706 1990 790 2061 regni
842 1989 938 2042 luntas
956 1987 1078 2059 probata
1097 1986 1242 2043 ordinatio
1261 1988 1369 2043 exstitit
1397 1988 1548 2061 religiosa,
1567 1990 1658 2047 donec

103 2083 256 2139 heruacnlis
270 2083 371 2153 privet,
388 2099 473 2137 nemo
488 2083 636 2154 tyrannica
649 2099 786 2155 praesum·
843 2081 869 2134 ei
889 2080 1029 2136 Dominus
1046 2080 1154 2152 optimo
1169 2080 1293 2153 principi
1315 2080 1482 2137 diuturnum
1504 2082 1534 2139 in
1554 2086 1657 2139 saeculo

103 2175 206 2247 spicam
228 2177 309 2247 regni
332 2176 384 2230 sibi
404 2179 533 2248 usurpet,
559 2193 644 2232 nemo
667 2177 793 2248 quolibet
842 2174 977 2246 praesenti
993 2174 1185 2245 triumphum,
1200 2178 1228 2228 et
1247 2174 1277 2228 iu
1296 2178 1377 2246 parte
1391 2175 1538 2246 justorum
1555 2193 1656 2249 perpe·

103 2272 203 2324 mento
216 2269 246 2323 in
260 2270 321 2340 ejus
335 2269 502 2324 adversitate
513 2269 566 2324 sihi
580 2270 792 2341 conjuratorum
843 2270 924 2322 tuum
937 2283 1071 2341 regnum,
1082 2267 1270 2339 felicibusque
1282 2268 1366 2322 aunis
1377 2268 1444 2324 felix
1456 2269 1556 2342 ipsein
1571 2271 1659 2343 longa

103 2363 793 2435 associet3quodsiquidquamhorumqnisquam
843 2361 977 2417 felicitate
999 2361 1130 2430 fruatur,
1157 2365 1186 2415 et
1209 2361 1312 2417 divine
1335 2361 1460 2417 dextere
1483 2363 1659 2435 protectione

105 2473 134 2512 m
156 2460 294 2512 temerate
312 2457 536 2528 praesumpserit,
552 2458 735 2512 anathemate
748 2457 791 2512 di·
842 2455 949 2526 ubique
963 2454 1119 2511 muniatur.
1134 2456 1192 2527 Ego
1205 2455 1290 2521 Silva,
1304 2455 1357 2511 etsi
1371 2455 1659 2528 indignanationem

103 2551 209 2606 rculsus
228 2549 334 2622 absque
357 2550 414 2604 ullo
437 2549 555 2605 remedii
576 2550 638 2605 loco
654 2550 793 2606 habeatur
845 2548 993 2619 episcopus
1016 2546 1227 2618 Narbonensis,
1251 2548 1281 2604 in
1306 2548 1351 2604 his
1368 2549 1619 2606 constitutionibus
1641 2569 1659 2606 a

103 2650 185 2699 natus
203 2647 311 2698 aeterno
323 2643 443 2713 judicio.
458 2645 483 2699 ls
496 2648 594 2697 antem
608 2643 658 2714 qui
673 2643 735 2714 ejus
749 2659 791 2698 se·
844 2641 926 2696 nohis
953 2640 1035 2697 editis
1056 2641 1222 2713 subscripsi.
1247 2641 1385 2699 Similiter
1407 2646 1438 2699 et
1460 2642 1510 2700 alii
1531 2643 1659 2718 episcopi

104 2737 142 2794 rit
151 2741 305 2803 assecutus,
314 2734 338 2809 1
347 2735 409 2810 20
421 2737 444 2791 si
456 2737 515 2790 vult
527 2740 608 2791 tanto
618 2737 727 2808 expiari
736 2736 793 2807 pia·
843 2734 1079 2806 subscripserunt.
1093 2751 1215 2791 numero
1229 2735 1345 2807 triginta
1358 2739 1479 2808 septem.

307 3029 506 3095 lNClPlUNT
528 3029 725 3096 CAPITULA
747 3028 914 3095 CONGlLll
937 3027 1096 3095 SEPTlMl
1118 3028 1326 3095 Tollimur.

103 3163 210 3236 refugis
225 3167 310 3235 atquo
321 3162 436 3234 perfidis
448 3163 556 3218 clericis
570 3164 627 3219 sive
640 3164 729 3219 laicis.
874 3165 901 3219 ι.
918 3165 955 3219 lle
975 3163 1123 3219 exactione
1142 3163 1330 3218 Ecclesiarum
1352 3164 1474 3220 Galliciae
1494 3165 1655 3237 provincia.

128 3257 278 3328 languoris
301 3261 402 3312 eventu
422 3257 648 3312 ministrantium
668 3256 787 3312 clerico·
876 3261 901 3313 ὅ.
917 3258 954 3312 lle
969 3256 1086 3312 reclusis
1098 3255 1269 3325 inhonestis,
1286 3257 1345 3312 sive
1359 3257 1448 3329 vagis.

874 3354 900 3406 6.
920 3349 958 3405 lte
974 3349 1127 3405 convicinis
1141 3350 1282 3422 episeopis
1301 3351 1330 3405 in
1347 3351 1416 3407 urbe
1430 3350 1510 3424 regia
1528 3367 1656 3410 commo-

103 3445 244 3517 exsequiis
261 3443 408 3501 morientis
421 3443 555 3516 episcopi.
839 3443 945 3498 randis.

661 3575 964 3588 m

184 3714 391 3807 lNClPl'l
426 3712 736 3809 CONClLlUM
769 3711 1057 3809 SEPTlMUM
1091 3712 1455 3808 TOLETANUM.

103 3890 126 3946 ἀ
140 3884 378 3965 episcoporum,
391 3902 478 3946 anno
492 3891 582 3946 serto
595 3882 813 3946 cindasiundi
825 3885 924 3964 repis,
935 3900 1004 3946 aera
1018 3901 1155 3956 ocimu,
1169 3884 1282 3965 quinto
1296 3883 1434 3947 Kalend.
1450 3885 1653 3952 Novembris.

103 4051 115 4103 ζ.
139 4048 213 4104 Cum
237 4048 265 4102 in
289 4049 404 4103 nomine
430 4053 534 4103 sancte
554 4047 711 4118 Trinitatis,
734 4059 825 4134 proc
838 4046 1035 4103 constituenda
1053 4049 1249 4119 competenter
1272 4045 1479 4103 existimantur.
1493 4047 1653 4118 Quisenim

103 4159 145 4197 sm
164 4141 320 4213 disciplinis
334 4141 529 4197 ecclesiasticis
544 4145 603 4197 tam
621 4146 718 4196 nostra
736 4140 786 4197 de·
838 4141 947 4197 nesciat
960 4144 1069 4212 quauta
1084 4140 1142 4196 siut
1159 4141 1298 4196 hactenus
1315 4156 1366 4212 per
1384 4143 1520 4212 tyrannos
1532 4147 1561 4199 et
1576 4144 1652 4200 rafu-

103 4251 189 4307 quam
201 4236 294 4290 studio
308 4236 480 4290 serenissimi
496 4241 524 4290 ct
538 4235 673 4290 amatoris
686 4234 789 4291 Christi
838 4250 889 4306 gas
903 4233 1100 4290 transferendo
1121 4249 1150 4288 se
1166 4233 1197 4288 iu
1214 4239 1344 4289 externas
1358 4239 1464 4306 partes,
1480 4235 1579 4292 illicite
1593 4252 1656 4309 per·

108 4330 176 4384 undi
199 4330 275 4400 regis
297 4329 397 4399 nostri,
414 4329 490 4400 apud
508 4328 672 4384 Toletauam
685 4328 788 4383 urbem
837 4330 958 4399 petrata,
983 4330 1012 4384 et
1034 4343 1119 4399 quam
1139 4327 1263 4383 nefanda
1281 4344 1381 4383 corum
1397 4329 1529 4400 superbia
1547 4330 1655 4403 jugiter

103 4420 788 4494 vsadesset,competentervisumestmntuacolla·
837 4421 1019 4493 frequentata
1031 4437 1094 4494 que
1108 4424 1138 4475 et
1151 4421 1251 4493 patriae
1271 4420 1492 4479 diminutionem
1506 4422 1652 4495 afferrent,

103 4533 222 4580 cernere,
230 4516 306 4588 quod
316 4517 434 4572 sollicite
443 4516 672 4572 conservandum
680 4521 788 4588 etprae·
837 4518 865 4569 et
877 4513 1015 4570 exercitui
1027 4515 1182 4570 Gothorum
1197 4513 1407 4571 indesinentem
1418 4515 1546 4573 lahorem
1558 4517 1652 4590 impo-

106 4610 786 4678 etfuturiscommodisnimium,utconlldimus,
837 4607 962 4663 nerent?
986 4607 1067 4673 Quod
1090 4607 1232 4679 siquidem
1259 4607 1397 4663 laicorum
1419 4608 1530 4664 insania
1553 4611 1653 4667 luisset

103 4704 266 4774 iconstabit,
275 4706 425 4776 magisque
437 4721 550 4776 semper
560 4708 603 4759 est
613 4720 788 4776 magnopere
837 4702 956 4768 factum,
969 4700 1150 4756 tolerandum
1162 4717 1179 4754 a
1194 4699 1275 4754 uobis
1289 4700 1409 4757 forsitan
1422 4701 1597 4775 aliquotiens
1610 4706 1652 4767 vi-

103 4796 181 4855 idum
205 4798 342 4869 quidquid
364 4798 556 4853 ecclesiasticis
583 4798 720 4867 moribus,
742 4797 788 4853 vel
838 4794 977 4850 deretur:
995 4793 1064 4849 illud
1080 4798 1178 4849 nmen
1193 4797 1237 4849 est
1253 4792 1451 4852 vehementius
1465 4798 1650 4871 stupendum,

107 4891 237 4959 utilitati,
254 4892 314 4946 sine
335 4909 390 4964 qua
410 4892 499 4963 quieti
520 4908 577 4945 non
590 4891 718 4958 vivimus,
735 4907 787 4963 op·
837 4888 914 4959 quod
935 4887 1017 4959 pejus
1040 4891 1083 4942 est
1101 4891 1189 4943 tantas
1211 4886 1357 4959 religionis
1381 4889 1528 4961 proposito
1546 4893 1578 4949 in
1598 4893 1653 4951 hac

103 5001 203 5041 messe
219 4986 417 5057 perpenditur.
432 4988 504 5041 Nam
517 4985 582 5041 licet
594 4988 622 5040 ct
637 4987 704 5039 ante
717 5001 787 5040 con·
837 4981 983 5037 interdum
1006 4980 1232 5053 presumptione
1252 4980 1412 5053 praecipites
1434 4982 1602 5057 efferuntur,
1620 4991 1653 5042 ut

103 5095 134 5135 es
148 5095 294 5134 canonum
312 5079 443 5149 existant,
458 5097 522 5151 quie
537 5079 573 5134 ad
587 5095 704 5134 omnem
719 5096 786 5151 pos·
838 5079 876 5135 ad
888 5094 945 5134 uon
957 5078 1049 5135 levem
1061 5079 1257 5136 confusionem
1271 5083 1399 5136 nostram
1413 5082 1562 5154 pertineat,
1572 5083 1652 5140 sires

103 5171 259 5245 reptionem
281 5173 424 5242 sufficere,
449 5175 471 5228 si
493 5174 556 5245 quis
581 5190 627 5228 cas
652 5172 788 5245 dignetur
838 5174 980 5229 ullatenus
994 5176 1155 5240 remaneat,
1168 5190 1255 5245 quam
1269 5178 1297 5229 et
1313 5175 1461 5231 mundana
1474 5177 1538 5248 lege
1560 5181 1589 5232 et
1603 5193 1649 5231 ac-

112 5267 279 5335 estendere,
304 5272 382 5322 tanto
405 5271 503 5322 tamen
533 5266 649 5321 luminis
673 5266 787 5322 claritas
837 5267 994 5323 clesiastica
1018 5267 1151 5322 convenit
1179 5267 1328 5339 disciplina
1357 5270 1512 5340 corrigere.
1530 5269 1651 5340 ideoque

111 5360 226 5428 emicat,
243 5365 350 5432 quanto
365 5363 452 5416 fuerit
467 5361 619 5416 studiosius
632 5359 787 5431 sepissime
837 5361 942 5433 placuit
956 5377 1033 5417 uisne
1048 5360 1183 5416 concordi
1195 5360 1334 5417 sententia
1347 5360 1465 5417 delinire
1476 5365 1515 5430 ut,
1522 5360 1651 5433 quisquis

103 5457 153 5509 ita.
169 5454 232 5508 ιιοιι
247 5471 347 5525 parurn
366 5455 477 5525 proficit
496 5455 531 5508 ad
554 5445 785 5509 emendationem
796 5431 825 5502 D
836 5454 867 5509 iu
882 5454 982 5511 ordine
997 5454 1148 5511 clericatus
1161 5472 1178 5510 a
1193 5454 1319 5511 maximo
1335 5454 1427 5527 gradu
1440 5453 1580 5524 usquead
1593 5454 1648 5511 mi-

103 5547 223 5615 m‚siea
239 5564 303 5619 quae
317 5548 472 5603 constituta
485 5553 551 5603 snut
565 5564 616 5619 per
631 5549 787 5603 fraternam
838 5548 948 5604 nimum
969 5549 1137 5605 constitutus
1158 5549 1187 5604 in
1209 5549 1309 5604 aliene
1333 5547 1427 5620 gentis
1448 5545 1596 5617 regionem
1619 5565 1649 5605 ss

103 5656 152 5696 em
165 5641 201 5696 ad
215 5644 384 5696 memoriam
401 5642 581 5711 reducantur,
597 5640 620 5696 si
640 5641 689 5696 illa
702 5641 787 5696 etiam
838 5658 1006 5714 quacunque
1023 5642 1199 5698 occasionem
1220 5639 1422 5707 transduxerit,
1436 5638 1581 5698 utsxiuda
1600 5659 1648 5699 su·

103 5752 143 5795 ur
162 5752 227 5812 que
245 5741 295 5800 aut
316 5736 414 5792 deesse
435 5737 579 5804 videntur,
600 5739 648 5790 aut
669 5734 788 5793 omnino
837 5735 993 5812 perblando
1007 5737 1052 5795 vot
1065 5737 1209 5799 redditum
1223 5751 1306 5795 snum
1317 5733 1361 5791 vel
1369 5732 1515 5810 quodlibet
1523 5734 1604 5800 aliud
1612 5737 1649 5802 vi·
