3870 6150
135 277 158 331 tt
752 273 990 331 obdurantur
1008 272 1201 331 uottflmo.
1776 267 1810 323 ti

131 399 171 440 res
183 398 201 439 a
215 398 266 438 me
278 384 338 437 tarn
350 381 438 454 plane
450 379 600 448 didicisset,
613 379 722 436 habens
742 380 831 437 alium
842 382 940 449 talem
952 381 1042 468 Αεει)
1064 380 1228 454 dispensare
1252 382 1383 451 sufficias,
1405 388 1434 440 et
1457 383 1584 440 veritatis
1606 381 1694 439 verbo
1715 379 1806 437 abun·

128 493 177 532 mn
189 481 221 532 te
234 491 339 547 cogere
352 490 425 547 opus
438 474 546 529 bonum
561 472 705 546 suscipere
718 473 876 530 nolentem.
888 474 940 530 Su·
994 474 1107 530 dandus
1117 477 1146 530 et
1154 475 1307 531 studiosius
1319 475 1470 532 desereire.
1482 476 1512 534 Si
1524 476 1603 533 euim
1615 473 1810 532 mundialibus

124 570 266 644 pertluum
275 572 319 624 est
331 584 401 640 ergo
414 567 502 623 alium
514 582 652 638 quaerere,
667 583 734 622 cunr
745 567 886 638 primitias
898 584 943 625 eo·
992 567 1067 623 curis
1086 567 1174 624 tueris
1193 571 1354 640 occupatus,
1374 573 1403 624 et
1423 569 1547 643 teipsum
1571 568 1705 641 decipies,
1719 571 1749 626 et
1760 584 1809 624 eos

123 679 184 719 rum
198 663 300 735 quiex
315 660 470 733 gentilibus
489 676 542 732 per
556 675 603 716 me
625 659 777 729 salvantur,
793 664 822 715 ct
843 661 941 732 praeci·
992 660 1041 734 qui
1061 663 1089 716 te
1110 660 1239 727 audiunt,
1256 677 1315 716 non
1336 662 1413 717 enim
1431 662 1539 734 poteris
1556 678 1621 735 quae
1634 662 1670 717 ad
1687 662 1809 718 salutem

121 773 173 829 pue
188 756 279 827 hujus
299 755 377 810 urbis
392 757 420 810 te
439 753 567 826 primum
585 753 741 810 obtulerim
762 754 830 810 Deo.
846 754 944 810 Sedet
991 753 1140 825 pertinent
1152 754 1264 826 plenius
1273 754 1394 826 singulis
1407 755 1567 827 quibusque
1581 755 1769 827 distinguere,
1780 757 1810 810 et

120 849 186 905 illud
215 848 353 916 intuere,
374 846 457 919 quis,
477 847 501 902 si
520 846 680 918 perieulum
697 846 803 919 peccati
821 847 941 917 timens,
992 863 1025 903 ex
1036 863 1069 903 eo
1083 846 1132 903 flet
1143 851 1175 903 ut
1187 850 1405 921 ettutunquam
1418 847 1468 920 qui
1481 864 1539 905 non
1553 848 1682 905 docueris
1695 864 1760 920 quse
1771 847 1808 903 ad

121 943 267 1014 suscipere
286 941 395 1012 refugis
410 939 540 996 Ecclesia
558 939 760 1011 gubernacula,
774 944 867 996 certus
883 944 942 996 esto
992 941 1112 996 mutam
1126 940 1279 997 hominurn
1302 941 1446 1014 pertinent
1460 942 1621 1014 deponeris,
1635 945 1666 996 et
1678 940 1809 1013 discipuli

120 1036 185 1109 quia
206 1034 337 1109 amplius
356 1049 468 1106 peccas,
482 1033 532 1105 qui
552 1032 576 1088 si
597 1034 737 1106 populum
757 1032 808 1089 Dei
822 1033 942 1091 velutin
991 1049 1043 1105 per
1057 1034 1248 1106 ignorantiam
1260 1038 1394 1107 pereant;
1409 1035 1515 1092 idcirco
1531 1039 1562 1091 tu
1577 1034 1693 1108 quidem
1704 1033 1742 1089 ad
1752 1033 1809 1089 hoc

120 1125 940 1200 ductibuspositumetpericlitentemlcumjuvarepossis)
991 1127 1085 1183 solum
1109 1132 1218 1197 vacato,
1238 1133 1270 1184 ut
1290 1133 1449 1202 opportune
1470 1128 1579 1184 alsine
1599 1126 1809 1184 intermissione

122 1220 350 1294 subteriugisdui
358 1219 556 1277 tantummodo
563 1219 671 1277 habens
678 1219 940 1289 considerationem,
992 1221 1092 1277 doceas
1104 1221 1224 1276 verbum
1237 1221 1300 1290 Ilei,
1313 1238 1364 1294 per
1375 1222 1452 1295 quod
1466 1223 1586 1279 salutem
1599 1219 1735 1293 consequi
1747 1236 1810 1292 pos·

124 1321 214 1371 etnon
224 1314 506 1387 quodincommune
516 1313 649 1370 omnibus
656 1313 773 1386 expedit
780 1312 940 1386 providens.
991 1313 1057 1382 sint,
1074 1313 1115 1369 illi
1128 1330 1193 1369 vero
1205 1330 1272 1371 curu
1293 1318 1372 1371 tante
1390 1316 1550 1372 reverentia
1570 1319 1621 1370 tua
1640 1314 1726 1372 verba
1747 1328 1808 1369 sus-

124 1408 172 1466 Sed
185 1414 286 1465 certus
298 1410 360 1464 esto
371 1408 449 1480 quod
462 1410 630 1464 necesseest
648 1411 677 1463 te
695 1407 839 1479 suscipere
856 1423 942 1465 omne
991 1405 1107 1478 cipiant,
1119 1409 1255 1479 tunquam
1274 1408 1324 1479 qui
1345 1408 1435 1465 sciant
1452 1409 1580 1481 legatum
1600 1412 1630 1464 te
1651 1410 1680 1463 et
1699 1422 1808 1478 praco-

123 1502 290 1576 periculum,
306 1501 439 1575 quianec
453 1515 508 1572 ego
526 1517 578 1573 pro
598 1501 690 1556 salute
710 1500 839 1556 omnium
857 1500 940 1556 ohse—
991 1515 1059 1555 nem
1080 1515 1141 1556 esse
1160 1500 1298 1569 veritatis,
1312 1506 1342 1558 et
1358 1502 1548 1574 quodcunque
1570 1501 1704 1572 ligaveris
1722 1515 1811 1571 super

125 1596 224 1651 cando
237 1595 367 1651 cessabo.
378 1596 491 1660 Quanto
505 1608 574 1666 ergo
583 1593 940 1665 mihieitiusacquieveris,
991 1596 1109 1661 terram,
1125 1609 1185 1648 esse
1205 1593 1327 1664 ligatum
1354 1599 1383 1650 et
1408 1594 1438 1650 in
1457 1596 1538 1664 coelo,
1559 1597 1589 1650 et
1607 1593 1809 1666 quodcumque

125 1694 198 1744 huto
230 1705 279 1744 me
306 1688 390 1744 citius
423 1687 529 1743 laboris
557 1691 587 1743 et
615 1687 736 1744 tristitie
767 1703 841 1743 meae
869 1702 939 1743 moe·
992 1686 1117 1754 solveris,
1133 1687 1221 1743 etiam
1241 1687 1281 1742 ibi
1303 1703 1363 1744 esse
1384 1687 1563 1744 solvendum.
1580 1686 1724 1752 Quoniam
1747 1684 1810 1757 qui-

128 1798 185 1837 mre
207 1781 355 1837 relevabis.
377 1781 446 1837 Novi
470 1781 560 1837 etiam
583 1781 648 1849 hoc,
669 1798 686 1836 o
708 1781 848 1847 Clemens,
863 1779 941 1854 quod
951 1763 980 1837 Β
991 1778 1056 1836 dem
1068 1783 1098 1834 et
1110 1782 1141 1836 tu
1154 1782 1197 1851 (ut
1210 1780 1279 1852 dixi)
1292 1797 1355 1853 quae
1371 1784 1486 1854 oportet
1502 1780 1616 1853 ligabis,
1631 1783 1660 1835 et
1674 1795 1738 1852 qum
1758 1794 1807 1834 ex-

128 1875 172 1931 ibi
184 1874 273 1931 tedia
286 1881 317 1930 et
334 1874 487 1943 molestias,
500 1873 627 1946 pericula
640 1873 728 1930 etiarn
747 1878 777 1929 et
789 1872 941 1945 opprobrie
991 1872 1070 1945 pedit
1080 1874 1180 1940 solves,
1194 1878 1222 1930 et
1233 1874 1270 1930 ad
1287 1876 1315 1929 te
1333 1875 1381 1948 qui
1401 1891 1492 1947 preces
1506 1875 1559 1931 ista
1571 1874 1629 1931 sint
1643 1872 1764 1942 monita,
1780 1877 1810 1929 et

129 1968 259 2024 ineruditi
282 1967 360 2039 vulgi
385 1967 572 2039 indocilisque
594 1967 753 2036 conciliem,
776 1981 876 2039 quare,
898 1970 939 2035 tu,
990 1964 1034 2021 his
1052 1966 1165 2022 similia.
1543 1981 1549 1989 ·

131 2066 235 2129 tamen,
248 2062 304 2117 scio
323 2077 410 2134 quam
425 2065 592 2117 constanter
614 2065 643 2117 et
664 2059 777 2121 fortiter
795 2061 881 2130 feras,
894 2075 939 2115 re·
1025 2059 1069 2114 hd
1094 2059 1275 2131 presbyteros
1300 2075 1366 2116 vero
1391 2061 1449 2117 sint
1470 2061 1536 2117 ista.
1555 2065 1629 2118 Ante
1654 2061 1752 2118 omnia
1776 2067 1809 2118 ut

132 2154 390 2226 spiciensaduliam
401 2171 494 2227 spem,
504 2171 569 2227 quae
577 2154 632 2210 tibi
642 2154 719 2226 apud
728 2153 822 2210 Deum
832 2152 942 2225 patien·
990 2149 1810 2227 pudicitiestudentesadotescentesnuptiisjungent‚quo

133 2247 173 2302 lire
185 2254 326 2320 praeparat
336 2262 484 2304 coronam.
498 2248 554 2305 Sed
566 2251 596 2304 et
604 2246 677 2303 illud
689 2247 774 2320 cupio
785 2251 812 2303 te
826 2262 942 2302 mecum
991 2243 1113 2299 calorem
1125 2244 1258 2301 ferventis
1275 2246 1367 2304 [etatis
1380 2247 1525 2319 conjugali
1541 2248 1606 2321 lege
1623 2247 1809 2321 preveniunt,

134 2343 200 2412 juxta
218 2342 363 2398 rationem
384 2342 554 2414 perspicere,
568 2340 683 2414 quando
707 2340 832 2398 maxime
852 2355 941 2411 opera
991 2336 1039 2392 sed
1052 2353 1089 2391 ne
1103 2336 1132 2392 in
1143 2338 1366 2409 provectioribus
1379 2341 1497 2413 quidem
1518 2357 1617 2397 curam
1635 2341 1740 2397 habere
1754 2341 1807 2396 hu·

138 2438 176 2489 tua
191 2435 299 2505 indiget
320 2434 448 2490 Christus
468 2451 555 2506 nunc,
573 2450 641 2489 cum
654 2433 786 2489 inimicus
805 2433 941 2488 adversus
988 2429 1117 2501 jusmodi
1139 2432 1298 2513 negligant,
1314 2433 1381 2505 quia
1400 2433 1431 2489 in
1452 2435 1560 2503 mullis,
1577 2435 1664 2491 etiam
1682 2451 1748 2491 cum
1763 2451 1807 2492 se·

138 2543 256 2599 sponsam
272 2527 335 2599 ejus
349 2531 510 2583 commovet
521 2527 640 2598 bellum,
656 2544 694 2583 an
713 2527 744 2582 in
758 2527 854 2582 futuro
869 2529 941 2582 tem·
992 2523 1086 2580 nuerit
1108 2540 1211 2596 corpus
1232 2526 1463 2598 concupiscentia
1484 2528 1571 2601 viget,
1588 2545 1626 2584 ue
1645 2529 1719 2585 forte
1738 2544 1808 2600 ergo

139 2621 319 2692 porequando
330 2622 393 2692 jam
406 2621 610 2695 Christuspost
623 2619 771 2677 victoriam
784 2619 942 2691 triumphe·
991 2617 1186 2673 fornicationis
1221 2618 1300 2674 lebes
1328 2618 1485 2689 (occasione
1519 2623 1644 2694 accepta)
1671 2627 1808 2694 tanquam

140 2714 180 2781 bit,
188 2731 239 2770 nec
252 2715 328 2770 ultra
337 2715 427 2770 ullius
440 2731 527 2786 opera
535 2714 692 2786 indigebit?
705 2713 774 2779 Quis
784 2729 844 2770 non
852 2713 940 2769 etium
990 2725 1133 2766 venenum
1146 2711 1304 2782 pessimum
1319 2716 1414 2785 serpat
1424 2713 1454 2769 in
1470 2714 1563 2784 nobis,
1577 2731 1676 2772 cavere
1689 2720 1718 2771 et
1731 2719 1807 2771 ante·

140 2809 202 2877 parvi
213 2825 313 2864 sensus
325 2808 470 2880 intelligat
481 2806 558 2880 quod
571 2807 647 2863 istud
661 2811 705 2863 est
716 2812 830 2879 tempus
842 2806 872 2862 in
884 2821 941 2879 quo
990 2802 1088 2858 venire
1108 2803 1300 2860 necessarium
1322 2810 1374 2874 est,
1388 2822 1426 2862 ne
1445 2808 1521 2879 quod
1533 2808 1564 2864 in
1581 2808 1662 2864 nobis
1676 2807 1808 2864 adulterii

140 2917 239 2972 operam
252 2906 334 2957 tuam
353 2902 478 2957 Christus
489 2901 631 2974 requirit?
646 2902 717 2957 'lota
736 2900 824 2972 igitur
845 2905 941 2956 mente
990 2895 1132 2952 coctilium
1156 2898 1280 2954 calescet
1300 2898 1477 2956 incendium.
1491 2902 1527 2956 nt
1545 2901 1614 2975 quid
1629 2901 1659 2957 in
1675 2902 1809 2958 omnibus

140 2994 317 3066 iupraesenti
344 2994 513 3051 necesdtate
534 2995 632 3067 praehe
656 3011 772 3068 operam
799 2998 890 3063 tuam,
913 2995 943 3048 el
990 2989 1111 3060 peccatis
1130 2990 1269 3046 adulterio
1292 2992 1425 3063 gravius?
1447 2993 1611 3050 Secundum
1632 3011 1758 3068 namque
1776 2996 1806 3050 in

140 3088 262 3144 anubem
279 3088 310 3143 in
323 3088 428 3160 praeliis
442 3087 546 3144 exhibe
562 3087 632 3160 Regi
649 3088 758 3160 optimo
774 3101 939 3143 remunera·
950 3128 979 3204 C
991 3083 1082 3155 poeuis
1094 3083 1202 3140 obtinet
1216 3084 1321 3153 locum,
1336 3087 1474 3158 quoniam
1489 3088 1606 3160 quidem
1626 3089 1753 3161 primum
1767 3089 1808 3145 illi

140 3181 215 3237 liores
225 3181 396 3254 magnificae
410 3185 471 3253 post
479 3181 625 3237 victoriam
638 3181 797 3237 reddituro.
806 3180 942 3235 Libenter
991 3176 1102 3233 habent
1112 3177 1161 3250 qui
1172 3177 1307 3234 aberrant
1319 3180 1411 3249 allec,
1426 3180 1549 3237 etiami
1568 3182 1664 3238 sobrie
1676 3182 1806 3239 vixerint.

139 3290 191 3346 ergo
209 3273 323 3347 suscipe
344 3274 522 3346 episcopatus
544 3274 682 3343 officinm,
697 3289 730 3329 eo
747 3274 871 3329 maxime
882 3288 940 3344 quo
990 3271 1111 3343 Propter
1124 3271 1201 3344 quod
1218 3288 1267 3327 vos
1287 3273 1445 3346 presbyteri
1466 3276 1619 3332 Ecclesiam
1637 3276 1757 3333 excolite
1780 3281 1809 3333 et

138 3368 324 3424 ecclesiasticas
347 3367 545 3440 dispositiones
566 3385 583 3423 a
604 3383 650 3424 me
669 3366 856 3439 probabiliter
869 3365 941 3422 didi·
990 3363 1127 3421 adornate
1148 3381 1283 3437 sponsam
1303 3367 1407 3423 Christi
1425 3369 1462 3423 ad
1481 3369 1656 3442 pudicitiam,
1672 3385 1808 3442 sponsam

137 3461 196 3527 chii,
207 3466 242 3517 ut
254 3461 332 3517 salus
346 3476 448 3517 aarum
460 3461 509 3533 qui
522 3477 575 3532 per
584 3477 635 3516 nos
647 3461 835 3532 confugerunt
844 3458 880 3514 ad
889 3461 941 3515 Do
990 3463 1087 3513 autem
1102 3457 1176 3529 dico,
1187 3475 1303 3516 omnem
1317 3461 1450 3518 Ecclesiae
1464 3462 1730 3536 cougregau'onem,
1742 3479 1808 3535 quse

137 3554 235 3610 ninum
243 3570 430 3626 nequaquam
440 3553 560 3621 vacillet,
571 3558 769 3610 verumtamen
779 3558 808 3609 et
817 3552 942 3608 breviter
990 3550 1014 3605 si
1028 3550 1131 3622 pudica
1143 3551 1229 3609 luerit
1242 3554 1360 3609 inventa
1372 3571 1390 3609 a
1401 3572 1506 3627 sponso
1520 3572 1583 3626 suo,
1597 3557 1762 3629 ingentibus
1772 3556 1808 3612 ab

137 3647 201 3702 tede
218 3647 309 3719 ipsius
329 3646 545 3719 dispensationis
567 3646 667 3702 ordine
689 3662 788 3702 coram
807 3645 942 3701 omnibus
992 3659 1026 3698 co
1042 3643 1124 3700 donis
1136 3646 1349 3703 etmuuerihus
1362 3648 1558 3719 honorabitur,
1567 3653 1596 3706 el
1604 3667 1652 3706 vos
1665 3651 1742 3708 velut
1753 3650 1808 3706 mi·

136 3754 308 3796 commonere
334 3739 524 3797 necessarium
549 3739 628 3795 duxi.
651 3741 689 3794 Te
716 3739 834 3810 quidem
860 3754 941 3809 opor·
992 3735 1073 3792 nistri
1085 3752 1206 3807 sponsae,
1222 3742 1252 3793 et
1262 3738 1346 3794 amici
1360 3741 1456 3812 sponsi
1468 3742 1581 3815 ingenti
1596 3743 1704 3814 gaudio
1716 3748 1745 3800 et
1759 3743 1806 3798 le-

135 3835 167 3887 tet
177 3833 466 3905 irreprehensibiliter
480 3833 585 3901 vivere,
598 3839 628 3888 et
641 3847 758 3888 summo
771 3830 863 3886 studio
877 3830 939 3898 niti,
990 3828 1052 3884 iiiia
1063 3829 1259 3901 pertruemini.
1274 3831 1304 3887 Si
1314 3848 1383 3888 vero
1398 3849 1502 3904 sponsa
1519 3835 1582 3890 hec
1593 3840 1707 3906 reperta
1720 3836 1809 3893 fuerit

134 3929 160 3981 ut
171 3943 270 3982 omnes
283 3926 350 3982 viter
364 3926 450 3999 hujus
466 3927 666 4000 occupationes
683 3925 809 3997 abjicias,
821 3940 857 3981 ne
870 3923 939 3979 tide-
991 3921 1194 3977 commaculata
1204 3924 1336 3995 peccatis,
1345 3925 1407 3999 ipsa
1417 3925 1535 3998 quidem
1541 3927 1808 4001 tanquamindigna

131 4018 217 4088 jussor
234 4019 349 4089 existas,
362 4036 400 4074 ne
421 4020 577 4076 advocatus
600 4020 693 4075 litium
706 4019 768 4086 fles,
785 4034 821 4077 oe
834 4017 863 4073 in
882 4018 942 4072 ulta
992 4031 1051 4070 non
1064 4014 1193 4070 tradetur
1205 4017 1350 4088 regalibus
1362 4018 1463 4087 thoris,
1473 4035 1522 4075 vos
1541 4025 1638 4076 eutem
1652 4037 1749 4093 poenes
1762 4022 1809 4078 da·

132 4112 219 4184 eliqua
247 4112 435 4186 occupatione
466 4129 583 4185 prorsus
608 4111 762 4168 inveniaris
789 4109 942 4168 mundialis
992 4107 1067 4177 bitis,
1078 4108 1101 4163 si
1111 4109 1187 4165 forte
1196 4126 1248 4182 per
1257 4114 1382 4167 vestram
1390 4113 1596 4185 negligentiam
1605 4115 1650 4171 vel
1659 4114 1808 4185 desidiam,
1894 4133 1897 4142 ·

133 4206 234 4277 negotii
252 4205 403 4262 occasione
415 4206 575 4278 perplexus.
592 4207 689 4278 Neque
710 4205 787 4260 enim
801 4203 940 4275 judicem,
992 4201 1150 4273 obrepserit
1171 4203 1304 4277 contagio
1326 4221 1399 4261 saeva
1418 4208 1536 4279 peccati.
1550 4208 1655 4264 idcireo
1670 4212 1737 4264 ante
1750 4225 1809 4266 om·

132 4301 176 4353 rut
192 4299 373 4370 cognitorem
390 4299 567 4356 saecularium
591 4299 785 4372 negotiorum,
807 4297 895 4353 hodie
914 4302 942 4353 te
991 4295 1040 4349 nia
1062 4293 1223 4351 sobrietatis
1244 4300 1273 4352 et
1293 4298 1439 4369 pudicitie
1461 4300 1684 4358 solticitudinem
1706 4305 1808 4376 gerite.

135 4392 260 4448 ordinare
279 4394 342 4448 ruli
358 4394 493 4462 Christus,
505 4409 543 4450 ne
565 4392 736 4465 praefocatus
757 4391 943 4464 presentibus
992 4386 1077 4443 Valde
1089 4387 1166 4443 eninr
1181 4389 1257 4460 apud
1270 4390 1361 4446 Deum
1383 4408 1469 4465 grave
1491 4394 1599 4450 crimen
1619 4395 1733 4453 ducitur
1750 4397 1808 4453 ior-

136 4484 280 4541 bominum
303 4487 388 4554 curis,
412 4503 468 4543 nou
492 4486 581 4560 possis
599 4486 686 4542 verbo
708 4485 757 4540 Dei
780 4501 889 4552 vacare,
915 4487 983 4566 etl)
994 4480 1107 4549 nicetio,
1124 4481 1206 4553 cujus
1218 4483 1325 4554 species
1338 4489 1404 4541 suut
1415 4485 1532 4558 quidem
1553 4488 1658 4560 piures,
1674 4488 1746 4545 sicut
1759 4507 1808 4546 vo-

136 4579 285 4635 secundum
298 4581 425 4636 veritatis
438 4580 568 4652 regulam
585 4594 734 4636 secernere
748 4578 837 4634 honos
851 4594 868 4633 a
883 4594 944 4634 ma·
995 4573 1037 4629 bis
1049 4578 1079 4629 et
1090 4573 1151 4646 ipse
1160 4574 1293 4637 Clemens
1300 4577 1582 4652 diligenterexpouet
1595 4586 1808 4640 :verumtamen

137 4671 174 4726 iis.
186 4674 241 4728 ista
256 4689 379 4746 namque
395 4689 493 4745 opera,
511 4689 577 4745 quie
596 4672 649 4728 tibi
671 4673 766 4727 minus
786 4686 946 4744 congmere
995 4666 1090 4739 prima
1101 4667 1207 4738 species
1220 4669 1352 4726 adulterii
1363 4674 1406 4727 est
1420 4673 1514 4729 virum
1529 4674 1645 4748 propria
1662 4692 1751 4734 uxore
1765 4694 1809 4733 so·

136 4767 258 4839 mperius
268 4766 462 4838 exposuimus,
473 4765 627 4822 exhibeant
638 4766 691 4821 sibi
702 4765 823 4820 invicem
835 4764 944 4821 discen-
995 4761 1143 4817 lummodo
1152 4776 1211 4817 non
1219 4777 1279 4818 esse
1288 4766 1466 4833 contentum,
1475 4770 1505 4821 et
1516 4767 1669 4824 mulierem
1681 4787 1738 4825 non
1748 4788 1811 4844 pro·

135 4861 182 4923 tes,
196 4858 226 4913 id
241 4862 285 4914 est
298 4858 376 4927 laici,
394 4863 422 4914 et
448 4863 475 4914 te
498 4875 583 4914 nemo
608 4863 727 4931 occupet
738 4859 773 4914 ab
788 4858 833 4914 his
846 4857 946 4914 studiis
995 4853 1057 4926 prio
1080 4858 1194 4911 tantum
1217 4872 1330 4911 servaro
1352 4875 1382 4912 se
1395 4859 1466 4916 viro.
1480 4860 1511 4915 Si
1532 4877 1602 4934 ergo
1617 4869 1709 4919 castus
1724 4865 1812 4921 luerit

136 4964 181 5018 per
200 4967 265 5022 qum
289 4951 366 5007 salus
387 4952 522 5008 omnibus
541 4953 634 5019 datur,
651 4952 813 5007 sicutenim
828 4950 879 5006 libi
890 4950 944 5006 im·
995 4947 1068 5019 quis,
1079 4951 1175 5020 potest
1183 4953 1213 5004 et
1221 4949 1366 5006 humanus
1378 4957 1407 5008 et
1416 4952 1577 5010 misericors
1589 4955 1661 5025 lieri,
1671 4974 1724 5030 per
1735 4960 1811 5031 quod

137 5042 239 5111 pietatis
249 5045 360 5099 crimen
374 5047 426 5113 est,
443 5045 579 5116 neglectis
593 5045 671 5101 verbi
692 5044 743 5100 Dei
764 5044 873 5111 studiis,
889 5043 945 5098 sol·
996 5040 1098 5112 etipse
1113 5046 1251 5097 aternam
1265 5060 1283 5099 a
1297 5045 1353 5100 Deo
1373 5045 1597 5104 misericordiam
1610 5056 1809 5123 consequatur,

137 5134 289 5193 licitudines
319 5137 462 5209 suscipere
493 5138 649 5205 seculares,
666 5139 706 5193 ita
736 5142 765 5195 et
794 5137 945 5208 unicuique
996 5149 1064 5189 sane
1074 5133 1146 5190 sicut
1158 5135 1291 5192 adulterii
1301 5155 1444 5194 venenum
1454 5142 1563 5197 cunctis
1576 5144 1660 5199 malis
1672 5134 1812 5216 pernicio

136 5226 266 5284 leicomm
284 5232 434 5301 peccalum
457 5233 510 5298 est,
526 5230 579 5286 nisi
597 5230 721 5286 invicem
739 5230 802 5298 sibi,
817 5229 903 5285 etiam
916 5229 947 5286 in
995 5226 1053 5282 sius
1074 5231 1126 5295 est,
1140 5227 1180 5283 ita
1195 5244 1277 5285 amor
1289 5231 1430 5288 fraternus
1452 5239 1482 5288 et
1504 5235 1626 5292 charitas
1642 5238 1729 5293 totius
1740 5237 1811 5293 boni

137 5318 175 5375 his
185 5337 249 5392 quse
262 5322 298 5377 ad
311 5322 471 5378 communis
483 5323 547 5378 vitre
559 5339 643 5379 usum
657 5323 813 5395 pertinent,
828 5338 945 5395 operam
994 5319 1142 5392 fastigium
1157 5325 1246 5378 tenet.
1261 5325 1294 5378 Et
1311 5324 1375 5380 idco
1387 5325 1498 5398 diligite
1521 5345 1621 5385 omnes
1641 5331 1743 5384 iratres
1765 5345 1810 5384 ve·

135 5411 249 5471 fideliter
263 5415 403 5472 dederint.
425 5417 464 5472 Te
483 5432 550 5472 vero
572 5432 704 5472 securum
725 5416 830 5484 facere,
852 5419 881 5470 et
902 5415 946 5470 his
996 5416 1078 5481 siros,
1094 5418 1123 5470 et
1139 5430 1205 5470 cum
1219 5415 1358 5487 religione
1369 5434 1402 5472 ac
1419 5419 1613 5478 misericordie
1630 5421 1760 5494 respicite
1773 5423 1810 5477 ad

134 5507 944 5580 quihusdehesvaeantem,omnescommuniterlohorcnt.
996 5522 1105 5573 omnes,
1130 5507 1264 5579 orphanis
1292 5509 1426 5567 exhibete
1452 5514 1638 5585 vosmetipsos
1665 5517 1809 5585 parentes,

133 5600 205 5666 Quod
218 5602 328 5658 silorte
345 5619 363 5657 a
381 5603 540 5675 semetipsis
553 5603 609 5660 hoc
623 5603 686 5659 laici
700 5619 758 5659 nou
771 5600 944 5672 intelligunt,
997 5598 1089 5655 viduis
1100 5600 1227 5657 virorum
1248 5618 1347 5659 curam
1369 5605 1537 5678 impendite,
1552 5622 1617 5661 cum
1634 5606 1714 5662 omni
1727 5610 1810 5665 casti-

132 5709 178 5761 per
188 5695 325 5751 diaconos
339 5695 476 5752 edocendi
495 5700 572 5764 sunt,
590 5699 624 5751 ul
647 5696 699 5752 tihi
719 5696 805 5751 solius
820 5695 945 5750 ecclesiae
995 5698 1052 5750 tate
1065 5710 1129 5765 quae
1141 5695 1376 5752 necessariesunt
1387 5699 1558 5770 prebentes,
1568 5699 1700 5770 juniores
1713 5707 1811 5758 tamen

131 5787 331 5844 sullicitudines
343 5789 553 5864 derelinquant,
569 5789 648 5861 quod
662 5790 752 5862 ipsam
766 5789 809 5860 (ut
823 5789 944 5861 dignum
996 5786 1094 5842 viduas
1114 5769 1220 5861 nuptiis
1242 5790 1383 5862 copulate.
1399 5791 1446 5846 llis
1461 5791 1510 5862 qui
1529 5792 1665 5864 ignorant
1679 5794 1809 5866 artificia,
