3870 6150
146 250 196 304 tes
241 224 248 231 ²
593 246 734 302 APPEND.
754 246 798 302 AD
817 245 897 302 SAEC.
918 246 961 301 ill.
977 275 1012 286 -
1031 245 1151 302 lSlDORl
1172 240 1383 302 atuucurouls
1782 247 1829 301 iso

144 371 246 411 sesam
263 353 357 426 potius
372 369 458 426 qnam
470 357 551 407 recta
565 352 731 420 sentientes,
743 353 802 407 haec
812 352 919 407 dicunt.
931 353 962 407 tn
973 353 1056 440 Asit.
1068 353 1139 408 Nam
1152 352 1274 424 apostoli
1292 354 1378 407 talem
1395 350 1625 407 consuetudinem
1642 367 1701 406 nou
1719 352 1829 407 hahue-

142 449 194 504 illa
207 449 284 504 enim
297 448 342 503 die
357 447 588 517 Dominnslesus,
598 451 749 519 postquam
766 446 885 501 coenavit
898 462 963 502 cum
1012 451 1091 516 runt,
1107 461 1158 501 nec
1172 445 1332 502 habendam
1345 445 1516 515 docuerunt;
1533 444 1662 501 similiter
1675 447 1705 499 et
1717 461 1830 501 succes·

145 541 288 613 discipulis
300 541 366 611 suis,
382 545 410 597 et
422 540 492 595 lavit
508 556 607 597 eorum
622 542 718 612 pedes,
738 540 839 595 sicuta
859 540 963 595 sanctis
1013 555 1090 594 sores
1105 556 1216 608 eorum,
1229 556 1393 611 quanquam
1403 540 1493 593 multa
1503 538 1537 594 de
1547 537 1661 608 talibus,
1672 538 1832 610 praeviden-

142 636 275 706 apostolis
300 634 525 706 praedecessores
554 634 643 690 nostri
672 637 843 705 acceperunt
870 633 963 689 nohis-
1012 637 1053 688 tes
1068 633 1175 704 Spiritu
1189 634 1237 689 Dei
1254 633 1360 703 lutura,
1382 634 1553 687 statuerunt.
1575 633 1671 701 Porro,
1688 636 1721 687 ut
1736 631 1830 703 legitis

143 746 199 801 que
225 729 412 801 reliquerunt,
441 727 566 783 chrisma
593 726 732 782 conticere
759 727 871 796 docuit;
899 726 962 799 ipsa
1012 726 1041 780 in
1054 727 1170 782 Actibus
1184 727 1385 799 apostolorum,
1402 728 1464 782 erat
1477 743 1510 782 eo
1524 731 1654 798 tempore
1666 724 1745 780 inter
1757 726 1828 780 sidc-

145 822 329 877 enimlavatio
339 823 446 894 pedum
458 820 960 892 nostrorumsignificatbaptismnm,
1011 819 1052 875 les
1066 836 1114 875 cor
1132 837 1223 876 unum
1246 825 1274 876 et
1298 821 1393 875 anima
1408 837 1475 889 una,
1493 836 1586 893 neque
1608 819 1710 891 aliquis
1730 835 1829 874 eorum

145 917 260 989 quando
274 916 364 972 sancti
381 914 542 971 chrismatis
563 915 695 969 unctione
716 914 864 987 perficitur
876 919 961 986 atque
1012 912 1118 984 aliquid
1134 930 1217 969 suum
1229 913 1379 986 proprium
1393 912 1512 983 dicebat,
1533 912 1581 969 sed
1601 916 1683 968 erant
1701 912 1756 967 illis
1773 928 1829 967 om·

37 1003 43 1018 ⁰
144 1011 341 1066 confirmatur.
362 1009 433 1064 Nam
452 1008 523 1064 sicut
542 1008 631 1079 ipsius
650 1008 707 1063 diei
727 1007 891 1063 solemnitas
910 1024 962 1080 per
1012 1006 1061 1060 nia
1075 1007 1246 1062 communia.
1261 1006 1344 1062 Nulla
1356 1006 1434 1062 enim
1449 1006 1527 1062 inter
1549 1022 1599 1061 eos
1611 1005 1756 1061 accusatio
1776 1007 1828 1061 nisi

144 1104 272 1175 singulos
299 1118 389 1157 annos
413 1107 455 1157 cst
482 1102 668 1169 celebranda,
696 1101 735 1155 ita
759 1101 846 1173 ipsius
873 1101 962 1156 sancti
1011 1099 1157 1155 familiaris
1171 1105 1240 1167 erat,
1254 1116 1448 1172 necunquam
1464 1098 1539 1155 inter
1554 1099 1714 1155 imitatores
1728 1115 1827 1154 eorum

143 1195 306 1252 chrismatis
320 1195 457 1251 confectio
473 1212 524 1267 per
537 1195 662 1266 singulos
675 1211 767 1250 annos
781 1199 823 1250 est
835 1195 957 1267 agenda,
1011 1197 1060 1248 aut
1071 1192 1169 1248 fideles
1184 1193 1354 1264 fieri-debet,
1370 1193 1481 1250 dicente
1500 1193 1640 1249 Domino:
1656 1212 1671 1246 a
1685 1192 1768 1257 Quod
1779 1193 1826 1248 tibi

144 1294 173 1346 et
186 1291 221 1345 de
241 1305 316 1345 anno
329 1289 358 1344 in
379 1306 487 1344 annum
508 1289 673 1344 renovanda
695 1291 724 1344 et
749 1287 879 1343 fidelibus
902 1292 960 1343 tra·
1011 1303 1068 1342 non
1081 1287 1123 1342 vis
1132 1287 1205 1354 lieri,
1218 1287 1299 1343 alteri
1309 1303 1345 1342 ne
1357 1286 1452 1342 iacias.
1463 1308 1477 1337 »
1489 1288 1523 1342 lit
1532 1286 1622 1343 idem:
1634 1286 1763 1359 «Diliges
1768 1303 1827 1358 pro

145 1384 247 1452 denda,
264 1383 331 1455 quia
342 1397 447 1438 novum
458 1387 599 1438 sacratum
612 1385 655 1438 est
663 1399 714 1454 per
724 1381 851 1454 singulos
861 1397 959 1451 annos,
1011 1381 1119 1436 simum
1131 1385 1213 1437 tuum
1226 1381 1299 1436 sicut
1311 1380 1443 1452 teipsum,
1460 1385 1488 1436 et
1498 1380 1610 1436 dilectio
1628 1380 1754 1453 proximi
1767 1397 1825 1435 ma-

145 1478 246 1549 etjam
259 1476 334 1531 dicto
358 1476 403 1532 die
424 1475 631 1545 innovandum,
655 1479 684 1530 et
703 1481 783 1532 retus
807 1476 836 1530 in
859 1475 961 1530 sanctis
1010 1474 1070 1529 lum
1085 1490 1144 1530 non
1154 1478 1296 1547 operatur.
1310 1497 1324 1526 »
1336 1475 1391 1546 ipsi
1403 1491 1473 1547 ergo
1483 1475 1603 1546 apostoli
1612 1480 1641 1530 et
1650 1491 1826 1530 successores

145 1570 273 1628 Ecclesiis
287 1569 482 1627 cremandum.
496 1573 552 1626 leta
565 1587 582 1624 a
597 1570 699 1625 sanctis
713 1568 847 1640 apostolis
857 1571 886 1623 et
898 1584 958 1623 suc·
1011 1583 1111 1623 eornm
1123 1568 1191 1623 olim
1206 1571 1365 1624 statuerunt
1378 1584 1424 1624 eos
1438 1569 1474 1625 ad
1487 1568 1699 1625 accusationem
1710 1585 1770 1623 non
1783 1585 1825 1623 rc·

144 1664 302 1720 sessoribus
325 1680 424 1719 eorum
459 1662 638 1735 accepimns,
670 1644 817 1734 vobisque⁸
839 1662 961 1718 tenenda
1010 1661 1065 1732 cipi
1078 1662 1128 1733 qui
1142 1667 1208 1716 sunt
1220 1662 1342 1734 suspecti
1356 1663 1399 1718 vel
1419 1662 1469 1734 qui
1480 1663 1544 1717 heri
1559 1667 1610 1718 aut
1621 1662 1827 1718 nudiustertius

144 1759 324 1815 mandamus.
340 1759 404 1812 llaec
417 1761 513 1812 sanctu
533 1759 662 1813 Romana
682 1756 805 1812 Ecclesia
820 1758 849 1811 et
862 1756 957 1812 Antio·
970 1738 998 1812 B
1010 1755 1054 1810 vel
1066 1755 1175 1811 dudum
1195 1755 1312 1810 luerunt
1334 1755 1452 1825 inimici,
1475 1756 1609 1827 quoniam
1625 1755 1752 1828 suspecti
1763 1755 1827 1810 facti

40 1859 45 1869 '
144 1852 236 1907 chena
246 1853 401 1923 atempore
411 1851 608 1924 apostolorum
618 1849 755 1918 custodit;
766 1849 961 1905 hacilieroso·
1010 1851 1087 1919 sunt,
1100 1851 1128 1904 et
1142 1849 1258 1920 quinon
1273 1853 1340 1904 sunt
1351 1848 1435 1904 bonae
1450 1848 1685 1919 conversationis,
1701 1848 1747 1905 rel
1761 1865 1827 1921 quo

143 1945 285 2017 lymorum
300 1947 328 2001 et
341 1944 566 2016 Ephesianorum
578 1946 665 2013 tenet,
684 1943 714 1999 in
728 1944 830 2016 quibus
843 1942 961 2016 apostoli
1010 1958 1076 1998 rum
1098 1942 1155 1998 vita
1176 1947 1218 2000 est
1242 1942 1419 2011 accusabilis,
1446 1946 1497 1998 aut
1520 1943 1598 1998 dubii
1617 1942 1740 1998 inrecta
1761 1940 1825 1998 fide.

142 2039 326 2111 presidentes
347 2039 408 2094 haec
429 2038 596 2109 docuerunt,
619 2041 647 2094 et
668 2042 749 2117 vetus
768 2037 892 2093 chrisma
914 2037 960 2092 in·
1011 2035 1146 2092 Similiter
1156 2052 1280 2108 quorum
1293 2036 1373 2106 tides,
1387 2035 1446 2092 vita
1460 2040 1489 2093 et
1499 2037 1614 2092 libertas
1632 2035 1767 2104 nescitur,
1783 2036 1826 2091 vel

92 2153 95 2156 ·
141 2133 235 2200 cendi,
249 2135 279 2187 et
291 2149 350 2187 non
364 2132 489 2203 amplius
503 2149 589 2203 quam
606 2148 665 2187 uno
678 2148 754 2186 anno
768 2132 809 2186 uti
823 2131 959 2203 permise-

143 2230 221 2292 runt,
244 2229 331 2296 atque
350 2224 483 2297 deinceps
496 2224 646 2295 norofrui,
661 2229 689 2279 et
711 2241 769 2279 non
791 2224 890 2293 reteri,
911 2223 960 2295 ju·

143 2318 245 2372 hentes
258 2318 425 2373 docuerunt.
439 2318 467 2373 Si
481 2318 544 2390 quis
561 2334 629 2389 ergo
647 2317 690 2372 his
704 2317 817 2372 obviare
832 2320 959 2372 tentare·

143 2409 959 2483 rit,omnemsibipersosetperomnesrectcintelligentes,

142 2502 328 2578 indulgentia
342 2505 454 2561 aditum
467 2503 608 2577 intelligat
621 2505 795 2576 obseratum,
810 2505 879 2577 quia
893 2521 959 2576 pra·

142 2599 321 2655 sissimarum
334 2600 476 2657 mentium
488 2616 620 2672 peruersa
632 2599 770 2669 doctrina,
779 2599 851 2654 dnm
863 2598 960 2654 indul·

143 2693 258 2765 gentius
269 2693 359 2749 frenis
377 2693 478 2764 utitur,
493 2694 524 2749 in
543 2693 806 2765 praevaricationem
820 2708 959 2765 praesum·

143 2787 249 2859 ptionis
263 2786 415 2843 delabitur.
427 2788 460 2842 Et
471 2787 633 2842 nullatenus
647 2787 764 2855 eruitur,
773 2786 827 2842 nisi
834 2786 960 2859 pruden-

1012 2130 1061 2201 qui
1085 2129 1211 2185 infamiae
1231 2130 1350 2186 maculis
1368 2135 1436 2185 sunt
1461 2130 1577 2202 aspersi,
1605 2133 1655 2185 aut
1673 2129 1828 2186 sceleribus

1010 2222 1127 2291 irretiti;
1139 2240 1230 2296 neque
1249 2240 1298 2280 eos
1315 2224 1475 2280 sacerdotes
1493 2224 1598 2280 dehere
1612 2224 1656 2280 rel
1679 2240 1764 2295 posse
1780 2228 1829 2279 aut

1011 2316 1126 2372 clericos
1139 2334 1269 2373 accusare
1289 2318 1339 2390 qui
1353 2317 1407 2374 rite
1426 2318 1586 2374 sacerdotes
1603 2317 1666 2373 sieri
1684 2333 1746 2373 non
1761 2335 1826 2390 pos·

1011 2415 1086 2479 sunt,
1097 2427 1149 2467 nec
1162 2411 1205 2466 sui
1218 2416 1284 2467 sunt
1296 2411 1412 2468 ordinis.
1430 2411 1573 2477 Quoniam
1583 2410 1655 2467 sicut
1667 2412 1827 2468 sacerdotes

1009 2504 1054 2560 vel
1066 2505 1168 2577 reliqui
1182 2500 1274 2562 clerici
1293 2523 1310 2561 a
1327 2505 1650 2563 saeculariumlaicorum
1668 2505 1827 2562 excludun-

1010 2602 1059 2654 tur
1068 2601 1258 2672 accusatione,
1268 2599 1394 2656 itailliab
1411 2600 1605 2656 istorumsunt
1621 2599 1793 2656 excludendi
1802 2606 1829 2656 et

1009 2692 1153 2749 alienandi
1175 2693 1389 2765 criminatione3
1414 2699 1441 2750 et
1458 2694 1531 2750 sicut
1548 2694 1594 2749 isti
1614 2693 1729 2764 abillis,
1745 2694 1828 2749 itaet

1009 2785 1050 2840 illi
1060 2787 1096 2841 ab
1107 2786 1167 2842 istis
1188 2804 1245 2843 non
1265 2787 1451 2859 recipiuntur,
1470 2788 1606 2860 quoniam
1622 2786 1694 2842 sicut
1717 2786 1828 2842 [1οωίΗί

143 2880 216 2936 tium
222 2880 426 2936 sustentatione
437 2880 646 2937 etcorrectione
655 2880 802 2936 liberetur.
812 2880 859 2935 llla
865 2882 960 2935 autem
1010 2880 1190 2937 sacerdotum
1203 2887 1354 2955 segregata
1368 2881 1453 2937 dehet
1469 2898 1529 2937 esse
1541 2882 1715 2938 conversatio
1729 2881 1766 2936 ah
1778 2897 1826 2937 eo-

143 2974 296 3048 quorcirca
317 2973 411 3029 divina
434 2974 568 3046 mysteria
595 2978 624 3028 et
644 2990 714 3046 erga
737 2972 917 3045 baptizandos
930 2974 960 3028 in
1009 2990 1084 3043 rum,
1099 2975 1136 3031 ita
1151 2980 1180 3032 et
1196 2976 1329 3048 litigatio,
1345 2976 1411 3047 quia
1432 2992 1546 3032 serrum
1562 2976 1612 3033 Dei
1633 2993 1694 3032 non
1712 2978 1827 3049 oportet

144 3068 275 3125 universo
295 3069 404 3124 mundo
426 3071 523 3123 sancta
544 3068 667 3124 Ecclesia
688 3067 873 3123 uniformiter
890 3066 959 3140 agit,
1010 3067 1131 3141 litigare.

143 3179 203 3219 non
222 3164 314 3219 otioso
334 3161 555 3235 contemplanda
578 3166 644 3217 sunt
668 3161 782 3230 intuitu,
808 3177 845 3216 ne
866 3115 998 3216 locrunC
1046 3164 1135 3232 Tales,
1150 3163 1309 3220 charissimi
1320 3165 1433 3232 fratres,
1454 3164 1645 3220 accusationes
1665 3168 1694 3219 et
1706 3162 1826 3235 injustas

143 3256 324 3330 supervacuis
342 3255 548 3312 intentionibus
567 3258 596 3311 et
617 3254 863 3328 superstitionibus
874 3253 960 3310 facia·
1010 3260 1061 3313 aut
1074 3257 1189 3312 nocivas
1209 3259 1402 3316 aemulationes
1411 3278 1464 3333 pro
1473 3260 1580 3315 viribus
1590 3257 1750 3331 prohibete,
1761 3257 1826 3330 quia

142 3369 216 3408 mus.
232 3351 326 3408 Rudes
339 3367 409 3423 crgo
426 3350 555 3406 fidelium
569 3351 680 3406 mentes
699 3348 735 3404 ad
754 3349 822 3404 talia
839 3365 897 3404 non
911 3348 959 3405 de·
1010 3350 1156 3406 contentio
1163 3367 1348 3424 summopore
1359 3358 1401 3409 est
1414 3353 1531 3410 vitanda
1546 3371 1553 3408 ε
1568 3351 1672 3424 septies
1685 3351 1766 3406 enim
1779 3367 1824 3406 ca-

142 3447 245 3503 bemus
267 3445 414 3515 inducere,
438 3445 507 3517 quia
528 3443 649 3500 docendi
671 3442 766 3515 potius
788 3447 855 3499 sunt
874 3460 960 3516 quam
1009 3445 1195 3517 ditjustusin
1211 3445 1256 3501 die
1274 3449 1303 3500 et
1325 3449 1457 3521 resurgit,
1480 3447 1560 3519 impii
1581 3450 1677 3502 autem
1691 3449 1825 3501 corruent

141 3539 291 3596 illudendi.
316 3539 361 3594 Ad
386 3542 513 3594 nostram
537 3537 615 3593 onim
636 3537 766 3593 laetitiam
790 3537 862 3593 hene
884 3537 960 3593 lacta
1009 3538 1039 3594 in
1056 3539 1164 3594 malum
1190 3556 1196 3594 :
1224 3562 1238 3590 o
1266 3540 1337 3596 Cum
1364 3542 1500 3598 ceciderit
1526 3540 1659 3596 iuimicus
1682 3545 1760 3609 tuus,
1789 3539 1825 3595 ait

141 3633 324 3707 perveniunt,
350 3636 378 3688 et
403 3633 533 3688 maeroris
557 3631 662 3688 aculeis
685 3648 738 3687 nos
762 3648 826 3703 quaa
853 3631 960 3686 fuerint
1009 3633 1152 3703 Salomon,
1184 3649 1221 3689 ne
1261 3635 1395 3705 gaudeas,
1433 3638 1461 3690 et
1490 3635 1520 3690 in
1552 3633 1635 3691 ruina
1666 3631 1731 3707 36
1764 3633 1823 3705 ejus

141 3727 302 3784 malefacta
321 3729 529 3799 compungunt.
550 3726 598 3782 llic
620 3741 686 3782 vero
707 3725 783 3782 inter
799 3741 901 3780 manus
918 3725 957 3779 la·
1009 3743 1066 3783 non
1104 3727 1211 3783 exultet
1247 3744 1295 3782 cor
1331 3732 1424 3796 tuum,
1463 3745 1499 3784 ne
1534 3728 1607 3784 forte
1637 3728 1736 3785 videat
1772 3728 1822 3782 lto

141 3828 256 3879 tronum
268 3824 297 3878 et
311 3822 410 3878 dentes
421 3822 554 3894 lnporum
566 3819 724 3876 furentium
737 3824 881 3892 utcunque
895 3836 958 3875 ver·
1008 3820 1104 3876 miuus
1117 3824 1146 3877 et
1155 3820 1298 3895 displiceat
1317 3822 1354 3890 ci,
1369 3826 1397 3878 et
1410 3823 1521 3878 auferat
1540 3822 1575 3877 ab
1589 3838 1623 3877 eo
1639 3821 1712 3876 iram
1731 3837 1822 3876 suam.

141 3932 249 3984 samur,
264 3921 294 3973 et
305 3920 485 3973 contumaces
498 3917 565 3971 sunt
579 3914 683 3970 subditi
698 3917 783 3986 atque
799 3929 872 3968 oves.
887 3913 959 3968 Nam
1008 3914 1048 3969 Ne
1061 3915 1215 3970 contendas
1238 3932 1303 3971 cum
1324 3917 1464 3989 pessimis,
1481 3933 1533 3973 nec
1558 3916 1699 3972 aemnleris
1710 3915 1822 3988 impios,

140 4009 244 4067 latratu
275 4027 378 4066 canum
400 4009 560 4080 baculoque
577 4007 697 4079 pastoris
714 4008 849 4079 luporum
866 4005 959 4061 rabies
1008 4008 1145 4079 quoniam
1173 4025 1232 4064 non
1257 4010 1365 4066 hahent
1392 4011 1553 4067 futurorum
1585 4026 1665 4082 spem
1688 4010 1770 4080 mali,
1798 4013 1823 4064 et

140 4104 313 4160 deterrenda
327 4106 369 4158 est
378 4122 386 4171 ;
407 4103 454 4157 itia
469 4119 536 4157 vero
552 4116 616 4173 quos
629 4099 765 4155 lomentis
777 4116 836 4155 non
852 4115 957 4154 sanan·
1008 4101 1124 4156 lucerna
1134 4101 1289 4174 impiorum
1305 4103 1513 4178 exstinguetur,
1529 4121 1581 4161 nec
1591 4103 1735 4160 aemuleris
1750 4103 1823 4159 viros

143 4199 189 4253 tur
207 4197 324 4251 vulnera
345 4196 421 4250 ferro
445 4194 571 4251 abscindi
587 4210 703 4249 necesse
726 4197 776 4249 est.
800 4194 856 4248 Nec
875 4193 958 4248 silere
1007 4196 1107 4264 malm,
1127 4212 1179 4252 uec
1202 4197 1345 4254 desideres
1366 4215 1426 4255 esse
1449 4199 1579 4269 cumeis,
1605 4199 1673 4272 qnia
1693 4198 1822 4271 rapinam

141 4307 290 4363 possumus
304 4292 337 4345 ut
348 4306 414 4344 cum
431 4289 477 4344 hic
492 4285 643 4343 abillicitis
658 4303 821 4345 revocemus
836 4286 956 4360 aliquos,
1007 4289 1162 4346 meditatur
1186 4308 1267 4348 mens
1294 4309 1394 4349 eorum
1424 4297 1452 4348 et
1481 4293 1594 4350 fraudes
1621 4293 1699 4350 labia
1725 4309 1822 4350 corum

141 4383 227 4440 officit
250 4384 340 4439 nostri
360 4399 545 4455 provocemur
573 4381 717 4451 instinctu,
742 4380 772 4436 in
797 4381 917 4454 speculis
941 4399 958 4437 a
1006 4383 1171 4457 loquuntur,
1187 4407 1200 4436 n
1221 4386 1397 4458 limccavete,
1414 4388 1581 4444 charissimi.

141 4478 256 4535 [lentini
269 4477 425 4546 constituti,
442 4480 472 4532 ut
486 4475 640 4548 vigilantiae
661 4481 766 4531 nostrie
780 4476 995 4562 diligentiamD
1042 4479 1107 4534 llaec
1121 4479 1300 4536 meditamini
1313 4486 1342 4536 et
1356 4482 1490 4538 fratribus
1499 4482 1529 4537 in
1543 4483 1675 4539 omnihus
1689 4485 1821 4539 solatium

140 4574 369 4646 comprobantes,
386 4575 415 4627 et
427 4588 491 4645 quoe
503 4570 658 4627 coercenda
667 4575 733 4626 sunt
748 4586 916 4641 resecemus,
927 4574 956 4626 et
1005 4577 1148 4647 praestate,
1163 4574 1229 4646 quia
1242 4575 1272 4630 in
1284 4575 1337 4631 hoc
1348 4580 1521 4646 cognoscent
1534 4594 1644 4646 omnes,
1656 4584 1689 4634 ut
1700 4579 1764 4651 ipsa
1772 4596 1822 4653 per

139 4682 204 4740 quae
215 4667 390 4723 observanda
403 4669 652 4722 suntcanseamus.
1005 4683 1035 4722 se
1050 4667 1157 4722 Veritas
1171 4667 1220 4738 ait,
1238 4669 1372 4740 quoniam
1388 4671 1445 4726 mei
1464 4671 1530 4727 estis
1548 4672 1689 4744 discipuli,
1704 4673 1729 4728 si
1751 4675 1820 4730 dile·

175 4759 326 4818 Consulere
345 4760 431 4817 etiam
449 4776 513 4829 nos,
537 4763 567 4815 ut
579 4759 610 4815 in
631 4757 773 4831 predictis
792 4756 893 4813 litteris
905 4774 953 4813 ve·

140 4855 205 4912 stris
225 4854 397 4924 invenimus,
417 4870 502 4926 super
518 4853 694 4909 accusatione
709 4851 889 4909 sacerdotum
903 4869 953 4907 vo-

139 4945 240 5017 luistis,
256 4964 321 5021 quse
332 4947 437 5020 oppido
449 4947 524 5020 apud
537 4964 595 5016 vos,
609 4952 642 5004 ut
661 4947 690 5002 in
705 4946 812 5003 eisdem
827 4947 954 5018 apicibus

139 5045 309 5119 reperimus,
330 5041 490 5099 crebrescit.
513 5041 696 5114 significastis
710 5041 829 5112 insuper
846 5042 952 5112 pleros·

116 5194 123 5203 ,
138 5158 195 5216 que
207 5137 368 5208 attendere,
382 5136 488 5192 multos
500 5134 528 5190 in
541 5134 609 5207 ipsis
621 5134 778 5191 honoribus
790 5136 955 5191 ecclesiasti·

139 5236 178 5293 cis
201 5251 260 5291 non
285 5235 478 5304 congruenter
498 5230 592 5286 vivere
614 5228 793 5286 sermonibus
808 5233 837 5284 et
860 5246 953 5285 sacra·

137 5329 242 5386 mentis
256 5343 321 5401 quae
331 5342 382 5399 per
396 5341 444 5380 eos
456 5323 568 5397 populis
579 5323 786 5380 ministrantur.
800 5323 823 5378 0
836 5323 954 5380 miseros

138 5423 279 5493 homines,
293 5421 345 5494 qui
359 5421 411 5476 hos
430 5418 569 5474 intuendo
584 5417 727 5474 Christum
739 5416 952 5487 obliviscuntur,

139 5519 189 5591 qui
202 5524 231 5575 et
243 5517 334 5572 multo
352 5518 418 5571 ante
440 5511 580 5586 predixit,
601 5516 635 5567 ut
648 5511 706 5584 legi
720 5510 768 5568 [tei
785 5512 879 5584 potius
902 5512 952 5568 oh·

138 5614 316 5684 temperetur
328 5625 414 5682 quam
423 5606 552 5664 imitandi
567 5605 764 5672 videanturilli
776 5606 825 5679 qui
840 5622 874 5662 ea
888 5623 953 5679 quta

1004 4761 1130 4816 ctionem
1152 4761 1306 4819 habueritis
1328 4765 1364 4818 ad
1382 4764 1511 4820 invicem.
1535 4766 1563 4822 Si
1587 4767 1664 4822 enun
1683 4767 1714 4822 in
1738 4768 1822 4825 rebus

1004 4855 1187 4911 saecularibus
1207 4873 1291 4912 suum
1316 4858 1452 4931 cujusque
1476 4860 1570 4931 juset
1595 4862 1729 4933 proprius
1754 4863 1821 4918 ordo

1004 4949 1159 5004 servandus
1171 4954 1223 5018 est,
1239 4955 1345 5023 quanto
1358 4952 1451 5025 magis
1469 4952 1499 5008 in
1514 4954 1710 5011 ecclesiasticis
1723 4956 1820 5029 dispu-

1005 5042 1158 5100 tationibus
1180 5045 1260 5101 nulla
1282 5045 1366 5102 dehet
1388 5046 1485 5102 induci
1505 5048 1647 5104 confusiol
1674 5049 1756 5115 Quod
1771 5051 1822 5106 ista

1006 5137 1203 5195 observatione
1228 5138 1425 5197 observabitur
1451 5143 1473 5197 si
1498 5142 1569 5198 nihil
1596 5145 1740 5217 potestati,
1773 5145 1823 5201 sed

1004 5233 1098 5287 totum
1108 5232 1234 5304 aequitati
1248 5233 1423 5292 retribuitur.

1040 5327 1118 5383 Unde
1134 5330 1244 5383 constat
1256 5327 1403 5402 episcopos
1415 5330 1546 5387 locorum
1559 5332 1740 5405 singulorum
1756 5349 1821 5391 om·

1003 5420 1084 5476 nium
1100 5421 1150 5493 qui
1173 5423 1226 5478 sub
1250 5439 1349 5480 eorum
1374 5425 1483 5497 degunt
1499 5426 1696 5483 moderamine
1721 5445 1821 5485 curam

1003 5515 1112 5571 habere
1135 5517 1294 5589 sollicitam,
1323 5524 1351 5575 et
1378 5537 1475 5576 causas
1509 5521 1699 5595 utilitatesque
1721 5539 1823 5580 eorum

1003 5625 1069 5665 cum
1082 5610 1131 5666 Dei
1145 5611 1249 5669 timore
1262 5612 1425 5685 disponere.
1441 5615 1526 5672 Valde
1539 5632 1607 5690 ergo
1618 5617 1755 5690 iniquum
1768 5621 1821 5690 est,

140 5703 237 5762 dicunt
261 5720 318 5761 non
345 5703 455 5760 faciunt
481 5704 511 5757 et
534 5699 701 5758 traditorem
722 5716 806 5756 suum
831 5702 954 5758 tolerans
1002 5706 1037 5761 ut
1048 5703 1097 5761 alii
1107 5705 1236 5779 quilibet,
1248 5708 1357 5765 omissis
1367 5709 1433 5779 suis,
1452 5726 1481 5766 se
1496 5711 1611 5768 illorum
1627 5711 1823 5769 causisadmi·

122 5797 415 5867 usquemltnemad
426 5795 683 5878 evangelizandum
702 5795 886 5857 cumcaeteu's
898 5796 952 5856 mi·
1003 5803 1111 5876 secant,
1123 5801 1172 5861 sed
1184 5801 1226 5860 itti
1239 5818 1338 5863 eorum
1349 5803 1436 5863 vitam
1448 5804 1625 5885 etiudicium
1644 5808 1823 5891 competenti
