3870 6150
123 252 177 306 ’233
744 251 977 309 onerarentur
996 251 1189 308 COLLECTlO.
1759 258 1811 314 254

125 357 237 428 periurus
250 357 370 413 verbum
383 357 509 413 veritatis
521 357 942 432 directusaPetroprrrdicarit,
954 376 984 450 Α
994 359 1055 425 der,
1066 359 1225 430 episcopus,
1239 362 1340 415 natura
1348 360 1420 415 lenis
1433 366 1462 416 et
1474 361 1718 433 quietus,assidue
1731 380 1809 420 com·

126 455 154 504 ct
172 450 329 522 gloriosum
350 450 472 522 suscepit
493 452 672 524 martyrium.
699 454 750 509 Cui
775 454 945 510 venerabilis
993 452 1200 507 monitionibus
1218 452 1315 508 Arium
1341 459 1458 526 cuperet
1470 472 1486 509 a
1500 472 1590 528 pravo
1605 456 1718 528 incepto
1730 461 1760 513 et
1770 476 1812 514 as·

126 545 261 599 successit
282 544 401 600 Abilius.
428 546 520 601 Tertia
543 562 610 602 vero
636 547 719 601 sedes
743 548 819 618 aqiud
841 549 942 603 Antio·
993 545 1165 601 sertionibus
1177 545 1270 617 impiis
1280 563 1482 614 revocarenec
1491 554 1590 604 tamen
1600 567 1645 604 res
1656 567 1688 606 ex
1698 555 1811 608 senten·

126 638 219 692 chiam
234 638 363 709 ejusdem
376 638 452 693 beati
466 639 541 695 Petri
552 641 673 712 apostoli
690 641 810 696 habetur
821 642 941 697 honora·
993 638 1487 714 tiaprocederet,etquodplerosque
1495 643 1618 713 quodam
1626 645 1756 716 contagio
1762 662 1811 717 pe-

127 732 199 798 bilis,
215 732 285 803 quia
299 732 368 799 illic,
380 732 548 805 priusquam
563 735 683 789 Romam
701 736 819 803 veniret,
836 735 944 791 habita·
993 732 1098 787 stiterrr
1108 731 1271 787 assertionis
1279 733 1426 802 iniecerat,
1437 751 1495 790 non
1503 736 1596 791 solum
1605 737 1680 808 apud
1689 738 1811 794 Alexan·

127 825 535 899 rit,etlgnatiumepiscopum
549 829 805 897 constituit,etillic
814 829 941 901 primum
992 826 1097 893 dnam,
1108 842 1207 882 verum
1222 830 1252 882 et
1265 842 1316 898 per
1328 828 1395 882 alias
1407 828 1567 898 provincias
1580 830 1752 902 disperserat
1765 850 1810 887 ur-

128 936 234 974 nomen
256 920 479 976 Christianorum
494 923 611 976 novellae
630 922 724 994 gentis
742 925 874 977 exortum
888 926 941 979 est.
990 919 1052 987 bes,
1072 919 1263 991 pemiciosum
1275 921 1335 975 lore
1349 921 1478 989 credens,
1495 922 1517 976 si
1530 923 1723 980 dissimularet
1734 943 1750 980 a
1763 930 1807 982 ta·

129 1014 195 1067 b'am
218 1017 248 1068 et
269 1014 539 1086 hierosolymitanus
560 1015 716 1088 episcopus,
734 1032 786 1088 pro
800 1016 872 1072 tanti
888 1016 941 1072 loci
991 1013 1076 1086 libus,
1101 1014 1235 1086 plurimis
1255 1015 1501 1070 consacerdotibus
1522 1016 1580 1071 suis
1602 1034 1664 1072 rem
1689 1018 1805 1075 indicat.

131 1107 605 1175 reverentiu,abomnibushabetur
618 1109 805 1165 honorabilis.
820 1111 941 1166 hlaxime
990 1106 1114 1171 Quaestio
1125 1107 1202 1162 laicis
1217 1107 1379 1164 innotescit.
1394 1109 1492 1165 Sermo
1505 1126 1596 1182 usque
1610 1110 1645 1166 ad
1661 1128 1744 1166 aures
1759 1130 1805 1169 re·

131 1200 204 1271 qnod·
213 1200 271 1254 illic
281 1201 390 1271 primns
402 1200 581 1257 beatissimus
591 1203 722 1272 lacobus,
736 1203 784 1274 qui
795 1202 941 1259 dicebatur
990 1199 1083 1270 ligiosi
1108 1201 1244 1272 principis
1267 1202 1383 1274 (quippe
1408 1203 1456 1275 qui
1483 1204 1560 1259 omni
1587 1204 1682 1260 studio
1709 1211 1737 1260 et
1765 1206 1807 1261 di-

128 1295 224 1363 jnstus,
238 1293 288 1365 qui
310 1295 398 1349 etiam
413 1296 571 1351 seeundum
586 1312 701 1351 carnem
721 1296 811 1352 irater
825 1297 940 1351 Ilomini
989 1293 1108 1366 ligantia
1132 1300 1246 1350 curaret
1270 1311 1334 1367 ques
1359 1302 1453 1351 nostra
1476 1297 1552 1368 suut)
1575 1298 1712 1369 pervenit.
1736 1300 1807 1354 Tum

131 1390 305 1458 nuncupatus
317 1392 368 1455 cst,
385 1405 402 1443 a
417 1390 509 1457 Petro,
524 1389 626 1445 laccho
637 1392 666 1445 et
679 1392 789 1446 Joanne
805 1391 939 1462 apostolis
989 1387 1036 1441 ille
1059 1404 1094 1443 ex
1116 1389 1258 1443 sententia
1274 1389 1456 1445 sacerdotum
1468 1391 1544 1463 apud
1564 1391 1664 1447 urbem
1683 1392 1807 1448 Nicaeam

131 1486 165 1535 est
178 1481 328 1553 episcopus
343 1482 498 1553 ordinatus,
514 1483 621 1555 itaque,
637 1485 793 1539 secundum
807 1485 937 1557 antiqno·
990 1480 1053 1555 59
1068 1482 1226 1554 episcopale
1240 1483 1389 1538 concilium
1407 1488 1551 1553 convocat,
1567 1485 1699 1541 trecentis
1711 1486 1808 1558 ibique

131 1592 186 1628 mm
199 1576 317 1630 Petrum
329 1575 534 1646 definitionem,
549 1577 629 1633 sedes
639 1572 733 1651 prima
742 1578 773 1633 in
786 1578 939 1650 Hierosoly·
988 1575 1086 1629 Arium
1101 1576 1199 1630 decem
1219 1579 1248 1630 et
1269 1581 1332 1631 octo
1348 1577 1487 1648 episcopis
1505 1577 1693 1634 residentibus
1708 1580 1807 1635 adesse

129 1670 175 1723 mis
189 1685 253 1724 esse
268 1669 387 1725 minime
399 1670 512 1738 dicitur,
531 1687 568 1726 ne
583 1671 655 1726 lonc
669 1671 705 1727 ab
717 1671 880 1728 infidelibus
890 1679 939 1728 aut
984 1666 1078 1736 jubel,
1093 1684 1125 1722 ee
1135 1668 1170 1722 de
1182 1668 1244 1740 ejus
1253 1669 1496 1740 propositionibus
1509 1674 1538 1724 et
1551 1671 1808 1744 quaestionibusju·

128 1762 216 1817 idiotis
231 1763 314 1818 sedes
324 1763 437 1819 Domini
452 1764 619 1820 nostrilesu
632 1752 1090 1838 Christi,qnaineoe10Bdicare·
1106 1761 1158 1816 Sed
1173 1762 1203 1816 in
1216 1779 1250 1816 00
1263 1762 1382 1817 eeneiiie
1394 1762 1550 1819 admirable
1574 1766 1681 1820 saelum
1699 1766 1806 1837 princi·

127 1859 173 1923 cst,
189 1856 218 1910 in
235 1860 313 1911 terra
325 1872 387 1914 esse
399 1860 559 1930 putaretur.
580 1858 690 1915 Etenim
712 1860 792 1914 sedes
813 1860 874 1933 ejus
887 1878 939 1916 cni-
988 1855 1032 1927 pis
1045 1871 1104 1910 non
1119 1861 1188 1926 pulo
1205 1856 1389 1911 reticendum.
1402 1858 1512 1912 Etenim
1527 1875 1593 1913 cum
1616 1875 1650 1914 ex
1673 1860 1807 1915 omnibus

127 1950 938 2027 lum,terraautemscahellumpedumejus,quoninmipse
989 1964 1062 2019 pene
1082 1948 1151 2004 locis
1171 1949 1294 2021 episcopi
1313 1950 1519 2021 convenissent,
1535 1957 1573 2022 et,
1594 1958 1625 2007 ut
1647 1953 1707 2008 sieri
1723 1955 1804 2023 solet,

125 2048 171 2101 est.
180 2059 233 2114 per
245 2060 334 2115 quem
349 2044 447 2100 omnia
462 2045 621 2114 factasunt,
641 2051 669 2103 et
689 2047 818 2120 sineque
832 2049 938 2104 lactum
988 2041 1145 2098 diversisex
1159 2043 1508 2115 causisintarsequoedam
1518 2044 1616 2118 jurgia
1629 2045 1804 2116 detulissent,

125 2138 412 2209 estnilrillioou.1,3),
422 2139 581 2210 «quonum
596 2156 629 2196 ex
646 2140 718 2212 ipso,
733 2145 821 2214 etpcr
833 2143 936 2214 ipsum,
988 2135 1223 2208 interpellabatur
1240 2137 1408 2209 frequenter
1430 2155 1446 2192 a
1469 2137 1598 2209 singulis,
1613 2138 1807 2196 offerebantur

125 2231 190 2286 etin
204 2231 268 2303 ipso
285 2238 353 2288 sunt
365 2233 472 2300 omnia,
485 2234 540 2306 ipsi
554 2234 645 2307 gloria
660 2235 689 2290 iu
702 2236 802 2291 secula
818 2236 937 2292 saeculo·
988 2229 1085 2299 libelli,
1100 2230 1190 2303 culpe
1208 2231 1436 2303 proferebantur,
1451 2235 1479 2286 et
1490 2233 1582 2305 magis
1594 2232 1631 2287 ad
1644 2234 1705 2289 haec
1717 2250 1804 2306 quam

125 2341 192 2380 rum.
205 2330 303 2381 Amen
315 2328 400 2396 (Rom.
417 2343 447 2393 11,
461 2327 516 2398 36).
534 2349 548 2377 »
987 2324 1023 2378 ad
1035 2323 1064 2379 id
1076 2340 1128 2395 pro
1141 2340 1198 2397 quo
1210 2325 1306 2380 fuerat
1318 2328 1434 2380 rentum
1449 2326 1561 2381 animos
1573 2326 1689 2383 dabant.
1699 2330 1735 2383 At
1748 2328 1804 2397 ille,

154 2420 236 2490 Apud
250 2420 394 2491 Ephesum
407 2436 471 2476 vero
486 2421 666 2478 beatissimus
679 2424 812 2491 loannes,
828 2429 939 2495 aposto
987 2417 1086 2473 ridens
1100 2418 1175 2490 quod
1188 2433 1239 2490 per
1252 2418 1415 2490 hujusmodi
1425 2418 1524 2491 jurgia
1539 2436 1624 2475 causa
1636 2421 1740 2476 summi
1753 2438 1803 2477 ne-

124 2512 162 2566 ies
170 2519 197 2568 et
205 2514 395 2585 evangelista,
407 2514 498 2570 multo
508 2521 638 2588 tempore
650 2522 713 2588 post
725 2517 836 2573 Domini
846 2535 938 2574 renni.
988 2511 1058 2582 gotii
1071 2512 1267 2579 frustraretur,
1290 2511 1365 2568 diem
1386 2515 1495 2567 certrrm
1519 2514 1618 2568 statuit
1639 2530 1695 2586 quo
1720 2531 1805 2570 rmus·

125 2608 938 2683 rectionemetascensionemincoelos,divinainspiratione
988 2605 1107 2678 quisque
1121 2604 1327 2677 episcoporum,
1351 2605 1372 2659 Si
1392 2605 1460 2677 quid
1483 2607 1673 2677 (luerimOrliae
1697 2608 1803 2664 hebere

125 2701 308 2772 Eraugelium
331 2702 496 2775 conscripsit
516 2708 601 2776 atque
623 2704 771 2776 requievit.
786 2706 821 2760 Et
835 2705 871 2760 ob
883 2707 937 2761 hon
987 2699 1140 2769 videretur,
1156 2699 1289 2754 deferret.
1304 2701 1375 2756 Cum
1395 2699 1554 2769 resedisset,
1578 2701 1702 2774 suscepit
1715 2719 1732 2756 a
1745 2703 1802 2758 sin·

123 2796 267 2867 episcopus
281 2797 450 2866 Ephesium,
469 2814 522 2869 pro
537 2797 608 2852 nnn
629 2799 748 2870 apostoli
765 2802 794 2855 gi,
813 2816 936 2873 evange.
989 2793 1062 2864 gulis
1082 2792 1199 2848 libellos.
1221 2793 1296 2857 Quos
1318 2793 1402 2848 simul
1417 2809 1518 2848 omnes
1529 2794 1560 2849 in
1575 2794 1639 2849 sinu
1652 2811 1704 2850 suo
1718 2796 1805 2851 conti·

123 2888 188 2944 hstae
204 2889 360 2960 memoria,
374 2891 483 2947 eaeteris
503 2891 642 2963 episeopis
659 2893 886 2965 mntrnpnlitnnis
906 2895 936 2949 in
986 2902 1058 2942 nens
1075 2902 1127 2941 nee
1139 2887 1168 2942 iu
1183 2886 1224 2941 eis
1236 2887 1312 2958 quod
1335 2887 1530 2943 contineretur
1547 2889 1686 2959 aperiens,
1707 2889 1747 2945 ait
1767 2890 1804 2945 ad

122 2983 235 3049 synodis
248 2983 493 3040 honorabiliorem
509 2985 620 3041 obtinet
633 2986 739 3042 sedem.
987 2981 1133 3052 episcopos
1148 2996 1155 3034 :
1171 3002 1185 3030 u
1199 2981 1273 3036 Deus
1292 2996 1341 3035 vos
1363 2980 1510 3036 constituit
1527 2981 1696 3050 sacerdotes,
1715 2987 1744 3038 et
1756 3000 1804 3056 po·

152 3077 206 3132 Sed
217 3078 355 3149 quoniam
369 3077 532 3134 decenciiin
542 3080 656 3136 Nicaenn
670 3079 868 3137 disserendum
883 3084 935 3151 est,
986 3077 1117 3129 testatem
1131 3074 1208 3129 vobis
1221 3074 1300 3129 dedit
1321 3073 1355 3129 de
1374 3074 1456 3130 nobis
1470 3091 1584 3147 quoque
1595 3076 1755 3147 judicandi.
1769 3078 1804 3133 Et

121 3187 178 3241 qun
201 3171 265 3226 haee
290 3170 358 3226 fecit
378 3187 472 3242 eausa,
495 3177 528 3227 nt
553 3175 619 3244 post
642 3173 720 3229 illam
742 3175 935 3246 apostolorum
946 3127 974 3203 C
986 3166 1052 3223 ideo
1066 3184 1119 3223 nos
1132 3184 1149 3222 a
1162 3167 1560 3239 vobisrectejudicamur,vos
1577 3175 1673 3226 autom
1684 3187 1741 3226 non
1755 3187 1804 3243 po·

122 3265 275 3335 gloriosam
289 3264 532 3336 predicationem,
555 3282 619 3338 qum
642 3267 670 3322 in
691 3283 807 3323 ornnem
827 3272 935 3324 terram
985 3260 1107 3318 testisab
1121 3261 1424 3333 hominibusjudicari.
1435 3262 1555 3335 Propter
1564 3264 1639 3335 quod
1657 3265 1706 3319 Dei
1715 3265 1803 3321 solius

122 3357 518 3430 mirabiliterdiffusaest,sub
533 3361 934 3433 Constantinollugustotnnti
985 3355 1124 3412 intervos
1145 3355 1470 3427 exspectatejudicium,
1490 3361 1523 3412 ut
1547 3359 1577 3411 et
1600 3361 1693 3413 vestra
1703 3358 1803 3431 jurgia

122 3457 365 3524 congregarentur
372 3453 519 3525 episcopi?
528 3453 622 3510 Rufini
628 3454 711 3510 nobis
717 3454 933 3525 decimusliber,
986 3466 1162 3522 quaeeunque
1179 3456 1244 3505 suni
1259 3449 1296 3504 ed
1309 3448 1378 3504 illud
1392 3448 1520 3505 divinum
1542 3453 1724 3507 reserventur
1738 3469 1803 3508 exa·

122 3546 502 3617 quiconjunctusestnovem
512 3548 795 3605 librisecclesiasticae
806 3549 935 3607 Historia
984 3559 1063 3613 men,
1079 3561 1128 3599 res
1149 3543 1256 3599 etenim
1275 3542 1357 3598 nobie
1376 3544 1531 3601 abeodati
1544 3545 1612 3600 estis
1632 3545 1681 3601 dii·
1697 3549 1803 3604 Conve-

123 3654 188 3710 quos
207 3640 251 3694 vir
272 3640 480 3697 eruditissimus
491 3642 629 3698 Eusebius
643 3643 823 3699 Ceramensis
834 3644 933 3716 edidit,
984 3638 1065 3693 niens
1078 3654 1137 3693 nou
1150 3642 1193 3693 est
1205 3643 1237 3693 ut
1249 3638 1334 3693 homo
1342 3636 1454 3709 judicet
1466 3638 1544 3708 deos,
1560 3640 1608 3695 sed
1620 3640 1667 3696 ille
1681 3642 1757 3698 solus
1766 3641 1802 3697 de

123 3733 274 3790 necessario
286 3734 438 3806 prefertur
453 3735 490 3793 ad
501 3736 641 3808 medium,
653 3741 687 3793 ut
700 3753 787 3809 parra
799 3724 935 3811 queejus
985 3747 1042 3804 quo
1057 3731 1194 3804 scriptum
1211 3734 1274 3786 est:
1293 3729 1395 3784 «Deus
1418 3731 1496 3786 stetit
1519 3732 1550 3787 in
1568 3749 1718 3806 synagoga
1737 3734 1802 3790 deo

125 3825 196 3883 inter
216 3826 298 3883 initia
322 3828 356 3884 de
378 3829 437 3884 Arii
458 3830 645 3901 perversitate
671 3831 832 3904 conscripta
857 3837 933 3902 sunt,
984 3822 1772 3899 rum,1¹1medi⁰³¹1i0md0⁰⁸di⁵⁰efflii(Pfflifflflsii
1785 3849 1800 3879 ”

127 3924 328 3990 memorentur,
344 3922 413 3995 quia
430 3923 548 3979 dubium
569 3941 626 3981 nnn
645 3930 697 3993 esi,
711 3924 775 3982 iden
795 3928 935 3983 trecentos
984 3919 1018 3974 Et
1038 3918 1111 3987 ideo,
1119 3918 1163 3974 his
1177 3917 1362 3986 omissis,alia
1373 3934 1437 3990 quse
1449 3918 1484 3974 ad
1496 3917 1584 3974 fidem
1596 3920 1645 3976 Dei
1657 3919 1802 3992 pertinent

128 4012 219 4070 decem
247 4018 277 4070 et
301 4019 364 4072 octo
391 4016 580 4073 sanctissimos
608 4020 713 4087 Patres,
743 4037 779 4075 ex
804 4019 934 4077 universo
984 4013 1091 4085 absque
1104 4013 1163 4068 uile
1183 4013 1346 4067 animorum
1364 4012 1543 4068 contentione
1564 4013 1706 4070 disentiie·
1729 4015 1800 4071 Cum

130 4107 252 4165 orientali
260 4109 328 4166 orbe
336 4110 366 4166 in
375 4109 467 4166 Nicaea
480 4112 618 4184 bithynios
631 4117 829 4186 congregatos,
838 4113 935 4170 ntAnii
984 4107 1047 4162 hoec
1069 4106 1184 4162 dixisset
1207 4122 1308 4162 omnes
1329 4105 1575 4179 querimoniarum
1590 4106 1700 4164 libellos
1715 4109 1801 4182 jussit

131 4200 240 4272 impium
253 4203 359 4274 dogma
370 4205 474 4262 Christi
485 4205 588 4262 auxilio
601 4206 730 4262 rmditus
740 4207 932 4263 damnaretur.
985 4201 1074 4272 exuri,
1089 4217 1125 4257 ne
1138 4201 1331 4258 innotesceret
1353 4200 1393 4255 illi
1414 4200 1512 4256 odium
1535 4206 1564 4257 et
1582 4202 1745 4276 suggillatio
1760 4219 1802 4259 sa·

132 4294 160 4348 Et
173 4295 271 4352 salubri
284 4297 466 4371 providentia
478 4301 696 4356 constitueretur
707 4300 785 4373 quod
795 4300 824 4355 in
839 4305 935 4357 sancta
984 4294 1144 4350 cerdotum.
1161 4296 1264 4350 Verum
1279 4311 1344 4351 eum
1357 4310 1410 4368 per
1423 4294 1484 4350 dies
1494 4297 1598 4352 multos
1614 4295 1643 4352 in
1658 4297 1801 4371 episcopo·

134 4389 256 4446 catholica
269 4391 393 4448 Ecclesia
406 4392 509 4449 debeat
522 4393 673 4451 observari.
699 4395 771 4450 ltem
786 4394 822 4450 ad
840 4395 934 4450 locum
984 4405 1049 4444 rum
1061 4387 1179 4445 concilio
1193 4389 1228 4445 de
1243 4388 1298 4444 lide
1313 4388 1433 4461 questio
1447 4393 1614 4459 verteretur,
1629 4396 1657 4447 et
1669 4389 1801 4448 nonnulli

137 4496 163 4534 ex
180 4482 247 4540 libro
269 4485 381 4541 decimo
405 4486 502 4543 Rufini
517 4503 524 4542 ε
538 4487 627 4559 Igitur
640 4504 705 4543 cum
726 4488 801 4560 apud
814 4489 973 4582 Alexan-D
984 4483 1094 4539 diversa
1107 4482 1245 4539 sentirent
1253 4499 1285 4538 ac
1295 4483 1477 4539 vehementer
1490 4483 1576 4556 ceptis
1589 4483 1648 4540 ltrii
1661 4485 1799 4556 faverent,

137 4573 213 4632 dnum
230 4584 296 4651 post
310 4579 457 4651 Achillem,
480 4580 530 4654 qui
550 4582 627 4637 Petri
650 4581 773 4655 matyrio
792 4582 932 4652 successit,
983 4578 1080 4649 plures
1093 4582 1190 4633 tamen
1201 4581 1282 4632 erant
1291 4576 1339 4649 qui
1350 4576 1472 4650 impium
1483 4581 1697 4634 exsecrarentur
1706 4579 1802 4653 incep-

138 4672 286 4744 suscepisset
296 4673 456 4730 Alexander
471 4675 673 4744 sacerdotium,
686 4675 753 4748 quia
765 4693 820 4749 pax
830 4676 934 4732 nostris
983 4675 1055 4727 tum.
1071 4673 1198 4743 Cumque
1219 4671 1249 4726 in
1265 4669 1367 4726 eodem
1380 4669 1501 4725 concilio
1517 4674 1590 4726 esset
1605 4671 1801 4730 confessorum

138 4767 240 4838 etquics
260 4784 279 4822 a
299 4768 544 4840 persecutionibus
557 4776 629 4839 erat,
650 4775 734 4843 atque
747 4771 935 4827 Ecclesiarum
983 4782 1105 4838 magnus
1119 4780 1255 4821 numerus
1276 4763 1464 4833 sacerdotum,
1486 4780 1587 4820 omnes
1602 4766 1659 4821 Arii
1674 4767 1802 4823 novitati·

138 4858 212 4927 glana
229 4861 423 4917 coulessomm
447 4863 556 4918 meritis
584 4863 737 4935 gaudebat,
763 4865 935 4938 prosperitas
982 4858 1037 4915 bus
1049 4859 1283 4916 adversabantur.
1303 4857 1446 4914 Favebant
1465 4874 1531 4915 vero
1552 4860 1578 4916 ei
1597 4860 1649 4915 riri
1672 4860 1703 4916 in
1725 4878 1801 4934 que·

136 4960 386 5012 nmmnostrarum
399 4956 554 5013 domestica
566 4957 746 5013 contentione
754 4958 933 5015 turbabatur.
984 4953 1122 5010 stiouibus
1134 4951 1237 5020 callidi,
1254 4952 1331 5008 eloh
1349 4952 1377 5008 id
1396 4951 1569 5025 simplicitati
1588 4954 1655 5011 lidei
1670 4956 1799 5013 adversa·

136 5045 232 5105 ltenim
239 5051 387 5123 presbyter
393 5051 510 5123 quidam
517 5053 592 5124 apud
600 5051 935 5121 Alexandriam,nomiue
984 5048 1097 5105 bantur.
1112 5049 1253 5113 Quantam
1263 5062 1330 5102 vero
1344 5046 1448 5103 habeat
1460 5047 1596 5103 virtutem
1611 5048 1679 5105 fidei
1691 5049 1798 5122 simpli-

134 5142 212 5212 lrius,
228 5145 270 5200 rir
281 5145 342 5216 ipse
355 5150 383 5200 et
395 5145 486 5201 torma
498 5146 591 5221 magis
602 5161 689 5217 quarn
704 5145 806 5201 virtute
822 5144 933 5218 religio·
984 5143 1065 5213 citas,
1079 5142 1165 5199 etiam
1189 5159 1222 5197 ex
1243 5141 1287 5196 his
1309 5157 1374 5215 quae
1394 5141 1433 5196 ihi
1455 5146 1533 5213 gesta
1556 5146 1631 5212 sunt,
1657 5143 1801 5216 cognosci⁴
1826 5152 1829 5160 ’

134 5248 179 5303 sus,
191 5237 239 5293 sed
256 5237 355 5310 gloriae
370 5238 519 5310 laudisque
538 5244 567 5293 et
583 5238 716 5294 novitatis
730 5238 861 5312 improbe
874 5256 937 5312 per·
985 5253 1059 5292 mus.
1075 5236 1186 5294 Etenim
1212 5252 1277 5291 cum
1303 5253 1355 5307 pro
1377 5234 1470 5291 studio
1485 5236 1609 5309 religiosi
1622 5229 1800 5309 imperatoris

132 5330 248 5402 cupidus,
275 5348 365 5404 prava
387 5332 518 5403 quedam
540 5332 575 5387 de
596 5332 698 5390 Christi
719 5333 775 5389 lide
797 5333 934 5405 prolerre,
985 5346 1018 5387 ex
1031 5331 1110 5408 omni
1118 5334 1195 5386 terra
1208 5329 1369 5385 sacerdotes
1384 5329 1434 5385 Dei
1448 5331 1654 5399 convenissent,
1666 5328 1799 5400 opinione
1882 5363 1885 5366 >

130 5428 152 5478 et
164 5442 225 5498 que
247 5432 308 5482 arte
330 5425 520 5499 inquisitionis
541 5425 687 5483 invenerat
707 5427 801 5499 caepit.
816 5426 935 5483 Absein·
985 5423 1124 5480 commoti
1137 5423 1298 5495 philosophi
1314 5439 1428 5495 quoque
1451 5428 1480 5478 et
1501 5422 1640 5479 dialectici
1658 5421 1738 5476 valde
1752 5437 1801 5476 no·

128 5516 186 5574 dere
200 5520 288 5587 enim,
311 5536 344 5576 ac
363 5536 493 5592 separare
508 5520 543 5576 ab
556 5521 603 5576 illa
615 5524 725 5576 aterna
747 5523 776 5575 et
797 5519 936 5577 ineffabili
984 5517 1056 5574 biles
1068 5520 1098 5573 et
1109 5517 1300 5590 opinatissimi
1314 5521 1518 5573 convenerunt.
1531 5518 1563 5571 tn
1574 5515 1801 5587 quibusquidam

125 5610 170 5669 bei
182 5613 273 5670 Patris
287 5613 445 5671 substantia
466 5615 510 5671 vel
534 5620 637 5671 natura
650 5613 753 5670 Filium
768 5614 934 5670 conahatur.
983 5612 1106 5684 insignis
1118 5611 1146 5667 in
1160 5615 1221 5667 arte
1240 5611 1385 5668 dialectica
1398 5626 1449 5683 per
1464 5609 1524 5665 dies
1546 5609 1672 5680 singulos
1686 5609 1797 5666 conflic-

123 5707 186 5772 bore
200 5725 249 5765 res
261 5706 290 5765 in
304 5708 426 5765 Ecclesia
439 5709 579 5782 plurimos
591 5708 790 5780 conturbabat,
800 5706 936 5764 etadulci
984 5712 1048 5764 tum
1063 5705 1169 5763 summi
1183 5705 1346 5762 certaminis
1367 5719 1431 5760 cum
1451 5702 1591 5776 episcopis
1615 5703 1718 5760 uostris
1734 5704 1801 5761 viris

121 5803 226 5863 merids
249 5804 455 5882 tranquillitate
473 5803 644 5863 dmorebat.
664 5803 720 5863 Sed
733 5819 800 5863 cum
810 5802 936 5863 Alexan·
986 5817 1070 5880 eque
1083 5799 1116 5861 iu
1128 5799 1278 5862 dialeotica
1288 5816 1352 5861 uon
1365 5795 1599 5877 improbabiliter
1616 5797 1748 5858 eruditis
1754 5813 1824 5857 mo·
