3870 6150
605 261 843 320 unemundus
861 261 1054 320 COLLECi’lO.
1292 263 1297 269 ”
1618 270 1670 325 ooo

103 366 203 425 timiaia
225 373 376 426 morantur
400 373 435 426 ad
459 373 681 445 accusationem,
705 376 749 432 vel
770 375 807 432 ad
816 370 936 460 Ablicis
951 373 1102 430 docuerint
1127 375 1206 430 omni
1226 391 1256 430 sc
1278 391 1377 430 carcre
1400 376 1560 448 suspicione
1584 382 1670 449 atque

103 461 187 518 nium
199 464 384 536 recipiendos.
856 467 1017 538 inimicitia,
1026 470 1055 523 ct
1068 468 1348 540 irreprehensibilem
1358 469 1446 527 tidem
1459 474 1547 542 atque
1556 487 1671 527 couver-

103 558 147 629 ut,
170 564 205 615 ut
230 576 343 632 sempor
368 561 398 616 in
428 563 609 621 accusatione
639 566 806 624 clericorum
856 561 995 618 sotionem
1009 561 1123 617 ducere·

103 668 230 725 persona,
247 655 326 723 fides,
339 655 406 724 vila,
422 661 451 712 et
469 660 648 715 conversatio
674 661 806 733 blasphc·
891 656 926 711 Ei
940 655 1181 728 comprovincialis
1201 657 1326 728 synodus
1346 662 1579 732 ratracteturper
1593 659 1670 716 vica·

103 762 132 802 m
153 752 357 820 perscrutetur.
373 751 443 807 Nam
457 751 528 808 fides
544 770 647 809 omnes
659 759 738 811 actus
752 756 806 812 ho·
856 750 912 807 rios
927 749 1006 806 urbia
1018 750 1117 806 Romae
1129 749 1264 822 episcopi,
1278 751 1301 806 si
1314 751 1373 823 ipsc
1387 752 1553 809 demerent.

103 841 261 912 praecedere
284 843 377 912 debet,
391 845 460 917 quia
480 846 593 915 dubius,
609 848 730 906 infidelis
752 854 804 918 est,
890 845 999 901 Placuit
1012 849 1046 902 ut
1060 861 1078 900 a
1090 843 1308 916 quibuscunque
1319 845 1464 916 judicibus
1478 847 1671 904 ecclesiasticis

106 935 226 991 omnino
248 940 290 993 est
310 938 485 994 credendum
509 942 558 1012 qui
579 942 806 1000 veritatislidem
855 939 892 994 ad
915 938 987 995 aiios
1004 939 1118 1011 judices
1141 939 1354 1007 ecclesiasticos,
1372 939 1422 994 ubi
1448 943 1491 995 cst
1514 942 1669 998 auctoritas

103 1034 138 1096 rt3
151 1046 205 1085 uec
227 1034 311 1086 rcclae
335 1035 559 1090 conversationis
579 1035 665 1092 vitam
687 1037 803 1109 ducunt,
855 1033 948 1106 major
960 1032 1049 1090 tuerit
1060 1038 1253 1105 provocatum,
1266 1033 1410 1090 audientia
1424 1049 1483 1090 non
1496 1038 1629 1106 negetur.
1640 1037 1671 1091 Si

103 1139 128 1178 m
149 1123 221 1180 tales
241 1127 269 1181 et
291 1126 372 1183 iacile
395 1132 424 1183 et
445 1127 645 1186 indifferenter
667 1131 804 1202 lacerant,
854 1127 919 1200 quis
939 1128 1174 1199 metropolitanus
1197 1126 1359 1201 episcopus,
1374 1127 1430 1182 nisi
1444 1129 1523 1200 quod
1537 1129 1575 1184 ad
1588 1145 1671 1185 suam

103 1215 221 1273 martur
235 1223 310 1274 recte
333 1223 363 1275 et
383 1220 429 1293 pie
441 1221 576 1279 viventes.
594 1223 660 1280 ideo
681 1225 805 1298 suspicio
855 1220 1034 1278 solummodo
1047 1221 1194 1293 propriam
1207 1222 1330 1292 pertinet
1343 1221 1519 1292 parochiam,
1530 1222 1591 1278 sina
1603 1239 1669 1278 con·

104 1310 283 1367 discutienda
297 1317 341 1369 cst
355 1314 449 1386 primo
470 1319 500 1370 et
519 1317 699 1388 corrigenda,
712 1335 805 1391 neque
855 1315 916 1371 silio
927 1319 956 1371 et
967 1315 1114 1373 voluntate
1126 1315 1258 1372 omnium
1271 1314 1554 1387 comprovincialium
1567 1315 1672 1388 episoo

103 1404 200 1461 oribus
230 1407 378 1479 suspectis,
402 1412 431 1463 ot
456 1388 490 1464 dc
512 1409 693 1468 inimicorum
717 1413 805 1469 domo
854 1424 958 1481 porum
972 1408 1080 1483 aliquid
1101 1425 1189 1481 agera
1207 1408 1357 1465 tentaverit
1370 1408 1474 1481 gradus
1487 1409 1531 1465 sui
1545 1408 1671 1481 periculo

103 1498 197 1556 atibus
210 1501 395 1557 credendum.
546 1560 549 1565 .
855 1503 1022 1574 subjacebit,
1044 1508 1074 1560 et
1093 1504 1173 1576 quod
1199 1502 1302 1576 egerit,
1327 1503 1442 1559 irritum
1469 1503 1619 1573 habeatur,
1642 1509 1672 1560 et

103 1596 105 1648 i
119 1595 251 1650 nonalia
263 1598 489 1669 metropolitane
502 1599 625 1654 ccclesia
638 1600 681 1656 vei
694 1600 803 1674 prima·
853 1613 991 1668 vacuum3
1005 1598 1053 1653 sed
1069 1597 1210 1670 quidquid
1224 1597 1260 1653 de
1270 1596 1553 1670 comprovincialium
1567 1598 1673 1670 cpisco-

103 1728 109 1756 ,
123 1688 179 1743 nisi
194 1688 250 1744 illae
264 1705 327 1762 qua
340 1691 420 1762 prius
438 1693 577 1763 primates
597 1699 687 1763 erant,
701 1699 805 1768 etpost
853 1708 957 1763 porum
970 1690 1061 1747 causis
1074 1707 1250 1762 suammque
1263 1691 1448 1747 ecclesiarum
1461 1695 1490 1747 ct
1500 1691 1670 1748 clericorum

105 1781 261 1839 adventum
280 1785 447 1840 auctoritate
463 1787 618 1857 apostolica
633 1793 662 1843 et
673 1789 803 1860 synodali
854 1789 941 1857 atque
956 1785 1135 1841 secularium
1154 1784 1368 1840 necessitatibus
1391 1801 1487 1856 agere,
1502 1789 1552 1841 aut
1572 1785 1669 1857 dispo-

103 1890 143 1932 rm
155 1876 259 1932 babere
273 1883 451 1935 meruerunt.
468 1880 580 1953 Reliqui
589 1897 656 1938 vero
671 1899 730 1938 non
744 1883 803 1955 pri·
855 1894 923 1935 nore
937 1894 1048 1935 necesse
1062 1877 1157 1945 luerit,
1173 1878 1308 1933 boccum
1331 1878 1411 1933 omni
1432 1894 1570 1934 consensu
1591 1896 1669 1934 com-

103 1970 152 2025 sed
164 1973 334 2043 metropoles
348 1975 496 2043 vocantur,
507 1991 665 2047 eorumque
677 1977 803 2048 episcopi
852 1971 1069 2045 prouincialium
1082 1975 1184 2044 agatur
1197 1972 1374 2045 pontificum,
1389 1988 1447 2027 non
1459 1972 1555 2042 aliquo
1577 1972 1670 2028 domi-

104 2068 226 2133 matum,
240 2066 290 2120 scd
305 2070 356 2120 aut
374 2068 676 2140 metropolitanorum,
693 2074 743 2125 aut
756 2087 802 2125 ar·
852 2065 977 2123 nationis
997 2065 1082 2134 matu,
1097 2066 1146 2121 sed
1168 2064 1331 2121 humillima
1345 2069 1375 2121 et
1389 2065 1525 2121 concordi
1549 2064 1672 2122 admini-

103 2172 234 2230 soporum
249 2161 366 2215 nomine
380 2160 522 2218 truantur.
853 2161 1000 2230 atratinus,
1015 2160 1089 2216 sicut
1100 2158 1240 2215 Dominus
1251 2159 1291 2215 ait
1305 2177 1313 2216 :
1325 2178 1340 2212 u
1353 2160 1410 2215 Nec
1425 2158 1490 2215 vani
1501 2158 1669 2229 ministrari,

103 2267 145 2308 res
155 2268 215 2308 asse
229 2269 377 2310 censemus
393 2255 557 2327 omnesqui
572 2272 652 2312 suam
667 2261 717 2313 aut
726 2258 804 2314 Chri·
852 2255 902 2311 sad
924 2253 1087 2311 ministrare
1101 2253 1196 2324 lituro.
1209 2270 1238 2324 1,
1253 2255 1316 2324 4⁵l3
1331 2275 1346 2305 »
1363 2259 1392 2310 et
1402 2251 1472 2309 alibi
1487 2270 1494 2308 :
1511 2273 1526 2304 u
1539 2253 1593 2319 Qui
1606 2270 1669 2310 ma·

103 2362 110 2402 ι
123 2347 347 2420 prevaricantur
359 2349 467 2420 legem,
483 2354 532 2405 aut
545 2351 711 2406 canonicam
723 2354 802 2424 post·
848 2349 896 2421 jor
907 2353 950 2405 est
961 2351 1088 2405 vestrum
1108 2348 1164 2404 erit
1186 2347 1281 2422 155
1305 2347 1437 2405 minister
1454 2351 1547 2404 vester
1561 2347 1670 2418 tliottb.

107 2442 308 2497 auctoritatem
324 2445 402 2498 salvo
413 2443 443 2498 in
456 2443 592 2498 omnibus
604 2446 740 2500 Romame
754 2447 804 2502 Ec·
850 2447 896 2512 23,
912 2443 965 2514 tl),
979 2462 995 2494 a
1009 2444 1039 2498 et
1053 2442 1173 2514 reliqua.
1197 2441 1337 2498 Similiter
1362 2448 1391 2497 ct
1412 2441 1466 2513 ipsi
1488 2441 1669 2514 comprovin-

103 2533 247 2605 trivilegio,
263 2535 358 2591 nullus
373 2536 613 2609 metropolitanus
625 2539 732 2611 absque
746 2555 801 2594 cae·
852 2536 936 2592 cialcs
955 2534 1081 2608 episcopi
1094 2551 1160 2591 cum
1174 2535 1237 2607 ejus
1251 2534 1379 2602 consilio,
1393 2534 1449 2590 nisi
1471 2537 1613 2607 quantum
1632 2535 1669 2590 ad

103 2645 110 2684 ι
136 2629 268 2685 omnium
293 2630 576 2701 comprovincialium
599 2632 801 2705 episcoporum
850 2629 981 2702 proprias
992 2628 1289 2701 partinetparochias,
1303 2635 1392 2701 agant
1411 2629 1493 2700 juxta
1506 2631 1668 2684 sauctorum

103 2738 121 2778 a
137 2722 301 2794 aliquorum
322 2724 420 2780 audiat
433 2741 531 2781 causas
555 2741 664 2793 corum,
679 2727 746 2799 quia
761 2727 800 2782 ir·
851 2722 1006 2779 constituta
1024 2724 1151 2791 Petrum,
1169 2725 1200 2778 ut
1210 2738 1269 2778 uno
1283 2738 1344 2782 ore.
1357 2737 1417 2777 uno
1438 2721 1536 2777 animo
1549 2737 1668 2778 concor·

103 2820 147 2872 ant
155 2816 215 2872 imo
228 2822 256 2872 et
268 2834 384 2874 cansam
398 2819 428 2873 iu
441 2819 549 2890 synodo
565 2835 617 2891 pro
629 2820 702 2876 lacto
712 2821 800 2877 dabit.
852 2816 928 2873 diter
941 2819 1036 2873 sancm
1049 2816 1225 2889 glorificetur
1243 2815 1366 2871 trinitas
1382 2815 1415 2871 in
1430 2817 1543 2872 sucula.

103 2910 126 2966 is
153 2912 296 2967 erroribus
320 2913 467 2981 sociatum,
488 2914 531 2967 vei
556 2915 636 2969 acui
663 2913 802 2986 propositi
886 2911 1007 2968 Cascam
1029 2910 1140 2982 judices
1165 2909 1305 2977 Ecclesia,
1327 2925 1365 2965 ue
1391 2908 1508 2966 absente
1529 2925 1562 2965 eo
1586 2909 1669 2981 cujus

123 3005 318 3074 recedentem,
340 3011 390 3061 aut
413 3006 500 3062 sacris
523 3008 680 3063 canonibus
700 3008 802 3063 inobe-
852 3021 937 3062 causa
950 3004 1113 3071 ventilatur,
1125 3004 1299 3061 sententiam
1314 3003 1476 3076 proteranl;
1499 3003 1568 3076 quia
1590 3001 1670 3059 irrita

103 3113 112 3153 ι
146 3099 288 3170 suscipere
312 3116 369 3154 non
399 3116 559 3171 possumus,
582 3117 634 3157 nec
664 3101 840 3203 impeterec
853 3099 1031 3172 crit,quippe
1044 3098 1224 3155 strationem
1240 3115 1293 3170 pro
1308 3097 1418 3153 actions
1433 3096 1672 3169 reddentinsyn-

103 3191 220 3248 edentes
232 3193 275 3248 vel
289 3197 455 3248 sanctorum
473 3195 591 3251 Patmm
604 3194 801 3250 sanctionibus
853 3193 999 3262 odo,etut
1010 3191 1164 3264 proditoris
1176 3191 1499 3260 columnia,neccorum
1509 3196 1671 3263 posteavox

103 3288 215 3341 arantes
228 3286 431 3358 permittimus.
851 3286 993 3355 audiatur,
1005 3302 1094 3342 nemo
1107 3285 1186 3342 enim
1199 3284 1359 3341 debitorem
1378 3285 1503 3357 amplius
1516 3288 1610 3357 polest
1621 3300 1669 3341 co-

103 3379 174 3450 ,n'ina
183 3379 291 3451 judicia
306 3381 433 3452 generali
446 3380 591 3437 sanctione
603 3382 801 3454 prohibemus,
853 3396 1002 3453 gnoscere,
1017 3395 1105 3452 quam
1122 3379 1170 3434 illc
1184 3378 1234 3452 qui
1250 3378 1386 3450 injuriam
1408 3378 1529 3450 ejusque
1549 3377 1671 3436 sustinet

103 3472 216 3546 lignum
230 3478 272 3529 cst
286 3480 317 3529 ut
330 3475 365 3529 ab
379 3475 482 3530 exteris
493 3475 649 3548 judicetur,
666 3476 715 3548 qui
734 3492 801 3548 pro·
851 3474 1022 3547 nequitiem.

104 3571 190 3623 seta
203 3584 233 3622 ss
248 3568 353 3624 electos
365 3569 447 3624 debet
460 3568 564 3624 habere
572 3568 693 3640 judices.
888 3568 918 3625 si
943 3566 1006 3639 quis
1030 3581 1118 3637 super
1142 3565 1314 3638 quibuslibet
1338 3564 1505 3622 criminibus
1531 3565 1668 3621 clericum

113 3661 273 3733 apostolicae
295 3662 426 3719 Ecclesiae
446 3663 615 3718 auctoritate
628 3662 724 3718 nullus
740 3663 801 3736 epi·
851 3660 1024 3736 pulsandum
1038 3658 1198 3726 crediderit,
1212 3659 1243 3714 in
1255 3657 1402 3730 prouincia
1419 3659 1449 3714 in
1464 3676 1522 3732 qua
1534 3659 1583 3716 illc
1597 3676 1669 3716 con·

103 3757 178 3810 extra
192 3772 274 3810 suam
287 3756 465 3828 provinciam
481 3756 517 3811 ad
529 3755 671 3828 judicium
687 3756 804 3813 devoce-
852 3755 925 3812 sistit
937 3754 1075 3829 pulsatur,
1091 3769 1157 3809 suas
1170 3759 1300 3809 exerceat
1313 3752 1453 3823 actiones,
1468 3769 1522 3809 nec
1546 3754 1672 3810 estimat

103 3847 264 3904 invocatus
287 3850 344 3920 ipso
370 3851 505 3906 canonice
531 3851 560 3905 in
582 3852 647 3906 loco
670 3850 803 3907 omnibus
853 3852 1081 3919 cum,accusator
1089 3846 1252 3918 suus,alibi,
1261 3849 1312 3904 aut
1323 3846 1438 3920 longius
1446 3846 1670 3920 pertrahendum

103 3946 258 4013 ›temporc
281 3944 407 4014 synodali
421 3944 457 3999 ab
473 3944 608 4000 omnibus
622 3945 801 4018 comprovin-
851 3945 887 4000 ad
899 3941 1057 4017 judicium
1072 3942 1121 3997 ille
1136 3957 1202 3997 vero
1215 3941 1265 4014 qui
1277 3940 1407 4014 pulsatus
1418 3940 1515 4010 tuerit,
1525 3941 1549 3996 si
1558 3939 1671 4013 judicas

123 4036 267 4109 episcopis
294 4038 437 4107 audiatur,
454 4039 502 4111 qui
526 4039 698 4095 concordem
717 4055 803 4112 super
853 4041 999 4111 suspectos
1013 4035 1157 4104 habuerit,
1172 4035 1255 4092 liceat
1266 4035 1422 4108 appellare.
1438 4035 1575 4091 Primatas
1589 4051 1671 4091 accu-

103 4130 300 4203 anonimmquc
329 4133 458 4203 prolerre
486 4132 591 4188 debent
619 4133 800 4202 sententiam,
852 4135 947 4188 satum
959 4130 1140 4187 discutientes
1161 4128 1329 4201 episcopum
1343 4146 1403 4187 non
1418 4134 1484 4186 ante
1500 4128 1670 4185 sententiam

103 4238 123 4278 u
137 4223 160 4278 si
174 4224 229 4279 boc
245 4225 405 4280 minoribus
428 4230 486 4281 tam
509 4225 591 4281 cleris
613 4243 700 4298 quam
724 4227 803 4282 laicis
852 4225 1001 4298 proterant
1014 4222 1208 4279 damnationis
1220 4238 1309 4295 quam
1322 4223 1480 4296 apostolica
1490 4221 1559 4278 irati
1570 4225 1670 4278 aucto·

103 4332 150 4373 um
170 4322 223 4385 est,
240 4324 345 4391 quanto
365 4321 458 4391 magis
481 4319 515 4376 dc
536 4319 676 4393 episcopis
695 4321 802 4376 servari
852 4319 946 4389 ritate,
959 4320 1009 4374 ant
1021 4334 1104 4374 reum
1129 4333 1159 4373 sa
1178 4315 1239 4389 ipse
1260 4317 1437 4388 coniiteutnr,
1453 4320 1504 4372 aut
1517 4332 1570 4390 per
1586 4316 1669 4372 inno-

103 4411 161 4466 tur.
184 4413 253 4467 Num
282 4413 305 4467 si
330 4413 390 4485 ipsc
415 4413 669 4485 metropolitanum
691 4419 742 4470 aut
757 4413 803 4486 Ju·
852 4409 1672 4483 oentcsetcanonicaexaminatosregularitertestescon·

103 4509 217 4577 spectus
232 4506 372 4576 babuerit,
387 4513 436 4563 aut
450 4507 575 4563 infensos
590 4508 711 4564 senserit
724 4508 801 4580 apud
811 4500 841 4574 D
851 4506 989 4562 vincatur.
1001 4504 1115 4560 irritam
1127 4520 1188 4559 esse
1202 4503 1340 4575 injustam
1362 4504 1564 4576 episcoporum
1590 4502 1668 4559 dam·

103 4599 299 4669 sdiocccseos,
316 4606 365 4656 aut
378 4600 455 4672 apud
470 4603 606 4656 Romana
619 4601 696 4657 sedis
708 4601 803 4675 ponti·
853 4601 1008 4668 uodonem,
1022 4603 1052 4655 ct
1071 4597 1175 4654 idcirco
1188 4615 1205 4653 a
1219 4597 1328 4670 synodo
1350 4597 1569 4667 retractandam,
1584 4596 1626 4652 ita
1637 4602 1671 4653 ut

103 4690 218 4747 licetur.
853 4691 1043 4767 oppressiaab
1058 4690 1356 4747 omnibusincunctis
1365 4690 1550 4747 subveniatur
1562 4690 1669 4758 causis;

103 4783 133 4841 ni
143 4785 180 4842 de
192 4800 223 4840 se
239 4787 369 4842 confesso
384 4788 460 4843 credi
484 4793 581 4861 potest
595 4805 682 4863 super
695 4791 802 4847 cumen
852 4787 1026 4843 detractores
1040 4786 1092 4858 qui
1104 4784 1203 4841 divina
1216 4784 1388 4842 auctoritate
1410 4783 1577 4841 eradicandi
1595 4789 1671 4855 sunt,

103 4894 121 4949 r,
134 4878 273 4953 quoniam
296 4881 356 4950 ejus
378 4886 463 4954 atque
484 4883 578 4938 omnis
598 4884 640 4939 rei
662 4885 802 4956 professio
852 4883 1019 4938 ettautores
1030 4878 1213 4935 inimicorum
1232 4879 1269 4935 ab
1295 4878 1449 4952 episcopali
1469 4878 1671 4935 submovemus

103 4986 145 5028 rsa
160 4976 213 5041 est,
227 4976 257 5027 ct
277 4973 390 5029 admitti
414 4976 549 5032 adversus
565 4976 723 5049 quemlibet
744 4994 802 5034 non
851 4975 1038 5031 accusatione.
1054 4973 1193 5031 Similiter
1204 4989 1241 5030 ne
1254 4988 1437 5029 summorum
1455 4973 1600 5046 quispiam
1617 4972 1669 5029 mi·

851 5084 957 5125 norum
967 5067 1196 5125 accusationibus
1208 5067 1373 5140 impetatur,
1389 5071 1440 5124 aut
1453 5067 1607 5140 dispereat,
1621 5084 1671 5122 na·

103 5161 225 5217 lanemo
242 5176 368 5232 uuquam
381 5165 547 5234 pontificum
557 5163 688 5236 judicare
697 5180 802 5236 praesu·
852 5163 947 5235 quain
959 5176 991 5218 re
1001 5161 1086 5218 dubia
1100 5160 1183 5218 datur
1194 5140 1505 5233 sententia,necullum
1514 5161 1667 5233 judicium,

103 5253 133 5309 ia
146 5255 278 5327 quamvis
290 5271 358 5310 vara
373 5257 440 5325 sint,
455 5273 513 5312 non
529 5263 624 5313 tamen
647 5257 800 5328 credenda,
851 5256 905 5313 nisi
919 5255 1118 5313 ordinabiliter
1131 5255 1263 5312 habitum
1276 5258 1418 5312 teneatur.

103 5363 113 5402 e
125 5349 282 5403 manifestis
296 5348 410 5404 indiciis
424 5350 657 5422 comprobantur,
671 5353 801 5425 nisique
885 5350 970 5407 Plura
982 5348 1019 5406 de
1034 5350 1079 5405 his
1097 5349 1163 5406 ideo
1180 5349 1227 5406 hic
1248 5365 1310 5406 non
1331 5349 1486 5405 inserimus
1497 5362 1534 5402 ne
1548 5360 1668 5403 vacuare

104 5441 256 5513 injudicio
273 5443 491 5512 convincuntur,
504 5443 558 5499 nisi
574 5460 639 5517 quae
651 5446 801 5517 judiciario
850 5445 970 5501 vilemve
984 5443 1151 5517 predictam
1164 5443 1260 5500 tacere
1276 5444 1417 5516 synodum
1428 5439 1602 5508 videremur,
1619 5445 1669 5496 aut

103 5524 289 5607 publicantur.
849 5538 997 5595 fastidium
1008 5538 1170 5611 legentibus
1186 5534 1425 5607 audientibusque
1437 5533 1548 5607 prolixa
1560 5532 1669 5590 faceret

103 5625 235 5684 nationes
258 5630 400 5702 vnoJorum
420 5635 490 5686 natu
513 5632 647 5703 peratios
668 5647 705 5687 ne
719 5632 798 5702 flant,
849 5632 980 5706 epistola.
996 5631 1024 5689 Si
1036 5632 1100 5706 quis
1113 5634 1211 5689 autem
1226 5629 1262 5688 de
1275 5631 1320 5686 his
1331 5628 1471 5700 ampliora
1480 5631 1566 5700 atque
1579 5626 1669 5683 abun·

111 5721 188 5794 ipsos
200 5723 251 5795 qui
264 5723 384 5779 crimina
410 5724 574 5791 intendunt,
590 5725 612 5779 si
631 5728 726 5781 umen
745 5725 799 5798 ipsi
849 5724 981 5783 dantiora
994 5725 1067 5783 scira
1080 5727 1212 5796 voluerit,
1225 5725 1256 5781 in
1274 5738 1354 5780 sacro
1372 5725 1476 5778 nostrae
1489 5720 1564 5778 sedis
1577 5721 1666 5777 aocla-

114 5813 378 5890 lrrcprabcnsibiles
399 5818 596 5893 apparuerint,
611 5822 641 5875 et
654 5817 724 5874 actis
745 5835 798 5893 pa·
849 5819 898 5878 ab
911 5819 1024 5891 sorim
1039 5824 1070 5878 et
1080 5837 1116 5877 ea
1129 5834 1195 5893 quse
1209 5816 1396 5894 prediximus
1408 5814 1538 5875 iuvenire
1550 5816 1664 5893 poterit.
