3870 6150
121 228 168 294 ast
383 218 393 228 '
572 232 714 295 atrurn.
736 240 780 294 an
799 234 881 296 sac.
902 235 993 294 nt-
1013 238 1135 296 isinum
1154 230 1364 297 unaclronls

122 345 254 417 scrupulo
269 358 389 400 eosesse
405 346 598 417 baptizandos,
617 364 652 401 ne
665 348 717 401 ista
729 346 881 418 trepidatio
891 363 940 402 eos
950 318 1062 442 A‘libns
1071 348 1148 402 laicis
1161 348 1333 419 imponatur,
1342 362 1572 419 nequeunquam
1580 345 1705 418 permira

122 439 205 493 farciat
218 442 463 494 sacramentorum
475 440 645 512 purgatione
656 441 771 512 privari,
786 440 850 495 huic
861 440 938 494 enim
991 446 1021 496 ut
1033 441 1198 514 rebaptizati
1213 440 1247 497 ad
1259 441 1407 497 clericatus
1420 442 1541 512 gradum
1552 454 1705 513 promoves

122 532 210 604 legati
228 532 390 588 Maurorum
406 533 510 588 fraires
529 533 620 588 nostri
640 535 857 601 consuluerunt,
872 534 940 603 quia
1025 534 1077 589 llll.
1099 536 1205 590 Rursus
1224 534 1411 589 constitutum
1433 537 1486 604 est,
1510 538 1541 589 ut
1563 533 1676 606 quoties
1697 549 1705 588 v

123 627 229 680 multos
251 625 323 680 tales
343 643 360 681 a
380 626 511 681 barbaris
532 626 691 697 redimunt;
716 626 846 682 similiter
861 630 890 680 et
905 627 939 681 de
990 627 1132 695 convictis,
1147 631 1176 682 et
1190 625 1326 682 confessis
1339 627 1370 681 in
1384 627 1478 699 aliquo
1489 627 1622 692 crimine,
1635 625 1705 698 vclp

122 718 245 773 ecclesiis
270 718 389 790 (quoties
408 736 495 791 super
509 735 608 775 eamm
626 720 838 776 consecratione
854 719 938 774 haesi·
991 737 1090 776 eorum
1104 737 1229 793 quornm
1238 720 1418 775 verecundie
1429 719 1564 791 parcitur,
1578 721 1621 774 vel
1635 734 1705 791 prop

121 811 206 883 tatur)
220 812 364 883 agendum
377 816 429 881 est,
445 812 532 868 idest
547 817 581 868 ut
602 812 662 868 sine
678 813 737 868 ulla
750 811 939 884 trepidatione
990 814 1084 869 clesiae
1103 813 1302 886 opprobrium,
1326 816 1376 868 aut
1398 813 1568 868 insolentem
1592 811 1705 868 insultat

122 910 334 962 consecrentur.
745 952 751 961 ,
990 906 1187 963 hereticorum
1207 912 1292 979 atque
1316 905 1477 989 gentilium,
1501 905 1524 960 si
1545 906 1620 961 forte
1636 920 1705 961 caus

157 1000 213 1055 Vll.
234 998 341 1055 Placuit
352 1002 386 1055 ut
408 999 467 1056 dies
479 999 651 1055 venerabilis
671 1000 784 1055 Paschae
804 1000 939 1055 formata·
990 999 1575 1069 adessevoluerint,etinnocentiamsuern
1584 1012 1705 1054 asserere

122 1108 187 1148 rum
197 1091 403 1163 subscriptione
414 1093 547 1148 omnibus
560 1092 716 1160 intimetur,
728 1092 788 1147 dies
797 1107 865 1147 vero
875 1108 942 1147 con·
992 1110 1098 1149 annum
1110 1091 1415 1149 excommunicationis
1427 1092 1483 1146 hoc
1492 1091 1606 1159 faciant,
1622 1090 1646 1146 si
1659 1105 1705 1146 ver

123 1186 180 1241 cilii
193 1183 343 1241 undecimo
355 1185 497 1241 Kalendas
508 1184 677 1240 Novembris
690 1187 827 1253 servetur,
838 1189 867 1239 et
876 1183 942 1239 sori·
989 1203 1097 1242 nnnum
1110 1202 1226 1241 causam
1240 1201 1322 1241 suam
1337 1200 1462 1258 purgare
1476 1183 1705 1256 contempserint

123 1276 941 1350 bendumadsingularumquarumcunqueprovinciamm
991 1296 1089 1336 eorum
1101 1285 1202 1351 postea
1216 1279 1329 1351 penitus
1343 1277 1485 1334 audiatur.

124 1373 270 1445 primates,
287 1376 319 1426 ut
330 1371 446 1444 quando
461 1370 539 1442 apud
552 1388 581 1427 se
594 1371 746 1427 concilium
765 1373 943 1445 congregant
1026 1375 1091 1429 lllll.
1105 1375 1175 1429 ltem
1191 1371 1306 1445 placuit,
1322 1376 1355 1428 ut
1368 1371 1467 1444 siquis
1486 1372 1521 1428 de
1534 1370 1650 1426 alterius
1662 1385 1705 1426 mr

126 1466 212 1522 istum
224 1466 300 1522 diem
313 1482 371 1521 non
386 1464 556 1537 impediant.
992 1466 1034 1522 rio
1050 1471 1197 1539 repertum
1210 1466 1253 1520 vel
1265 1465 1301 1521 ad
1316 1464 1482 1521 clericatum
1494 1480 1666 1538 promovere
1677 1479 1705 1520 vr

164 1561 229 1616 Vlll.
253 1559 323 1614 ltem
344 1559 530 1614 constitutum
552 1560 606 1628 est,
620 1562 655 1613 ut
673 1557 744 1613 nulli
764 1556 943 1613 intercessori
993 1561 1035 1614 vel
1049 1560 1079 1615 in
1092 1577 1143 1615 suo
1165 1558 1340 1615 monasterio
1355 1558 1496 1630 majorem
1519 1554 1688 1614 monasterii

126 1651 236 1708 licitum
251 1652 287 1707 sit
301 1651 466 1707 cathedram
481 1651 527 1706 cui
541 1651 713 1707 intercessor
726 1651 809 1706 datus
824 1655 866 1705 est
878 1649 942 1722 qui·
992 1659 1084 1721 tuere,
1100 1652 1248 1723 episcopus
1261 1651 1311 1723 qui
1323 1652 1379 1707 hoc
1393 1651 1502 1722 fecerit,
1516 1668 1533 1706 a
1551 1655 1705 1706 caeterorun

127 1746 250 1801 buslibet
263 1745 437 1818 populorum
446 1745 546 1801 studiis
556 1745 600 1801 vel
610 1743 795 1800 seditionibus
807 1742 942 1814 retinere,
953 1738 982 1810 B
994 1746 1131 1801 munione
1144 1745 1298 1817 sejunctus,
1312 1762 1371 1800 susa
1385 1746 1499 1800 tantum
1509 1744 1600 1817 plebis
1609 1758 1705 1798 comm

128 1840 178 1894 sed
193 1839 262 1895 dare
275 1854 392 1911 operam
405 1841 439 1894 ut
452 1838 528 1894 intra
543 1853 652 1893 annum
661 1836 768 1895 eisdem
779 1836 945 1909 episcopum
994 1844 1145 1895 contentus
1154 1839 1199 1907 sit,
1209 1838 1532 1911 atillenequeclericns,
1541 1851 1704 1911 nequeproe

129 1931 284 2004 provideat,
298 1931 411 2004 quodsi
425 1930 585 2003 neglexerit
599 1947 674 1987 anno
692 1932 835 2002 exempto,
856 1929 944 1986 inter-
995 1937 1167 2006 perseueret.

127 2031 229 2081 ventor
240 2025 313 2081 alius
327 2024 479 2081 tribuatur.
1030 2026 1096 2082 lllV.
1109 2027 1180 2081 ltem
1194 2025 1298 2097 placuit
1311 2029 1344 2080 ut
1356 2024 1456 2080 altaria
1470 2041 1534 2097 qua
1543 2019 1650 2096 passim
1663 2038 1705 2095 pe:

164 2119 205 2175 lll.
219 2119 260 2174 Ab
275 2118 496 2190 imperatoribus
511 2117 650 2173 universis
672 2113 764 2172 visum
785 2120 828 2173 est
846 2119 944 2188 postu·
995 2123 1044 2174 aut
1057 2118 1114 2173 vias
1129 2124 1264 2190 tanquam
1275 2118 1421 2174 memoriae
1431 2122 1590 2190 martyrum
1602 2115 1705 2172 constit

129 2213 370 2282 landumpropter
376 2210 561 2265 afflictionem
570 2224 741 2281 pauperum,
750 2224 875 2281 quorum
886 2225 945 2264 mo
996 2211 1026 2267 in
1040 2211 1262 2285 quibusnullum
1273 2229 1374 2283 corpus
1385 2211 1568 2283 autreliquiae
1576 2215 1705 2282 martyra

130 2305 216 2359 lestiis
230 2304 291 2359 sine
305 2303 516 2358 intermissione
538 2302 675 2373 fatigatur
698 2301 832 2370 Ecclesia,
848 2307 878 2357 ut
897 2302 945 2359 de·
997 2307 1063 2362 ditae
1080 2306 1246 2377 probantur,
1261 2306 1297 2361 ab
1313 2304 1451 2378 episcopis
1465 2304 1515 2376 qui
1529 2304 1636 2359 eisdem
1650 2302 1704 2359 loci

130 2397 254 2452 fensores
267 2397 307 2453 eis
318 2396 452 2452 adversus
465 2396 606 2468 potentias
625 2394 745 2451 divitum
758 2411 825 2451 cum
836 2395 946 2468 episco·
997 2404 1074 2470 sunt,
1095 2397 1118 2454 si
1130 2396 1193 2454 lieri
1215 2402 1317 2470 potest,
1335 2401 1509 2454 evertantur.
1525 2397 1554 2452 Si
1567 2399 1667 2451 autern
1679 2395 1705 2452 hv

132 2506 234 2561 porum
247 2490 408 2563 provisione
421 2490 599 2562 delegentur.
997 2499 1061 2565 pter
1074 2493 1213 2548 tumultus
1227 2491 1381 2564 populares
1393 2507 1450 2546 non
1471 2490 1585 2559 sinitur,
1604 2488 1704 2561 plebes

166 2584 197 2640 ll.
214 2586 284 2641 ltem
295 2583 411 2657 placuit,
424 2588 458 2639 ut
470 2583 697 2656 quotiescunque
711 2581 945 2655 congregandum
998 2583 1215 2652 admoneantur,
1230 2601 1267 2639 ne
1280 2584 1327 2639 illa
1339 2585 1400 2639 loca
1414 2584 1606 2656 frequentent,
1630 2586 1664 2637 ut
1677 2598 1705 2655 qv

130 2681 173 2735 ast
182 2678 344 2748 concilium,
356 2677 480 2750 episcopi
492 2678 542 2750 qui
556 2693 650 2751 neque
660 2679 751 2745 aetate,
763 2692 856 2748 neque
867 2673 948 2746 regri-
997 2678 1112 2750 sapiunt
1132 2679 1210 2733 nulla
1228 2678 1270 2732 ibi
1284 2677 1484 2749 superstitione
1506 2665 1631 2731 devincti
1649 2679 1705 2730 tem

131 2773 242 2839 tudine,
256 2786 349 2843 neque
362 2771 418 2825 alia
437 2769 559 2842 graviori
574 2769 740 2825 necessitate
754 2768 949 2841 impediuntur
999 2772 1032 2825 Et
1053 2770 1171 2825 omnino
1194 2769 1272 2824 nulla
1293 2769 1432 2824 memoria
1448 2771 1607 2840 martyrum
1628 2767 1705 2839 prob.

132 2868 326 2937 competenter
339 2868 500 2930 occurrant,
514 2863 740 2935 primatibusque
756 2877 872 2917 suarum
887 2877 949 2933 pro
999 2869 1170 2936 acceptetur,
1180 2862 1235 2918 nisi
1245 2863 1418 2934 ubicorpus,
1428 2862 1588 2934 autaliquae
1598 2864 1705 2916 certer

132 2957 291 3015 vinciarum
305 2956 464 3024 intimetur,
488 2959 520 3011 ut
545 2957 580 3011 de
599 2953 740 3011 universis
755 2953 892 3027 episcopis
906 2955 948 3009 vel
999 2961 1075 3024 sunt,
1088 2956 1226 3027 autorigo
1236 2956 1355 3027 alicujus
1372 2955 1553 3010 habitationis
1566 2955 1610 3009 vel
1623 2968 1705 3026 posse

133 3053 198 3108 duae
213 3051 257 3107 vel
267 3054 324 3107 tres
336 3050 406 3106 fiant
420 3054 534 3120 turma,
544 3066 576 3104 ac
585 3049 619 3105 de
627 3048 746 3121 singulis
754 3047 857 3103 turmis
869 3046 949 3102 vicis·
998 3052 1041 3105 rel
1054 3050 1191 3124 passionis
1204 3048 1370 3104 fidelissima
1390 3048 1500 3120 origine
1519 3048 1651 3103 traditur.
1667 3048 1705 3102 Ne

134 3147 187 3201 sim
201 3149 341 3219 quotquot
355 3144 434 3199 electi
456 3143 563 3198 fuerint
574 3142 610 3198 ad
623 3139 701 3197 diem
713 3139 824 3196 concilii
839 3140 948 3195 instan·
999 3160 1052 3216 per
1066 3143 1185 3213 somnia,
1202 3147 1230 3198 et
1242 3159 1294 3214 per
1316 3141 1415 3197 inanes
1439 3141 1519 3213 quasi
1536 3141 1705 3197 revelatione

133 3240 242 3295 tissime
257 3240 422 3308 occurrant3
438 3235 548 3309 quodsi
560 3252 619 3292 non
632 3234 775 3308 potuerint
788 3249 948 3301 occurrere,
1001 3236 1135 3291 rumlibet
1143 3236 1293 3292 hominum
1301 3235 1406 3307 ubique
1415 3235 1626 3290 constituuntur
1634 3234 1705 3289 altar

134 3332 329 3389 excusationes
345 3348 408 3386 suas
427 3331 458 3385 in
481 3329 643 3385 tractatoria
665 3327 854 3397 subscribant,
869 3328 914 3383 vcl
926 3327 949 3381 si
1000 3329 1115 3386 nimodo
1130 3329 1329 3402 reprobentur.

134 3431 198 3499 post
209 3426 363 3482 adventum
385 3423 557 3481 tractatoriae
579 3422 684 3494 aliquae
709 3420 888 3477 necessitates
905 3436 948 3475 re-
1036 3424 1089 3480 xv.
1106 3425 1177 3478 ltem
1189 3422 1296 3494 placuit
1310 3422 1346 3477 ab
1359 3419 1581 3494 imperatoribus
1606 3418 1705 3491 glorior

136 3523 219 3592 pente
234 3518 352 3575 forsitan
367 3523 437 3573 ortae
458 3517 576 3586 fuerint,
599 3515 654 3570 nisi
672 3515 811 3571 rationem
828 3514 949 3586 impedi·
1000 3517 1070 3590 peti,
1090 3519 1122 3571 ut
1140 3516 1268 3588 reliquiae
1292 3532 1352 3571 non
1374 3516 1467 3571 solum
1487 3515 1517 3570 in
1540 3513 1705 3583 simulacris,

135 3613 225 3668 menti
239 3612 283 3668 sui
298 3611 372 3684 apud
386 3627 471 3666 sunm
484 3609 636 3683 primatem
651 3607 837 3678 reddiderint,
854 3607 890 3661 ab
900 3609 949 3663 Ec-
1000 3608 1217 3683 quibuscunque
1231 3609 1300 3664 locis
1322 3608 1366 3665 vel
1388 3609 1469 3676 lucis,
1491 3609 1533 3663 rel
1556 3606 1705 3662 arboribus

135 3707 229 3762 clesiae
244 3705 446 3762 communione
460 3703 566 3760 debere
579 3719 640 3759 esse
653 3705 845 3774 contemptos.
1001 3703 1086 3759 modo
1096 3704 1256 3759 deleantur.
1264 3703 1394 3759 Aurelius
1404 3703 1552 3775 episcopus
1559 3700 1705 3756 Ecclesiaet

171 3801 214 3857 lll.
231 3802 303 3857 ltem
315 3799 514 3855 confirmatum
523 3801 575 3867 est,
584 3800 618 3853 ut
630 3796 653 3851 si
662 3796 777 3868 qnando
783 3794 950 3868 presbyteri,
1003 3797 1078 3869 ginis
1092 3812 1179 3868 supra
1191 3797 1403 3869 comprehensis
1420 3795 1450 3851 in
1463 3797 1560 3850 nostro
1573 3793 1694 3849 concilio

135 3895 180 3950 rel
192 3893 302 3950 diaconi
323 3893 355 3948 in
377 3892 433 3948 alia
455 3891 580 3965 graviori
598 3891 680 3962 culpa
698 3889 821 3945 convicti
834 3888 951 3955 fuerint,
1002 3889 1170 3961 subscripsi3
1184 3889 1314 3945 similiter
1326 3888 1508 3961 septuaginta
1529 3887 1585 3942 duo
1604 3886 1705 3959 cpisco]

136 4003 222 4061 quam
236 4003 284 4041 eos
296 4001 313 4040 a
327 3984 485 4040 ministerio
497 3999 611 4040 necesse
632 3982 718 4038 luerit
730 3981 881 4049 removeri,
895 3996 953 4036 non
1003 3981 1187 4055 scripserunt.

136 4081 177 4136 eis
190 4096 293 4134 manus
304 4083 440 4150 tanquam
452 4076 666 4148 poenitentibus,
677 4074 722 4130 vel
730 4076 869 4147 tanquam
882 4073 951 4128 flde-

432 4449 632 4518 INCIPIUNT
654 4450 850 4518 CAPITULA
872 4451 1039 4519 GUNClLll
1061 4453 1174 4519 SEll'll
1196 4452 1539 4520 GARTHAGINENSIS

175 4644 200 4695 1.
216 4637 355 4694 nuocnuo
368 4625 474 4693 Aurelii
488 4634 612 4709 episcopi
627 4635 716 4691 sancti
734 4635 771 4691 ad
786 4636 936 4709 synodum.
965 4652 996 4726 D
1042 4639 1068 4691 9.
1083 4636 1133 4692 Ubi
1148 4637 1299 4693 Faustinus
1317 4637 1465 4710 episcopus
1486 4652 1538 4708 pro
1554 4634 1700 4691 dubietate

173 4735 201 4788 2.
224 4731 382 4804 Responsio
406 4729 531 4786 faustini
556 4728 683 4801 episcopi
710 4729 797 4802 legati
819 4731 957 4786 Romane
1006 4729 1123 4801 capituli
1135 4730 1264 4786 Romano
1279 4747 1362 4803 papa
1377 4730 1450 4802 petit
1468 4728 1662 4785 scribendum.

139 4825 314 4882 Ecclesiaeda
324 4824 368 4880 his
381 4841 445 4897 qua
459 4823 489 4879 in
501 4822 627 4881 Ecclesia
640 4824 745 4896 partim
758 4839 879 4893 canone,
893 4840 957 4896 pan
1044 4825 1087 4878 l0.
1104 4823 1155 4878 Ubi
1168 4824 1295 4895 synodus
1307 4823 1481 4895 exemplaria
1494 4822 1600 4878 Niceni
1609 4819 1705 4877 concili

139 4919 192 4975 tim
207 4917 410 4975 consuetudine
424 4922 489 4973 sunt
500 4917 621 4974 firmata.
1007 4915 1042 4970 ab
1055 4916 1239 4972 orientalibus
1252 4916 1440 4988 competenda
1454 4916 1587 4972 decrevit.

175 5016 203 5070 3.
218 5014 258 5068 Ue
273 5011 490 5068 commonitorio
503 5011 624 5068 Romani
636 5027 719 5084 papa
732 5011 858 5067 recitato.
1046 5013 1088 5066 11.
1100 5010 1239 5066 Professio
1249 5009 1320 5066 fidei
1332 5010 1438 5066 Nicoeni
1451 5009 1574 5065 concilii.

175 5109 202 5163 l.
218 5105 323 5179 alippii
340 5104 464 5177 episcopi
477 5104 624 5176 responsio
637 5120 690 5176 pro
704 5102 777 5160 reris
791 5102 960 5176 exemplari·
1045 5106 1088 5158 12.
1104 5104 1280 5176 Rescriptum
1292 5104 1415 5177 episcopi
1428 5106 1537 5173 Rome,
1552 5101 1705 5159 Alexandri

139 5202 194 5258 bus
207 5199 312 5256 Nicaeni
327 5198 437 5253 concilii
453 5197 661 5270 perquirendis.
1009 5197 1261 5271 stantinopolitani,
1282 5212 1347 5254 cum
1361 5197 1571 5270 exemplaribus
1592 5195 1700 5253 Nicaei

177 5299 204 5351 5.
218 5291 270 5350 Ubi
279 5291 431 5348 Faustinus
437 5306 481 5363 ep.
489 5290 570 5359 dixit,
577 5290 960 5363 utRomanopapeasynodus
1009 5291 1149 5347 Africana
1159 5291 1267 5363 synodo
1278 5291 1448 5349 constitutis.

141 5405 193 5460 pro
208 5386 378 5460 inquirenda
396 5382 517 5440 Nicaeae
541 5383 644 5455 synodi
658 5384 778 5442 veritate
791 5384 958 5440 innotescat.
1047 5387 1090 5440 13.
1104 5383 1212 5457 Scripta
1228 5385 1354 5441 Africani
1373 5384 1495 5457 episcopi
1508 5384 1546 5440 ad
1559 5382 1705 5441 bonifacia

177 5485 203 5536 6.
217 5486 245 5536 7.
261 5481 301 5535 Ue
316 5477 458 5534 sententia
481 5475 654 5533 sardicensis
678 5476 790 5533 concilii
809 5476 960 5533 reclutaa
1010 5478 1110 5533 Roma
1123 5477 1299 5551 episcopum.

142 5573 305 5651 postulante
320 5573 428 5629 Novato
444 5570 588 5644 episcopo.
1049 5571 1092 5625 ll.
1106 5571 1215 5644 Scripta
1236 5572 1360 5628 Africam
1373 5573 1485 5629 concilii
1500 5573 1536 5630 ad
1549 5571 1705 5632 Caelestinus

179 5668 205 5724 8,
221 5665 273 5727 Ubi
284 5665 460 5738 Augustinus
473 5662 961 5738 episcopuscumsynodollicaenum
1012 5665 1109 5719 Roma
1124 5664 1297 5739 episcopum.

143 5756 296 5816 canentum
308 5775 419 5815 servare
432 5759 585 5832 promittit.
