3870 6150
125 250 176 305 527
563 248 707 305 laruae
728 249 772 304 ab
791 248 873 304 SAEC.
893 250 937 304 lx.
952 276 986 289 -
1005 248 1124 305 lstuoat
1141 249 1355 306 aracaroats
1740 264 1777 321 528

125 361 253 425 ventum,
267 351 319 411 has
330 354 428 410 subter
440 370 564 411 annexas
587 357 698 428 regulas
720 358 851 413 concordi
865 357 934 414 deti-
946 356 1133 442 Acontomni
1146 357 1264 430 quidem
1275 357 1475 431 magnitudine
1484 359 1614 417 decentis
1625 365 1722 434 poterit
1732 383 1777 438 gra.

125 450 234 506 nitione
263 449 389 519 prolatas
414 452 522 505 aterna
551 449 703 507 statuimus
731 467 847 506 manere
874 453 938 525 loge
987 449 1089 518 sitatis,
1105 451 1156 505 sed
1169 451 1234 522 quia
1247 452 1366 507 honesta
1381 452 1543 509 sollicitudo
1559 454 1776 533 cohiberepropa-

123 543 250 620 praefixa.
394 573 405 591 .
988 547 1040 611 rat,
1064 544 1141 615 quod
1161 543 1341 616 frequentata
1371 546 1486 602 usitatio
1513 547 1603 604 vitare
1628 566 1686 605 non
1708 560 1773 623 curat,

159 637 301 693 Cantha
310 636 472 692 celebritate
483 636 641 694 festivitatis
653 639 755 694 divina
762 640 938 709 Matris,cum
987 636 1052 690 idco
1067 640 1095 691 et
1109 653 1176 692 cum
1188 638 1377 709 quorumdam
1398 644 1586 711 paternorum
1610 643 1774 703 sanctionibus

123 730 195 786 nibil
211 730 278 786 fidei
290 730 435 787 sinceritas
450 747 502 802 per
522 732 712 788 diversitatem
733 732 884 789 adversum
896 734 938 789 in·
988 728 1167 785 decretorum
1182 734 1209 785 et
1221 730 1448 786 institutionibus
1470 733 1507 788 sit
1528 733 1667 806 legalibus
1687 743 1773 796 carbo

123 826 228 892 currat,
243 828 271 879 et
284 824 425 880 unitatem
441 824 586 881 catholicae
600 826 707 897 regulae
720 827 840 882 varietas
860 828 938 883 nulla
987 838 1024 878 ne
1044 826 1142 878 contra
1163 824 1284 878 salutem
1305 824 1479 897 principum,
1495 828 1657 899 gentisque,
1671 834 1718 884 aut
1731 849 1774 903 pro

124 917 264 989 decerpat,
288 923 447 973 esttamen
471 919 547 989 quod
570 919 625 974 nisi
644 922 807 992 temporum
830 921 937 976 unitate
988 915 1056 987 priae
1071 916 1172 988 patriae
1187 918 1338 989 quisquam
1357 918 1490 975 meditari
1508 923 1774 993 concturadrersom,

123 1015 258 1079 servetur,
274 1013 300 1065 et
315 1010 461 1066 dissidium
486 1012 638 1068 indiscissa
660 1014 777 1070 unitatis
797 1014 940 1087 parturiat
988 1009 1775 1085 bocunumspecialiternuncdepromiturobserrandnm

124 1090 153 1161 et
179 1108 421 1159 sacramentorum
455 1106 563 1162 unitate
597 1110 726 1163 constare
753 1124 811 1163 non
833 1108 936 1162 valeat.
989 1107 1020 1158 ut
1042 1103 1066 1158 si
1086 1103 1148 1175 quis
1167 1104 1369 1175 religiosorum
1388 1105 1424 1160 ab
1446 1105 1577 1178 episcopo
1597 1125 1689 1181 usque
1707 1111 1777 1167 eder·

124 1199 193 1255 llinc
208 1202 251 1253 est
262 1198 338 1252 enim
355 1198 433 1269 quod
453 1200 587 1254 Paschale
608 1200 712 1256 festum
731 1217 791 1256 uno
804 1201 851 1256 die
864 1203 936 1256 cele·
987 1201 1112 1253 tremum
1132 1195 1240 1251 ordinis
1261 1196 1428 1252 clericorum
1451 1199 1510 1254 sive
1531 1202 1731 1259 monachorum
1743 1221 1777 1275 ge·

123 1293 240 1347 bromus
253 1294 282 1346 et
294 1295 434 1363 tempore,
452 1309 488 1347 ne
501 1293 530 1346 in
550 1293 700 1348 Judaicum
715 1294 878 1349 decidamus
892 1311 937 1350 er·
988 1289 1095 1344 neralia
1103 1289 1271 1359 juramenta
1283 1289 1312 1344 in
1325 1290 1446 1347 salutem
1461 1293 1573 1365 regiam
1588 1296 1731 1367 gentisque
1745 1302 1780 1352 aot

124 1402 231 1441 rorem.
246 1384 317 1441 ilinc
330 1386 483 1441 adventum
502 1386 590 1441 sancti
615 1386 737 1458 Spiritus
758 1391 821 1460 post
843 1404 936 1443 resur·
988 1382 1086 1454 patriae
1109 1382 1174 1438 data
1193 1382 1354 1454 reperiatur
1373 1383 1487 1441 violasse
1509 1387 1656 1442 voluntate
1676 1389 1780 1459 profana,

123 1480 281 1535 rectionem
295 1480 810 1552 Domininisiexspectemustempore
822 1480 938 1537 definito
987 1492 1053 1530 mox
1076 1476 1190 1547 propria
1210 1475 1350 1546 dignitate
1371 1477 1508 1548 privatus,
1524 1482 1555 1533 et
1568 1479 1632 1534 loco
1648 1483 1677 1536 et
1696 1481 1781 1538 honore

124 1572 236 1628 dierum
248 1578 377 1640 numero,
386 1589 443 1627 non
453 1590 604 1645 possumus
619 1573 735 1645 impleri
745 1573 939 1646 ejusdemSpi·
988 1568 1125 1624 habeatur
1137 1568 1277 1639 exclusus,
1292 1586 1326 1623 eo
1339 1570 1528 1626 miserationis
1544 1573 1666 1628 obtentu
1678 1578 1782 1630 tantum

123 1667 195 1721 ritus
211 1666 296 1733 dono,
311 1667 446 1738 quoniam
469 1666 492 1720 si
513 1670 591 1721 caret
610 1666 788 1738 plenitudine
814 1667 937 1734 numeri,
987 1661 1073 1716 modo
1088 1664 1242 1732 reservato,
1257 1664 1288 1716 ut
1300 1679 1337 1717 an
1354 1663 1457 1732 locum,
1467 1680 1505 1720 an
1518 1665 1671 1734 honorem,
1682 1684 1716 1722 aa
1729 1672 1784 1722 utra

124 1776 219 1816 carere
233 1763 326 1831 potest
349 1763 378 1814 et
393 1759 521 1831 mysterii
543 1765 737 1828 sacrament03
754 1760 821 1815 hinc
836 1760 937 1816 nativi·
949 1750 977 1823 B
989 1771 1044 1826 que
1056 1755 1199 1827 possideat
1211 1755 1385 1811 concedendi
1404 1755 1452 1826 jus
1472 1756 1678 1830 licentiamque
1699 1761 1783 1832 princi·

122 1853 188 1909 tatis
201 1852 354 1909 [lominica
371 1868 482 1908 sacrum
499 1870 555 1925 quo
572 1853 718 1909 evidenter
732 1853 767 1908 de
786 1857 866 1909 utero
880 1854 939 1908 Vir-
988 1848 1058 1920 palis
1070 1851 1192 1920 potestas
1206 1848 1342 1905 obtineat.

123 1945 211 2018 ginali
221 1945 345 2001 Verbum
355 1946 462 2018 prodiit
473 1963 539 2001 caro
549 1948 656 2002 factum
665 1947 772 2019 absque
785 1946 872 2002 dubio
883 1963 938 2002 ser·
1024 1943 1066 1997 ltt·
1081 1941 1254 1998 Reverentiae
1268 1942 1355 1998 totius
1367 1943 1465 2000 auditu
1478 1945 1669 2019 percipiatur,
1682 1947 1742 2019 quia
1752 1965 1784 2003 res

122 2043 168 2094 vat
190 2043 218 2093 et
246 2040 383 2110 temporis
405 2056 529 2107 cursum,
554 2043 582 2095 et
606 2043 792 2110 representat
819 2040 938 2111 speciale
988 2036 1059 2091 dura
1073 2036 1247 2091 nonfrustra
1262 2036 1373 2108 cogitur
1387 2037 1439 2092 hac
1454 2037 1563 2094 duriori
1577 2040 1727 2113 exstirpari
1737 2058 1783 2097 cen·

123 2131 179 2187 diei
202 2134 394 2186 momentum.
411 2132 438 2187 Si
459 2148 527 2202 ergo
548 2132 700 2187 nativitatis
719 2134 747 2187 et
768 2133 869 2188 mortis
888 2133 939 2188 hu·
988 2145 1063 2185 sura.
1078 2129 1253 2201 agnovimus
1264 2130 1342 2185 enim
1355 2131 1493 2202 quosdam
1507 2132 1657 2204 pontifices
1669 2134 1782 2206 precepti

120 2225 168 2294 jus
181 2223 319 2279 incarnati
332 2222 414 2278 Verbi
429 2223 488 2277 dies
498 2224 605 2294 absque
620 2223 821 2280 immutatione
832 2225 871 2280 ita
880 2242 939 2280 cer·
987 2222 1124 2294 Principis
1146 2223 1349 2293 apostolorum,
1369 2224 1417 2296 qui
1439 2224 1506 2280 ait:
1532 2248 1546 2277 (ι
1571 2226 1679 2282 Pascite
1699 2228 1780 2301 quiin

122 2321 168 2370 tus
189 2313 320 2382 habetur,
334 2320 366 2370 ut
387 2315 493 2387 absque
509 2316 670 2372 diversitate
683 2316 713 2371 in
727 2321 786 2373 toto
803 2317 870 2373 orbe
883 2321 938 2373 ter·
987 2314 1067 2370 vobis
1077 2319 1118 2370 est
1134 2331 1263 2387 gregem,
1277 2332 1337 2371 non
1352 2321 1459 2384 coacte,
1471 2318 1521 2373 sed
1534 2323 1780 2393 spontaneamque

122 2425 219 2464 rarum
243 2408 278 2463 ab
301 2409 380 2463 omni
401 2409 534 2464 concordi
551 2410 675 2464 Ecclesia
697 2410 866 2479 celebretur,
888 2427 939 2466 cur
988 2407 1168 2463 dominantes
1185 2408 1216 2462 in
1230 2409 1315 2479 clero,
1331 2410 1382 2465 scd
1395 2411 1486 2466 forma
1501 2411 1574 2467 facta
1589 2414 1685 2486 gregis
1697 2414 1720 2485 (l
1727 2417 1778 2471 Patr.

121 2501 327 2558 nonfestiritas
339 2502 469 2573 gloriosae
478 2502 576 2557 matris
586 2503 647 2573 ejus
655 2503 752 2558 eadem
760 2503 938 2560 observantia
988 2518 1015 2571 v,
1029 2502 1071 2572 ²ti
1093 2520 1107 2553 o
1126 2501 1167 2557 ita
1190 2517 1249 2557 esse
1270 2503 1462 2575 immemores,
1484 2508 1517 2559 ut
1544 2505 1714 2577 quibusdam
1735 2522 1779 2561 mo·
1813 2538 1816 2585 ἕ

121 2611 179 2650 uno
194 2594 278 2650 simul
292 2595 398 2667 ubique
414 2596 471 2664 die,
488 2595 631 2668 simulque
650 2596 789 2651 habeatur
805 2596 938 2652 honoret
987 2594 1126 2661 nasteriis,
1151 2594 1413 2667 parochialibusque
1435 2597 1568 2668 ecclesiis,
1591 2602 1642 2654 aut
1663 2616 1718 2655 sua
1734 2615 1780 2655 coo·
1813 2588 1816 2629 ⁵

122 2689 267 2744 Invenitur
280 2689 388 2744 etenim
402 2689 432 2744 in
445 2689 542 2744 multis
558 2688 699 2760 Hispanias
715 2689 840 2760 partibus
853 2689 938 2760 hujus
988 2686 1186 2757 sanguinitatis
1207 2704 1353 2759 personas,
1376 2694 1425 2744 aut
1449 2690 1553 2745 favoris
1574 2692 1722 2765 participes
1745 2692 1780 2747 ini·

122 2784 226 2836 sanctae
238 2780 360 2852 Virginis
368 2781 471 2837 festum
482 2798 542 2837 non
551 2798 610 2838 uno
622 2782 678 2849 die,
686 2798 737 2853 per
745 2799 938 2839 omnesannc·
988 2796 1077 2852 quum
1088 2797 1164 2854 saepe
1174 2784 1298 2836 statuant
1307 2781 1336 2836 in
1347 2783 1779 2858 praelatum,itaillisproridentss
1814 2778 1816 2785 ’

122 2889 188 2928 rom
202 2872 388 2946 circulosagi.
404 2875 465 2939 Quo
479 2875 556 2929 enim
569 2875 728 2930 transducit
749 2874 879 2930 homines
893 2875 936 2930 di-
988 2874 1139 2929 commoda
1171 2874 1331 2944 inhonesta,
1354 2878 1384 2930 ut
1407 2879 1456 2930 aut
1483 2877 1524 2931 eis
1551 2877 1714 2935 deferantur
1734 2893 1779 2952 qua
1814 2934 1816 2939 .

122 2965 238 3021 versitas
253 2967 418 3037 temporum
432 2967 501 3022 dum
517 2967 682 3023 varietatem
698 2968 868 3025 celebritatis
880 2985 938 3024 noo
987 2966 1103 3039 proprio
1119 2966 1249 3039 episcopo
1265 2967 1332 3023 dare
1343 2968 1438 3039 J‘ustus
1452 2970 1521 3024 ordo
1535 2970 1737 3044 depoposcerit,
1745 2974 1779 3026 aut
1813 2974 1816 3019 i

122 3058 227 3114 hahere
241 3059 408 3131 probantur.
421 3061 481 3125 Qua
496 3061 530 3115 de
546 3061 723 3132 aequoniam
738 3060 783 3116 die
797 3078 853 3133 qua
863 3062 940 3117 inve·
989 3075 1052 3130 que
1083 3075 1182 3131 rapere
1214 3060 1342 3132 deputati
1373 3063 1509 3118 exactoris
1530 3063 1667 3120 violentia
1688 3064 1777 3136 poterit.

123 3152 201 3207 nitor
213 3151 334 3225 angelus
349 3152 455 3224 Virgini
466 3153 550 3209 Verbi
564 3159 743 3226 conceptum,
755 3159 784 3210 et
794 3156 938 3211 nuntiasse
948 3110 976 3185 C
987 3151 1108 3207 Proinde
1127 3152 1262 3208 decenter
1282 3154 1415 3209 omnibus
1433 3157 1527 3226 placet
1546 3157 1578 3213 in
1600 3156 1777 3229 praesentiali

122 3244 226 3314 verbis,
240 3249 269 3301 et
287 3244 422 3300 indidisse
445 3247 598 3315 miraculis,
615 3247 716 3304 eadem
736 3248 781 3303 die
801 3248 938 3305 festivitas
987 3244 1148 3300 rescindere
1158 3245 1276 3314 factum,
1288 3250 1316 3301 et
1326 3263 1383 3302 non
1397 3263 1457 3304 esse
1468 3248 1503 3304 de
1517 3251 1776 3312 censuissemus,

122 3354 180 3394 non
194 3341 288 3410 potest
297 3338 434 3394 celebrari
449 3340 601 3411 condigne,
612 3341 687 3412 quod
701 3341 847 3396 interdum
860 3342 937 3406 Qua·
988 3354 1055 3393 nam
1064 3337 1191 3411 quisquis
1204 3339 1371 3410 pontificum
1381 3340 1524 3413 deinceps,
1535 3346 1586 3398 aut
1596 3344 1776 3417 sanguincpro

122 3430 285 3504 dragesima
297 3431 341 3487 vel
355 3432 489 3488 Paschale
498 3433 604 3488 festum
616 3433 748 3489 videatur
760 3435 937 3503 incombere,
988 3431 1113 3503 pinquis,
1122 3435 1171 3486 aut
1184 3432 1278 3487 favore
1291 3433 1417 3505 personis
1429 3434 1648 3507 quibuscunque
1658 3433 1775 3498 devinctis,

123 3525 153 3580 lu
165 3524 268 3597 quibus
278 3524 350 3581 nihil
361 3524 397 3580 de
407 3530 571 3581 sanctorum
584 3527 810 3583 solemnitatibus
823 3529 895 3583 sicut
905 3545 939 3583 ex
988 3524 1055 3579 talia
1068 3525 1268 3580 commendare
1280 3525 1358 3581 lucra
1374 3528 1523 3582 tentaverit
1536 3532 1564 3583 et
1576 3545 1663 3584 suum
1675 3525 1774 3584 nauta

124 3617 290 3690 antiquitate
302 3618 426 3690 regulari
442 3624 557 3675 cautum
571 3622 623 3687 est,
637 3620 770 3675 convenit
790 3620 937 3690 celebrari,
988 3617 1220 3689 presumptionis
1240 3619 1393 3688 excidium,
1409 3622 1437 3675 et
1449 3621 1648 3692 quodjussum
1660 3621 1735 3678 fuerit
1744 3619 1775 3673 de

123 3726 188 3766 cum
201 3711 358 3766 secundum
367 3711 457 3783 ipsam
471 3711 699 3767 incarnationem
710 3712 794 3767 Verbi
807 3729 939 3770 noncon·
988 3714 1103 3766 vocetur
1119 3711 1150 3765 in
1171 3710 1294 3781 irritum,
1308 3717 1337 3767 et
1351 3713 1401 3784 qui
1413 3713 1556 3770 ordinavit
1570 3731 1676 3771 annuae
1690 3726 1772 3770 exau·

122 3802 226 3875 veniat,
240 3808 308 3860 tunc
329 3804 541 3861 celebritatibus
562 3804 722 3876 praedicari,
739 3806 854 3877 quando
869 3822 938 3861 con·
988 3802 1173 3858 municationi
1185 3804 1339 3876 subjaceat,
1351 3822 1416 3877 qua
1430 3823 1495 3862 vero
1509 3807 1604 3863 ablata
1617 3809 1728 3864 fortasse
1734 3804 1774 3860 fre

123 3900 179 3953 stat
202 3897 327 3969 idipsum
347 3901 412 3970 post
434 3902 560 3954 mortem
584 3897 677 3954 carnis
698 3898 788 3970 gloria
810 3915 937 3954 resurre-
988 3897 1056 3963 rint,
1071 3895 1106 3950 ab
1120 3913 1153 3951 eo
1168 3896 1218 3968 qui
1230 3898 1295 3952 tulit
1306 3897 1465 3953 reddantur
1478 3899 1508 3954 in
1522 3900 1655 3972 duplum.

122 3989 340 4061 ctiouisattolli;
354 3990 419 4047 ideo
440 3991 556 4063 speciali
577 3991 779 4047 constitutione
802 3992 937 4060 sancitur,
1024 3989 1067 4044 lV.
1092 3989 1167 4044 liene
1193 3989 1407 4063 perspiritum
1431 3992 1774 4065 uominipossumusem
1814 4042 1816 4047 .

123 4085 156 4138 ut
169 4086 235 4138 ante
246 4089 377 4139 octavum
391 4082 467 4139 diem
481 4100 537 4156 quo
552 4088 636 4139 natus
650 4088 692 4139 est
702 4083 849 4152 Dominus,
863 4084 940 4155 geni·
989 4086 1086 4137 sancto
1107 4082 1239 4155 Apostolo
1263 4083 1368 4152 dicere,
1389 4108 1403 4134 a
1425 4102 1485 4141 non
1506 4086 1644 4159 ignorare
1664 4104 1710 4143 vos
1723 4086 1775 4138 astu·

122 4173 201 4229 tricis
209 4191 323 4247 quoque
331 4176 392 4246 eJus
402 4176 461 4232 dies
471 4177 610 4232 habeatur
619 4175 819 4232 celeberrimus
833 4180 940 4248 etprae«
988 4175 1058 4231 tiam
1074 4176 1412 4249 Satanaetlldor.11,ft)
1430 4179 1527 4251 »quia
1547 4179 1775 4254 impellimursrt·

124 4266 230 4335 clams3
251 4284 287 4323 ex
299 4267 361 4339 pari
376 4268 453 4323 anim
466 4269 574 4324 honore
594 4272 714 4336 constat,
730 4273 763 4324 ut
780 4268 852 4325 sicut
865 4269 938 4325 nati·
988 4269 1016 4323 lo
1039 4269 1140 4323 domus
1161 4269 1210 4323 llei
1232 4269 1316 4340 (loca.
1334 4287 1362 4337 11,
1383 4270 1437 4341 ll),
1457 4293 1471 4321 »
1493 4274 1522 4328 et
1546 4273 1648 4330 ardore
1671 4266 1772 4329 mamad·

123 4360 242 4416 vitatem
256 4360 318 4416 filii
332 4360 514 4433 sequentium
536 4361 647 4418 dierum
665 4361 827 4434 insequitur
849 4362 940 4435 digni·
988 4361 1122 4416 Videmus
1134 4361 1212 4416 enim
1225 4361 1348 4418 adtenta
1359 4363 1490 4419 fraudum
1506 4365 1600 4422 studia
1612 4366 1777 4422 consueue-

123 4456 176 4522 tas,
190 4454 230 4510 ita
242 4454 426 4511 festivitatem
438 4454 538 4511 matris
552 4458 596 4511 tot
615 4454 725 4511 dierum
747 4457 881 4526 sequatur
896 4472 938 4510 sa·
949 4473 979 4546 D
990 4457 1048 4509 tem
1070 4454 1224 4510 excrevisse
1244 4455 1413 4527 perniciem,
1433 4461 1465 4512 ut
1487 4462 1517 4513 et
1536 4459 1672 4530 primaeva
1688 4459 1778 4514 num

123 4564 172 4603 cra
190 4547 366 4605 solemnitas.
389 4550 459 4604 Nam
479 4547 548 4622 quid
570 4548 675 4604 festum
700 4548 799 4604 matris
823 4554 866 4604 est
886 4548 941 4605 nisi
991 4546 1187 4603 constitution
1206 4547 1377 4619 quibusdam
1403 4549 1563 4606 estimetur
1577 4551 1668 4621 illudi,
1680 4553 1707 4608 et
1722 4558 1778 4603 novt

124 4640 281 4699 incarnatio
297 4641 402 4699 Verbi?
423 4642 508 4716 Cujus
529 4643 634 4699 festum
656 4642 696 4697 ita
719 4642 802 4698 debet
819 4658 880 4698 esse
899 4658 942 4698 so·
986 4638 1119 4711 judicum
1144 4644 1260 4712 putetur
1282 4640 1403 4697 intentio
1424 4642 1499 4714 pelli.
1525 4644 1599 4700 Nam
1624 4642 1779 4701 invenimur

124 4733 231 4802 lemae,
247 4735 320 4790 sicut
333 4740 385 4806 est,
401 4741 434 4792 ut
447 4736 575 4808 ejusdem
589 4735 746 4791 nativitatis
759 4735 852 4792 Verbi.
862 4736 941 4801 Quod
991 4733 1136 4788 nonnullae
1147 4733 1240 4789 riduoe
1252 4733 1368 4789 diversis
1381 4735 1648 4794 excusationibusse
1657 4738 1779 4793 adeoeor·

124 4829 230 4894 tamen,
244 4843 296 4883 nec
318 4829 377 4885 sine
399 4830 529 4901 exemplo
550 4829 677 4885 decentis
700 4828 801 4898 moris,
822 4829 872 4901 qui
890 4845 942 4901 per
991 4829 1128 4899 tegentes,
1142 4831 1173 4882 ut
1192 4827 1376 4883 blandiantur
1388 4828 1442 4884 sihi
1464 4845 1493 4884 se
1508 4846 1569 4885 non
1586 4832 1699 4889 ranam
1714 4825 1777 4899 litt11⁸

125 4917 251 4974 diversas
264 4921 364 4975 mundi
382 4926 477 4992 partes
498 4921 675 4994 dignoscitur
696 4921 851 4990 observari,
864 4921 942 4977 vide·
990 4919 1275 4992 religionisalligatas
1285 4921 1465 4977 institutione
1475 4924 1580 4978 teneri.
1594 4923 1672 4979 Unde
1679 4911 1778 4988 mtiqrit

124 5016 172 5066 tur
189 5011 311 5068 institui.
334 5015 364 5068 ln
387 5013 483 5069 multis
508 5014 605 5086 itaque
628 5014 757 5069 Ecclesiis
774 5031 791 5070 a
808 5015 891 5071 nohis
913 5019 942 5071 et
990 5013 1158 5069 inconcusse
1173 5014 1528 5087 permanentibusrcgulis
1544 5015 1775 5088 hocsqicitornr
1810 5000 1816 5059 ’ἱ

125 5105 214 5178 spatio
227 5105 356 5175 remotis,
372 5110 400 5161 et
410 5106 502 5174 terris,
511 5107 557 5162 hic
566 5123 628 5163 mos
640 5107 802 5179 agnoscitur
814 5107 940 5179 retineri,
990 5122 1033 5161 va
1045 5106 1157 5162 oraculo
1170 5105 1336 5176 sanctionis,
1346 5112 1379 5162 ut
1388 5107 1483 5174 vidua,
1497 5124 1562 5180 ques
1575 5113 1680 5165 sanctae
1690 5098 1774 5172 religia

124 5198 245 5270 proinde
259 5201 292 5254 ut
303 5197 338 5253 de
352 5201 455 5255 cratero
471 5198 610 5271 quidquid
621 5204 664 5256 est
675 5200 794 5256 dubium
804 5200 841 5255 sit
850 5218 942 5258 remo·
991 5199 1035 5255 nis
1058 5199 1186 5256 obtinere
1207 5199 1385 5272 propositum
1405 5201 1540 5271 soluerit,
1555 5200 1695 5258 sacerdoti
1707 5201 1728 5253 et
1737 5186 1772 5247 rt

123 5296 197 5361 tum,
209 5291 375 5347 solemnitas
384 5291 538 5349 bominioe
551 5292 653 5349 matris
664 5293 709 5349 die
720 5293 831 5349 decimo
842 5294 941 5366 quinto
990 5294 1080 5349 nistro
1092 5292 1127 5348 ad
1142 5309 1229 5365 quem
1252 5297 1301 5348 aut
1322 5293 1383 5364 ipsa
1407 5293 1525 5363 venerit,
1543 5298 1593 5350 aut
1614 5310 1697 5367 mem
1714 5286 1770 5344 adse

123 5386 318 5442 Kalendarum
331 5385 534 5442 lanuariarum
545 5384 712 5443 omnimodo
727 5386 895 5456 celebretur,
912 5391 942 5443 et
989 5386 1087 5442 venire
1108 5387 1268 5458 contigerit,
1285 5385 1396 5458 scriptis
1417 5385 1624 5458 professionem
1647 5385 1720 5442 faciat
1731 5382 1769 5431 ast

122 5479 255 5536 nativitas
271 5478 334 5536 Filii
356 5478 418 5551 ejus
435 5478 589 5536 Salvatoris
613 5479 764 5536 postridie
778 5482 875 5536 octavo
891 5481 940 5536 lta-
989 5484 1039 5535 aut
1055 5479 1148 5550 signo,
1165 5482 1213 5533 aut
1233 5478 1437 5550 subscriptione
1453 5481 1597 5550 nemum,
1611 5473 1770 5536 meander

122 5572 272 5630 landarum
296 5573 475 5646 earumdem,
497 5573 569 5631 sicut
595 5590 657 5630 mos
680 5576 731 5642 est,
755 5572 889 5630 solemnis
908 5574 940 5631 in
989 5576 1059 5628 sset
1072 5572 1219 5645 religionis
1241 5573 1419 5645 propositum
1432 5571 1569 5630 vellcboc
1583 5562 1772 5646 pammatii·

124 5665 258 5724 omnibus
279 5666 429 5727 habeatur.
988 5665 1090 5723 violate
1112 5682 1233 5723 servare.
1248 5667 1326 5722 Tunc
1346 5670 1461 5738 accepta
1480 5682 1499 5721 a
1518 5665 1668 5723 sacerdota
1688 5652 1775 5744 aaut

145 5758 178 5813 11.
206 5759 412 5835 Freqrrentiom
439 5759 636 5820 molestiarum
661 5776 765 5818 nocens
794 5761 935 5837 impulsus
987 5760 1153 5835 nistroapts
1167 5758 1313 5834 religionis
1332 5759 1417 5831 bnjus
1448 5762 1526 5816 veste
1545 5775 1598 5816 seu
1618 5760 1720 5819 lectulo
1736 5747 1782 5829 quit
