3870 6150
77 254 80 259 '
142 272 167 326 n
749 266 984 325 neemanim
1003 265 1196 324 concerno.
1778 277 1812 330 ee

136 378 207 445 dices,
228 379 258 431 et
278 375 406 448 pericula
429 374 576 430 minantur
597 379 625 431 et
648 379 764 431 mortes.
787 375 945 431 bithalassa
953 389 985 463 Α
994 391 1096 430 navem
1109 374 1160 430 ubi
1176 356 1322 431 mercedes
1337 379 1366 431 et
1377 375 1497 448 praemia
1511 393 1564 449 pro
1577 378 1708 434 omnium
1721 381 1813 437 salute

132 485 186 525 vero
218 469 295 539 loca,
316 485 384 543 quae
407 467 567 541 duplicibus
587 467 675 524 undae
696 468 804 525 fallacis
828 467 944 524 aestibm
994 466 1139 539 suscipies,
1152 465 1176 522 si
1191 465 1236 522 hic
1251 483 1303 539 pro
1323 468 1454 524 omnium
1473 468 1666 528 incolumitate
1679 471 1813 545 vigilave-

127 563 319 630 verborantur,
342 561 437 618 dubiis
458 565 554 618 mente
575 565 605 618 et
628 560 665 618 de
689 560 945 634 repromissionum
993 559 1043 616 ris.
1056 562 1155 632 ltaque
1167 558 1191 613 si
1206 563 1234 615 tc
1251 560 1335 615 multi
1356 577 1372 616 e
1392 561 1527 618 iratribus
1546 568 1664 635 propter
1683 565 1811 637 rigorem

124 655 241 712 veritate
277 654 446 711 nutantibus
482 655 675 722 conterantur,
703 661 788 728 atque
818 655 864 710 his
893 654 944 727 qui
989 653 1107 724 justitie
1122 653 1185 708 odio
1198 652 1358 720 habuerint,
1374 654 1604 728 exhocquidem
1618 672 1676 711 non
1688 657 1810 731 laederis,

121 747 312 805 irrationabili
334 747 422 804 fidem
447 752 577 804 nostram
604 747 715 803 ratione
743 747 942 803 discutiuntur.
992 747 1043 802 sed
1057 745 1268 817 exhujusmodi
1288 745 1360 802 odiis
1379 762 1462 802 amor
1477 746 1528 803 tibi
1541 747 1737 805 conciliabitur
1750 751 1809 808 Dei.

120 841 283 914 llypocritae
295 857 373 912 vero,
389 847 419 897 et
432 840 523 897 dolosi
537 840 636 913 piratis
654 840 760 896 similes
774 840 942 896 habeantur.
992 839 1028 893 Et
1040 837 1104 895 idco
1118 843 1215 911 satage
1229 839 1324 910 magis
1343 843 1372 894 et
1392 839 1492 911 refuge
1510 856 1547 896 ne
1567 840 1692 898 lauderis
1706 841 1741 897 ab
1754 841 1810 898 ini-

119 937 176 991 tam
185 951 260 990 vero
272 933 390 1006 rapidus
398 939 540 1004 vertex,et
548 937 673 989 tartarea
682 933 944 1005 Carybdis,etsaxis
993 932 1066 1003 quis,
1081 935 1112 987 et
1123 947 1159 988 ne
1172 947 1189 986 a
1200 930 1321 1004 pessime
1335 932 1487 1003 agentibus
1496 933 1632 1005 diligaris,
1643 935 1693 990 sed
1703 934 1810 1007 potius,

121 1027 188 1082 illisa
208 1027 378 1099 nammgin,
398 1043 431 1082 ac
458 1026 614 1083 mortiferae
639 1026 854 1096 subversiones,
874 1024 944 1098 quid
992 1028 1109 1097 propter
1119 1024 1239 1096 justitiae
1257 1024 1500 1096 dispensationem
1515 1028 1544 1081 et
1558 1025 1750 1098 aequissimam
1762 1044 1809 1083 re-

121 1120 193 1175 atiud
211 1119 382 1176 aestimanda
396 1124 472 1188 sunt,
486 1136 572 1192 quam
586 1120 725 1190 peccatat
744 1120 840 1174 Restat
854 1118 944 1190 igitur
993 1117 1091 1190 gulam
1115 1117 1283 1190 disciplinae,
1307 1135 1324 1172 a
1347 1116 1458 1174 Christo
1481 1118 1637 1176 collaudari
1662 1120 1809 1177 merearis.

121 1219 146 1269 ut
158 1214 226 1269 haec
240 1213 323 1269 navis
336 1229 420 1268 cursu
433 1229 569 1286 prospero
583 1217 644 1269 tuta
662 1212 750 1284 possit
762 1215 879 1284 portum
891 1212 941 1267 de'-
992 1213 1049 1266 llac
1062 1228 1127 1266 cum
1140 1209 1257 1266 dixisset
1278 1216 1307 1266 et
1325 1211 1370 1266 his
1390 1211 1494 1266 similia
1507 1212 1729 1285 quamplurima,
1744 1230 1808 1271 rur·

123 1307 251 1362 siderate
260 1306 343 1362 urbis
355 1306 472 1373 intrare,
483 1305 523 1361 ita
538 1307 595 1362 beo
607 1321 725 1378 precem
737 1304 858 1362 tundere
873 1321 940 1360 con·
992 1320 1056 1360 sum
1070 1303 1225 1376 respiciens
1238 1304 1274 1359 ad
1286 1305 1437 1376 populum,
1449 1303 1541 1360 dixit:

124 1399 203 1468 venit,
215 1404 249 1456 ut
261 1398 432 1470 navigantes
444 1401 612 1454 mereantur
621 1397 723 1454 audiri.
734 1397 834 1454 Audiri
846 1402 942 1454 autem
1028 1396 1083 1454 Sed
1093 1400 1123 1452 et
1132 1397 1359 1465 vos,charissimi
1368 1397 1479 1465 trahes,
1489 1402 1519 1454 et
1529 1401 1657 1455 conservi
1666 1400 1809 1472 mei,huic

126 1493 206 1548 abeo
221 1492 264 1547 ila
278 1492 396 1548 demum
409 1488 566 1548 merebitur
579 1491 652 1563 quis,
667 1491 690 1545 si
705 1491 847 1547 orationes
861 1490 940 1563 ipsae,
992 1490 1042 1562 qui
1051 1488 1626 1562 proesidetvobisedveritatemdocendam
1635 1492 1666 1547 in
1676 1494 1810 1550 omnibus

125 1586 198 1641 bonis
209 1586 345 1641 moribus
357 1590 386 1641 et
397 1585 479 1640 bonis
492 1584 626 1657 operibus
639 1585 820 1656 adjuventur.
991 1583 1112 1640 obedite.
1131 1581 1255 1639 Scientes
1268 1583 1346 1654 quod
1367 1583 1390 1638 si
1411 1584 1475 1656 quis
1494 1584 1571 1641 hunc
1590 1585 1809 1655 contristaverit,

152 1679 208 1737 Sed
220 1682 291 1735 ante
306 1679 415 1748 omnia,
429 1686 495 1734 cum
509 1679 603 1749 quiete
625 1682 654 1733 et
675 1677 787 1733 silentio
807 1676 940 1749 epibatae,
991 1675 1230 1748 Christum,quiei
1236 1675 1357 1731 docendi
1366 1676 1487 1732 credidit
1495 1677 1731 1749 cathedram,non
1740 1681 1811 1736 reci-

126 1774 148 1830 id
162 1777 214 1840 ast,
227 1771 296 1828 iaici
307 1773 339 1827 in
361 1773 420 1828 suis
439 1771 636 1844 unusquisqne
650 1770 793 1827 resideant
809 1770 889 1838 locis,
904 1786 941 1826 ne
951 1755 980 1829 B
991 1769 1351 1842 pit,etquiChristumnon
1361 1771 1524 1843 susceperit,
1535 1772 1689 1828 neclleum
1698 1778 1808 1844 patrem

127 1868 191 1923 torte
209 1883 265 1939 per
282 1864 523 1938 inquietudinem,
544 1868 573 1920 et
591 1864 751 1920 inconditos
769 1863 940 1936 inutilesque
991 1862 1145 1934 suscepisse
1155 1862 1333 1934 judicabitur
1344 1864 1415 1934 (lac.
1430 1880 1467 1932 vx,
1481 1864 1538 1936 48).
1553 1866 1587 1921 nt
1601 1863 1667 1921 ideo
1682 1882 1735 1922 nec
1748 1867 1809 1939 ipse

127 1942 275 2027 decursus,
288 1959 313 2013 si
328 1958 432 2032 passim
451 1958 549 2030 vagari
568 1957 715 2031 coeperint,
730 1958 774 2012 vel
792 1957 828 2012 ab
847 1956 941 2012 officio
990 1955 1157 2027 suscipietur
1178 1955 1208 2010 in
1230 1971 1321 2027 regno
1341 1956 1488 2013 coelorum.
1507 1958 1624 2029 Propter
1645 1960 1722 2030 quod
1744 1961 1810 2017 satis

128 2070 176 2109 sno
188 2058 288 2109 nautas
303 2052 473 2125 impediant,
486 2052 530 2108 vel
545 2051 576 2106 in
594 2052 716 2108 alterum
736 2051 819 2120 latus,
834 2067 885 2122 per
896 2049 941 2105 in·
992 2049 1078 2121 agite,
1092 2049 1130 2105 ad
1144 2065 1262 2105 omnem
1275 2049 1425 2106 collectam
1433 2052 1684 2123 congregationem
1693 2069 1810 2126 semper

128 2146 317 2220 quietudinem
329 2161 444 2216 eorum,
458 2145 537 2201 navis
551 2161 648 2217 pressa
663 2143 854 2216 demergatur.
869 2145 942 2201 Nau·
992 2142 1152 2212 convenite,
1177 2144 1210 2196 ut
1231 2158 1290 2197 non
1314 2143 1390 2199 velut
1410 2144 1589 2215 negligentes
1611 2148 1641 2199 et
1662 2145 1773 2201 desides
1793 2163 1811 2202 a

128 2240 211 2312 tologi
238 2239 273 2294 de
298 2237 480 2295 mercedibus
507 2241 708 2294 commoneant
735 2241 764 2292 et
788 2235 860 2293 nihil
877 2252 941 2292 om·
988 2234 1086 2307 judice
1115 2234 1226 2290 Christo
1250 2234 1493 2291 condemnemini.
1519 2237 1726 2294 Convenientes
1744 2255 1811 2295 vero

128 2333 189 2388 nino
201 2332 282 2405 qnod
293 2331 330 2388 ad
343 2331 534 2402 diligentiam,
548 2331 593 2386 vel
607 2330 644 2387 ad
657 2328 840 2402 disciplinam
852 2329 941 2402 perti-
991 2328 1478 2402 sapeadClementem,dateomnes
1488 2345 1605 2401 operam
1614 2331 1738 2404 proipso
1747 2348 1812 2388 seu·

129 2432 171 2482 net
183 2425 296 2482 diaconi
308 2424 467 2496 negligant,
481 2423 640 2497 presbyteri
651 2423 832 2479 velutnautae
844 2427 944 2497 aptent
992 2422 1056 2493 tire,
1070 2424 1099 2477 et
1123 2437 1236 2476 summo
1258 2421 1352 2477 studio
1373 2422 1501 2479 levorem
1518 2439 1620 2479 verum
1633 2440 1703 2497 erga
1715 2425 1810 2498 ipsum

129 2519 233 2590 singula
259 2517 296 2574 ad
321 2517 540 2573 instructionem
564 2517 644 2573 navis
666 2515 819 2587 diligenter
845 2520 874 2572 et
898 2515 941 2571 in·
992 2514 1166 2586 dependere,
1181 2514 1302 2570 scientes
1323 2514 1392 2587 quia
1408 2518 1526 2587 propter
1546 2516 1675 2588 singulos
1689 2533 1740 2573 vos
1756 2519 1812 2591 ipsi

130 2617 230 2668 iuuant
244 2627 311 2684 qnae
323 2610 353 2665 in
369 2627 421 2666 suo
441 2614 571 2682 tempore
592 2609 764 2683 requirenda
784 2612 862 2665 sunt.
876 2608 941 2681 Epi·
992 2607 1085 2680 magis
1098 2608 1152 2663 soli
1165 2606 1282 2663 irifestat
1295 2607 1425 2662 inimicus
1440 2612 1470 2664 et
1483 2607 1585 2680 inipso
1598 2609 1709 2681 majora
1721 2612 1808 2666 susci-

130 2701 830 2778 soopns‚tanquamproreta,vigilanterctsollicite
841 2702 944 2775 guber·
992 2705 1034 2757 tat
1048 2701 1133 2757 bella.
1147 2701 1268 2773 Oportet
1293 2717 1362 2772 ergo
1380 2716 1429 2756 vos
1450 2717 1563 2757 summo
1585 2702 1678 2758 studio
1703 2703 1766 2772 niti,
1780 2709 1811 2760 ut

131 2799 228 2854 nilons
248 2798 336 2853 verbe
358 2796 501 2853 custodiat
522 2796 637 2852 Christi.
651 2795 777 2853 Salvator
795 2795 942 2863 Dominus,
993 2795 1072 2850 omni
1094 2811 1165 2866 erga
1178 2794 1261 2850 illum
1272 2792 1504 2850 vinculoemoris
1522 2795 1628 2865 innexi,
1643 2795 1809 2868 plenissimo

131 2892 302 2964 gubernator
317 2890 449 2946 Ecclesia
461 2906 530 2959 suae,
543 2889 680 2962 diligatur
697 2889 732 2945 ab
756 2890 900 2957 omnbus,
915 2891 945 2944 et
993 2904 1062 2960 erga
1082 2904 1150 2944 eum
1173 2887 1336 2944 inhaereatis
1356 2887 1469 2943 affectu.
1492 2887 1548 2944 Sed
1569 2893 1599 2945 et
1619 2905 1669 2945 vos
1697 2906 1811 2963 quoque

130 2985 208 3057 ipsius
232 2984 324 3041 solius
344 2982 496 3056 preceptis
515 3000 549 3039 ac
565 2982 652 3056 jussis
673 2983 769 3039 credat
782 2987 812 3039 et
830 2981 945 3038 obediat
992 2981 1047 3054 ipsi
1058 2981 1210 3037 unanimes
1223 2981 1253 3036 in
1266 2981 1346 3036 omni
1358 2980 1511 3038 concordia
1524 2983 1677 3055 perdurate
1693 3001 1750 3056 quo
1767 2985 1810 3039 ia·

131 3078 212 3135 omnis
223 3079 361 3134 Ecclesia.
376 3078 435 3132 lieo
450 3093 564 3150 qnoque
586 3075 783 3133 indesinenter
800 3075 942 3148 supplice·
954 3122 982 3198 C
993 3074 1074 3131 cilius
1092 3075 1178 3132 etiarn
1199 3075 1239 3130 illi
1260 3074 1376 3131 obedire
1399 3091 1500 3133 omnes
1511 3076 1619 3148 pariter
1630 3092 1771 3133 consensu
1783 3083 1813 3134 et

130 3172 316 3228 taracunctis
325 3171 362 3228 de
371 3171 558 3244 prosperitate
568 3171 770 3239 ventorum,ut
779 3169 945 3241 navigantes
995 3168 1181 3225 unanimitate
1203 3168 1326 3240 possitis.
1349 3170 1468 3241 Propter
1481 3169 1558 3241 quod
1581 3174 1610 3226 et
1628 3187 1677 3226 vos
1690 3171 1811 3227 salutem

131 3281 238 3321 omnem
254 3264 470 3322 tribulatimem
481 3268 510 3319 et
525 3279 612 3320 omne
626 3263 787 3336 periculum
799 3265 943 3334 superent,
994 3260 1138 3334 consequi,
1152 3265 1181 3318 et
1203 3261 1250 3317 ille
1271 3261 1359 3334 possit
1382 3261 1646 3334 obtemperantibus
1666 3261 1720 3319 sibi
1733 3264 1813 3320 vobis

132 3362 262 3433 tanquam
281 3359 313 3414 in
332 3374 412 3415 mare
426 3357 602 3430 protundum
620 3357 723 3413 mundi
736 3357 817 3413 istius
830 3360 860 3411 et
880 3355 945 3412 vitoe
994 3355 1154 3427 promptius
1167 3354 1292 3427 impositi
1302 3355 1398 3411 oneris
1411 3356 1522 3428 pondus
1533 3357 1664 3413 evehere.
1675 3358 1812 3423 Quosdam

131 3451 257 3509 tumme
268 3453 388 3525 pelagus
401 3453 577 3524 navigantes,
588 3451 618 3506 in
628 3466 687 3524 quo
702 3450 886 3508 esuriendum
898 3450 944 3517 sit,
995 3465 1029 3504 er
1041 3448 1120 3504 vobis
1133 3447 1218 3504 etiam
1236 3447 1304 3520 ipsis
1322 3448 1483 3521 intelligere
1504 3449 1624 3518 debetis,
1640 3449 1663 3504 si
1675 3466 1732 3522 qua
1744 3450 1811 3519 sint,

131 3547 333 3613 audendum,
348 3547 510 3602 nuditatem
524 3561 640 3618 quoque
657 3545 818 3614 terendam,
831 3544 946 3600 morbos
996 3541 1133 3614 quaeipse
1146 3546 1265 3614 propter
1277 3541 1395 3598 insidias
1415 3542 1565 3598 hominum
1586 3543 1731 3600 malorum
1752 3560 1812 3600 non

132 3640 210 3696 mam
230 3639 372 3713 corporis,
392 3643 422 3695 ct
444 3638 629 3711 egritudines
644 3639 814 3695 tolerandas.
828 3639 946 3711 insuper
995 3637 1089 3706 potest
1100 3634 1257 3691 evidentius
1267 3639 1297 3689 et
1310 3635 1488 3691 manifestius
1501 3637 1633 3709 proloqui
1640 3655 1650 3709 ;
1663 3638 1742 3695 verbi
1751 3654 1814 3710 gra·

132 3738 155 3789 et
181 3734 334 3789 hominnm
353 3731 475 3802 insidiis,
496 3749 529 3788 ec
552 3732 618 3789 dolo
643 3748 719 3805 saepe
749 3731 944 3800 laborandum,
994 3727 1045 3795 tia,
1059 3727 1083 3781 si
1097 3726 1229 3782 inimicus
1242 3732 1286 3782 est
1299 3728 1384 3783 alicui
1397 3729 1555 3798 malorum,
1568 3745 1621 3801 pro
1634 3730 1743 3787 actibus
1755 3729 1813 3787 suis

131 3826 229 3900 quippe
241 3826 293 3900 qni
307 3825 514 3899 dispergendos
531 3843 562 3882 se
577 3842 785 3898 nonnunquam
799 3824 944 3893 noverint,
995 3836 1045 3876 vos
1057 3820 1145 3876 nolite
1159 3823 1322 3892 exspectare
1336 3825 1368 3876 ut
1383 3820 1444 3892 ipse
1459 3821 1538 3877 vobis
1558 3822 1633 3878 dicat
1653 3840 1719 3880 cum
1740 3824 1811 3898 illo:

130 3921 172 3975 sed
184 3919 343 3992 aliqnando
356 3918 444 3976 etiarn
457 3920 684 3992 congregandos,
696 3918 819 3975 vomitus
831 3934 945 3992 quoque
995 3913 1088 3970 Nolite
1101 3913 1184 3970 amici
1198 3929 1269 3969 esse.
1286 3913 1342 3969 Sed
1360 3911 1521 3986 prudenter
1537 3914 1686 3972 observare
1704 3915 1814 3973 debetis

130 4013 360 4086 dangihah'ones
369 4013 511 4084 serendas,
521 4029 587 4068 cum
597 4030 631 4068 ex
639 4012 804 4069 contusione
813 4017 944 4084 peceato·
996 4013 1025 4065 et
1038 4007 1176 4064 voluntati
1191 4008 1253 4080 ejus
1266 4007 1373 4080 absque
1388 4007 1649 4065 communicatione
1662 4009 1813 4066 observare

130 4121 201 4175 rum,
210 4111 241 4163 et
249 4106 406 4178 rejectione
418 4105 582 4175 criminum,
593 4106 671 4162 velut
680 4107 755 4162 male
767 4105 946 4178 congregatis
996 4105 1025 4158 et
1039 4106 1167 4158 evenere
1180 4118 1229 4157 vos
1242 4101 1277 4156 ab
1290 4117 1323 4157 eo
1340 4101 1386 4157 cui
1407 4101 1503 4174 ipsum
1523 4101 1632 4158 sentitis
1653 4103 1812 4161 adversum.

129 4199 155 4254 in
174 4199 332 4255 visceribus
353 4199 438 4268 fellis,
460 4200 572 4271 jactura
598 4199 729 4256 facienda
750 4204 803 4270 est,
826 4202 855 4254 et
874 4199 945 4270 abji·
996 4194 1051 4251 Sed
1065 4210 1117 4251 nec
1125 4196 1205 4267 loqui
1218 4195 1262 4250 his
1273 4195 1378 4267 quibus
1389 4195 1448 4267 ipse
1462 4211 1520 4252 non
1532 4197 1668 4269 loquitur,
1681 4202 1712 4254 ut
1723 4214 1812 4254 uuus·

128 4293 226 4348 cienda
247 4301 366 4365 prorsus
377 4308 393 4349 e
405 4293 491 4349 corde
506 4292 599 4349 omnis
611 4293 781 4349 intrinsecus
798 4308 863 4365 qum
876 4292 947 4348 latet
995 4289 1117 4361 quisque
1140 4289 1190 4360 qui
1210 4289 1240 4344 in
1263 4289 1345 4361 culpa
1364 4292 1415 4357 est,
1431 4290 1502 4345 dum
1522 4290 1600 4362 cupit
1622 4291 1752 4348 omnium
1765 4308 1813 4349 ve·

131 4386 287 4442 amaritudo
313 4386 432 4458 peccati,
452 4386 476 4441 si
495 4403 551 4459 qua
568 4386 643 4444 sorte
667 4403 703 4443 ex
726 4384 872 4442 desideriis
891 4384 945 4440 ini·
996 4389 1088 4440 strum
1109 4384 1246 4439 amicitias
1260 4385 1346 4452 terre,
1359 4384 1473 4442 festinet
1492 4385 1573 4441 citius
1592 4388 1769 4444 reconciliari
1789 4390 1814 4444 ei

133 4480 190 4551 quis
203 4479 282 4536 velut
294 4495 329 4535 ex
341 4479 518 4535 cibis‘noxiis
530 4483 705 4553 congregata
720 4484 773 4536 est.
785 4478 879 4545 Quam
893 4479 985 4569 nti-D
996 4479 1047 4550 qui
1056 4477 1191 4534 omnibus
1201 4480 1316 4550 praeest,
1330 4482 1359 4534 et
1369 4495 1421 4550 per
1433 4479 1489 4535 hoc
1500 4479 1599 4536 redeat
1611 4480 1647 4536 ad
1657 4480 1777 4538 salutem
1787 4486 1816 4538 et

132 4586 182 4644 que
191 4589 256 4628 cnm
268 4571 498 4644 euomueritquis
509 4576 538 4629 et
546 4572 691 4645 abjecerit,
700 4571 823 4645 ihgentis
833 4571 947 4644 aegritu·
997 4571 1149 4627 sanimtem
1158 4587 1224 4627 cum
1235 4570 1352 4627 obedire
1366 4571 1484 4646 coeperit
1496 4572 1612 4628 monitis
1623 4574 1814 4645 praesidentis.

134 4663 202 4721 dinis
211 4665 382 4722 liberabitur
390 4665 501 4734 morbo,
512 4665 535 4722 si
544 4671 640 4723 umen
648 4671 713 4739 post
723 4666 871 4737 vomitum,
882 4681 948 4738 quae
997 4665 1026 4722 Si
1039 4680 1105 4722 vero
1119 4665 1183 4737 quis
1195 4665 1306 4720 amicus
1327 4665 1414 4721 suerit
1434 4665 1479 4720 his
1500 4666 1604 4738 quibus
1626 4667 1687 4739 ipse
1706 4668 1815 4724 anricus

134 4757 167 4812 ad
179 4759 331 4815 sanitatem
342 4759 497 4832 pertinent,
510 4765 614 4816 sumat.
997 4776 1057 4814 non
1071 4762 1123 4826 est,
1139 4762 1168 4815 et
1187 4758 1296 4815 locutus
1309 4758 1395 4814 luerit
1409 4775 1475 4815 cum
1497 4760 1541 4815 his
1558 4760 1663 4833 quibus
1681 4761 1741 4833 ipse
1757 4778 1817 4819 non

166 4853 367 4909 Vemmtamen
395 4852 493 4909 scitote
519 4853 614 4909 cuncti
637 4854 713 4926 qnod
741 4870 826 4925 snpra
849 4867 948 4909 omnes
996 4852 1284 4925 loquitur,unusest
1303 4852 1409 4923 etipse
1431 4868 1466 4907 ex
1484 4853 1606 4926 illisqui
1623 4853 1816 4912 exterminare

135 4960 178 5000 res
200 4945 309 5002 laboret
333 4945 481 5019 episcopus
506 4946 574 5020 quia
599 4946 798 5020 unusquisqne
821 4950 947 5003 vestrum
997 4946 1088 5002 voluit
1116 4945 1269 5002 Ecclesiam
1296 4946 1357 5015 llei,
1382 4950 1411 5001 et
1437 4963 1502 5002 eum
1524 4964 1640 5021 corpore
1671 4950 1816 5006 vobiscum

136 5053 214 5094 mum
226 5039 353 5095 laborem
365 5039 431 5108 lert,
441 5039 489 5096 ille
498 5055 565 5095 vero
575 5044 604 5096 et
615 5056 709 5110 suum,
720 5044 750 5097 et
759 5040 946 5113 singulorum.
998 5055 1059 5096 esse
1079 5040 1221 5105 videatur,
1236 5043 1332 5095 mente
1356 5045 1385 5096 et
1407 5039 1504 5097 animo
1526 5046 1623 5097 contra
1643 5059 1691 5098 vos
1715 5047 1768 5100 est.
1784 5046 1817 5100 Et

136 5131 248 5204 Propter
271 5133 360 5206 qnod,
385 5149 402 5188 o
422 5133 564 5202 Clemens,
585 5138 724 5207 tanquam
746 5134 794 5206 qui
816 5133 949 5190 omnibus
999 5134 1091 5189 multo
1103 5138 1147 5189 cst
1159 5132 1282 5205 nequior
1291 5133 1381 5189 hostis
1391 5135 1438 5196 hie
1451 5136 1588 5207 quamilli
1602 5136 1815 5210 quitorissunt,

136 5225 264 5296 prodesse
273 5231 303 5282 te
313 5226 427 5283 noveris
439 5226 579 5299 singulos,
589 5231 675 5299 prout
684 5228 819 5300 potueris,
829 5228 909 5301 juva,
921 5232 950 5284 et
999 5232 1028 5284 et
1042 5227 1189 5283 evidenter
1201 5226 1310 5283 inimici
1324 5232 1400 5296 sunt,
1417 5228 1463 5284 hic
1475 5229 1553 5286 enim
1566 5247 1618 5302 per
1628 5231 1816 5287 amicitiarum

136 5319 261 5391 singulos
271 5319 375 5389 mleva,
389 5320 438 5393 qui
456 5323 485 5376 et
505 5320 684 5393 singulorum
705 5338 787 5390 onus,
802 5325 832 5377 et
845 5321 948 5378 sollici·
999 5321 1125 5394 speciem
1135 5337 1199 5393 quae
1211 5320 1327 5378 inimica
1337 5326 1405 5378 sunt
1415 5323 1500 5395 gerit,
1511 5327 1540 5379 et
1549 5325 1700 5381 Ecclesiam
1710 5325 1816 5394 disper·

136 5413 260 5471 tudinem
274 5419 383 5486 portas.
398 5414 477 5470 Unde
494 5417 523 5470 et
534 5431 589 5487 ego
601 5430 679 5471 nunc
700 5416 773 5471 hanc
788 5415 839 5471 tibi
850 5414 949 5487 iujun·
1001 5414 1043 5487 git
1062 5431 1094 5470 ac
1107 5418 1205 5470 vastet.

137 5520 204 5577 gens
216 5507 470 5581 dispensationem,
487 5512 517 5564 et
531 5508 589 5564 scio
602 5508 670 5581 quia
686 5509 795 5582 accipio
815 5509 949 5582 gratiam,
1036 5510 1154 5564 Etcum
1176 5509 1232 5564 hoc
1256 5508 1372 5565 dixisset
1392 5509 1423 5565 in
1448 5510 1543 5567 medio
1564 5526 1660 5567 coram
1684 5509 1818 5568 omuibus

136 5601 223 5674 magis
235 5617 324 5674 qnam
342 5606 457 5677 presto.
471 5601 526 5659 Sed
540 5605 599 5659 esto
618 5603 773 5671 eonssdens,
788 5607 816 5659 et
838 5602 952 5658 fortiter
1000 5619 1103 5658 manus
1126 5602 1199 5658 mihi
1222 5602 1369 5675 imposuit,
1383 5608 1412 5659 et
1430 5605 1460 5659 in
1482 5603 1616 5659 cathedra
1635 5618 1685 5658 sua
1706 5604 1817 5675 ingenti

134 5693 234 5766 terens,
255 5699 351 5751 certus
374 5695 441 5768 quia
467 5695 571 5752 laboris
595 5696 638 5752 tui
661 5695 796 5752 meritum
819 5696 951 5770 recipies,
1001 5696 1173 5752 verecundia
1187 5696 1339 5768 fatigatum
1350 5696 1448 5752 sedere
1463 5713 1511 5765 me
1524 5695 1674 5767 compulit.
1688 5698 1816 5773 Cumque

134 5803 196 5845 cum
209 5788 247 5846 ad
260 5791 376 5862 portum
387 5789 502 5863 qnietis,
513 5788 686 5848 incolumem
699 5791 775 5848 hanc
789 5790 952 5864 provexeris
1002 5790 1146 5863 sedissem,
1160 5790 1221 5852 hee
1235 5790 1271 5847 ad
1286 5806 1334 5846 me
1347 5805 1461 5851 rursum
1475 5789 1586 5851 locutus
1600 5794 1661 5851 cst:
1678 5793 1819 5869 Deprecor
