3870 6150
59 312 63 325 ι
136 282 187 336 >ira

136 482 244 555 est‚qui
256 481 316 535 vice
333 480 532 551 episcoporum
546 495 591 534 res
605 478 806 533 ecclesiasticas
819 480 951 546 tractant,

575 267 719 332 terrun.
741 272 786 331 ΑΙ)
805 262 888 332 SAEC.
909 268 953 330 tx.
968 304 1002 315 -

173 389 268 444 XLt'tl.
291 389 346 441 Eos
369 402 439 458 quos
461 400 622 440 oeconomos
643 384 732 439 Graeci
753 388 875 450 vocant,
899 384 992 474 110οΑ

1017 272 1136 330 isthuut
1156 264 1370 328 usvaurhtais
1772 262 1824 325 tro

1003 383 1046 438 sia
1057 382 1249 438 anathematis
1260 380 1403 436 sententia
1417 380 1656 436 condemnentur.
1667 378 1730 432 Non
1742 378 1826 432 aliter

1004 476 1033 531 1ιί
1041 477 1117 548 quia
1123 474 1412 548 parentibusdetonsi
1419 474 1538 530 inerunt
1545 475 1594 528 aut
1602 469 1827 544 sponteamissis

135 578 207 632 sicut
216 577 316 630 sancta
326 573 452 646 synodus
462 573 700 629 Chalcedonensis
711 571 843 639 instituit,
853 587 953 625 omnes
1003 570 1167 641 parentibus
1186 569 1294 640 seipsos
1315 567 1450 639 religioni
1469 566 1654 633 devoverunt,
1674 569 1704 619 et
1725 567 1826 635 postca

135 670 282 742 episcopos
302 668 336 722 de
359 666 474 739 proprio
498 667 574 721 clero
597 665 633 720 ad
655 666 797 737 regendas
821 664 954 719 ccclesias
1002 664 1132 719 habitum
1141 663 1305 718 saecularem
1315 665 1546 733 sumpserunt,et
1556 658 1826 715 iidemasacerdotc

134 763 241 819 habere
266 764 387 834 oportet,
402 759 452 832 qui
466 764 562 814 autern
586 759 718 830 deinceps
737 757 951 829 contempserit,

135 857 277 912 obnoxius
291 854 421 926 ejusdem
435 854 534 926 magni
550 853 659 908 concilii
673 853 736 907 erit.

170 951 271 1007 xivtl.
288 948 457 1004 Monachum
478 953 528 1002 aut
548 950 665 1018 paterna
683 946 805 1014 dravotio,
821 949 870 1000 aut
884 962 951 1018 pro-

133 1044 195 1117 pria
218 1042 357 1115 professio
370 1040 448 1108 iacit,
463 1040 604 1113 quidquid
620 1040 723 1094 horum
743 1039 830 1094 suerit
851 1040 950 1110 alliga-

134 1143 197 1193 tum
214 1136 332 1203 tenebit,
348 1135 466 1207 proinde
482 1133 526 1188 his
540 1133 575 1188 ad
587 1133 728 1188 mundum
744 1132 951 1205 revertiUinter-

134 1230 275 1285 cludimus
298 1229 418 1298 aditum,
437 1231 465 1283 et
477 1243 576 1282 omnes
591 1228 626 1282 ad
650 1228 787 1282 sarculum
805 1226 952 1282 interdici-

137 1341 202 1379 mus
216 1339 371 1395 regressus.

1002 755 1200 827 comprehensi
1219 755 1255 810 ad
1269 756 1378 810 cultum
1392 753 1539 825 religionis
1552 759 1615 807 acta
1634 751 1716 823 prius
1733 750 1826 822 poeni-

1001 849 1092 906 tentia
1118 851 1297 905 revocentur.
1322 848 1404 913 Quod
1424 847 1448 902 si
1475 845 1600 902 converti
1621 861 1681 901 uon
1702 848 1826 916 possunt

1002 945 1078 998 velut
1090 946 1225 1014 apostata
1244 941 1435 997 anathematis
1451 938 1601 996 sententiae
1622 937 1820 1008 subjiciantur,

1003 1055 1067 1109 qnae
1090 1038 1183 1092 forma
1204 1036 1360 1092 servabitur
1385 1035 1471 1090 etiam
1494 1034 1524 1089 in
1546 1032 1648 1102 viduis,
1663 1030 1819 1103 virginibus

1002 1131 1097 1199 sacris,
1121 1147 1152 1184 uc
1173 1129 1375 1202 poenitentibus
1393 1128 1518 1195 leminis,
1531 1142 1597 1199 quas
1612 1123 1814 1181 sanctimonia-

1002 1226 1059 1279 lem
1074 1224 1201 1278 habitum
1223 1208 1388 1289 induerunt,
1403 1225 1432 1276 et
1451 1223 1549 1293 postea
1564 1223 1614 1275 aut
1626 1223 1739 1275 restem
1757 1233 1814 1273 ruu-

1002 1321 1144 1385 taverunt,
1160 1320 1210 1372 aut
1221 1317 1256 1372 ad
1269 1316 1384 1388 nuptias
1402 1315 1587 1370 transierunt.

169 1416 366 1472 ,1011010001
380 1416 428 1488 qui
443 1415 653 1471 monachorum
671 1414 847 1486 propositum
862 1430 950 1486 appe·
1038 1417 1089 1473 tv.
1111 1418 1171 1471 huo
1202 1419 1269 1470 sunt
1296 1430 1405 1486 genera
1428 1413 1593 1478 viduarum,
1616 1411 1767 1467 seaculares
1790 1413 1815 1465 et

133 1515 208 1581 tunt,
223 1511 290 1583 quia
304 1511 452 1566 meliorem
464 1510 552 1564 vitam
567 1510 645 1580 sequi
660 1508 779 1581 cupiunt
787 1507 902 1579 liberos,
912 1508 952 1562 eis
1001 1509 1241 1577 sanctimoniales,
1263 1509 1412 1564 saculares
1436 1507 1530 1562 viduae
1553 1509 1620 1561 sunt
1638 1521 1705 1577 quae
1728 1503 1814 1558 adhuc

132 1605 312 1677 abepiscopo
328 1605 358 1658 in
371 1603 541 1658 monasteris
556 1602 654 1674 largiri
669 1605 784 1673 oportet
796 1601 949 1673 ingressus,
1001 1603 1183 1676 disponentes
1202 1601 1312 1658 nubere
1333 1600 1464 1656 laicalem
1485 1600 1615 1655 habitum
1639 1613 1699 1652 non
1732 1597 1813 1668 depo-

133 1715 186 1753 nec
199 1696 328 1753 interdici
343 1695 522 1769 propositum
539 1712 638 1751 eorum
653 1695 701 1768 qui
714 1696 748 1750 ad
771 1693 949 1765 contempla·
1001 1701 1129 1764 suerunt,
1137 1694 1367 1752 sanctimoniales
1377 1698 1444 1749 sunt
1455 1694 1586 1766 quaejam
1597 1695 1710 1747 mutato
1720 1690 1814 1745 habitu

131 1791 217 1847 tionis
231 1790 403 1846 desiderium
417 1789 539 1846 transire
551 1789 694 1845 nituntur.
960 1780 988 1852 Β
1001 1790 1130 1846 soeculari
1142 1790 1194 1844 sub
1209 1788 1344 1861 religioso
1358 1788 1436 1844 cultu
1451 1788 1481 1842 in
1493 1789 1649 1858 conspectu
1661 1783 1816 1840 sacerdotis

168 1886 198 1940 L.
215 1884 383 1939 Nuntiatum
400 1888 441 1938 est
454 1883 588 1956 prasenti
604 1883 735 1954 concilio,
752 1881 873 1954 eoquod
887 1898 948 1936 nro·
1000 1889 1028 1940 et
1040 1883 1164 1941 ecclesiae
1176 1886 1379 1956 apparuerunt,
1389 1882 1434 1937 hee
1444 1881 1468 1936 si
1480 1881 1516 1936 ad
1524 1880 1640 1952 nuptias
1653 1877 1817 1935 transierint

131 1979 215 2035 nachi
228 1978 380 2051 episcopali
399 1977 523 2050 imperio
537 1977 631 2031 servili
645 1992 730 2049 opere
748 1976 951 2048 mancipentur
996 1978 1081 2049 Juxta
1099 1979 1268 2050 Apostolum
1289 1993 1349 2032 non
1369 1976 1430 2031 sine
1445 1974 1627 2030 damnatione
1639 1977 1737 2040 crunt,
1750 1970 1817 2043 quia

133 2077 162 2128 et
177 2075 245 2146 jura
275 2072 515 2128 monasteriorum
538 2074 638 2126 contra
657 2071 787 2126 instituta
808 2085 949 2124 canonum
1000 2090 1029 2128 se
1048 2074 1175 2145 primurn
1194 2072 1250 2127 Dee
1266 2077 1400 2126 voventes
1420 2072 1520 2142 postea
1533 2066 1670 2124 castitatis
1688 2065 1815 2138 proposi·

131 2166 231 2222 illicita
256 2165 481 2237 presumptione
506 2168 689 2235 usurpentur,
708 2163 749 2219 ita
768 2166 801 2217 ut
821 2179 894 2235 pene
915 2179 950 2217 ex
998 2170 1060 2221 tum
1073 2166 1246 2238 abjecerunt.

132 2259 261 2316 coenobio
274 2257 416 2330 possessio
429 2257 489 2327 hat,
507 2261 593 2329 atque
613 2256 728 2313 illustris
741 2254 833 2329 portio
847 2255 949 2311 Christi
1035 2261 1099 2316 LVl.
1121 2261 1160 2315 De
1183 2258 1286 2315 Judaais
1301 2263 1397 2314 001000
1419 2256 1555 2330 praecepit
1574 2260 1672 2311 sancta
1692 2253 1815 2326 synodus

131 2351 365 2409 adinanitionem
376 2351 597 2422 servitutemque
605 2350 758 2421 perveniat.
767 2350 950 2422 Quapropter
999 2355 1108 2409 nemini
1132 2352 1265 2425 deinceps
1286 2352 1321 2407 ad
1345 2352 1518 2407 credendum
1542 2349 1600 2405 vim
1621 2348 1741 2404 inferre.
1765 2346 1814 2404 Cui

132 2462 285 2503 monemus
301 2445 413 2517 eosqui
435 2444 559 2500 ecclesiis
579 2448 716 2515 praesunt,
732 2448 762 2498 ut
788 2444 861 2498 ultra
884 2443 949 2498 talia
999 2448 1076 2504 enim
1099 2448 1159 2503 vult
1180 2448 1254 2502 Deus
1276 2446 1436 2516 miseretur,
1456 2451 1485 2501 et
1505 2459 1591 2516 quern
1614 2444 1676 2498 vult
1690 2442 1812 2509 indurat,

133 2555 190 2593 11011
205 2538 389 2610 111111311Μᾶ11,
404 2535 454 2591 Sed
470 2535 650 2590 1101111111111
666 2533 718 2587 Sibi
734 2533 764 2587 111
777 2531 948 2588 11013511110
999 2542 1147 2597 nonenim
1161 2542 1231 2595 tales
1246 2539 1328 2595 inviti
1342 2538 1469 2595 salvandi
1489 2536 1622 2607 suut,sed
1640 2537 1814 2604 volentes,ut

130 2631 284 2687 vendicent
292 2628 536 2701 sacerdotesquod
546 2627 717 2700 precipiunt
726 2626 896 2696 canones,id
906 2629 949 2680 est
997 2634 1110 2707 integra
1124 2635 1161 2688 sit
1172 2635 1266 2689 forma
1274 2633 1403 2704 justitias.
1418 2631 1495 2688 Sicut
1506 2631 1584 2686 enim
1598 2630 1687 2686 hams
1699 2629 1813 2701 propria

131 2726 286 2781 mondChOS
299 2723 334 2778 dd
356 2722 602 2778 conversationem
622 2725 749 2776 5811011111]
769 2735 948 2793 proemollel'e
997 2729 1106 2784 arbitrii
1126 2728 1273 2784 voluntate
1296 2726 1422 2799 serpenti
1441 2723 1576 2781 obediens
1597 2723 1694 2797 periit,
1710 2723 1751 2779 sic
1766 2739 1812 2778 vo.

130 2818 257 2883 abbates,
271 2817 383 2888 aliaque
402 2816 494 2871 osticia
507 2819 684 2882 construere,
698 2819 784 2886 atque
805 2819 885 2868 extra
901 2830 947 2867 rc·
997 2826 1079 2877 eante
1105 2839 1135 2877 se
1159 2821 1251 2893 gratia
1277 2821 1328 2876 [tei
1350 2818 1473 2892 proprias
1494 2818 1599 2874 mentis
1619 2817 1812 2886 conversione,

131 2910 226 2985 gulam
244 2911 317 2965 iacta
329 2909 484 2981 corrigere,
500 2908 576 2980 quod
592 2907 615 2962 si
630 2907 739 2979 aliquid
756 2907 786 2962 in
801 2906 949 2962 monachis
997 2912 1084 2967 homo
1096 2911 1216 2983 quisque
1229 2909 1374 2964 credendo
1396 2909 1528 2964 salvatur.
1545 2909 1620 2980 Ergo
1635 2923 1697 2962 non
1710 2907 1749 2975 vi,
1767 2907 1812 2961 sed

130 3004 285 3060 canonibus
295 3002 479 3057 interdictum
494 3001 739 3073 praesumpserint,
748 3007 798 3056 aut
811 3017 947 3073 usurpare
997 3006 1085 3061 libera
1103 3004 1213 3060 arbitrii
1231 3004 1387 3072 voluntate,
1400 3007 1433 3057 rrt
1450 3003 1655 3057 convertantur
1676 2998 1817 3057 suadendi

129 3096 278 3170 quidpiam
300 3095 336 3150 de
359 3094 524 3149 monasterii
555 3095 640 3150 rebus
671 3094 863 3161 tentaverint,
888 3110 947 3149 uon
997 3101 1063 3154 sunt
1075 3115 1133 3154 non
1155 3097 1248 3169 potius
1266 3096 1443 3169 impellendi.
1457 3096 1510 3160 Qui
1526 3098 1624 3150 autem
1636 3093 1815 3167 jampridem

129 3189 220 3246 deerit
242 3190 277 3244 ab
292 3189 348 3244 illis
363 3187 506 3243 sententia
527 3187 839 3256 excommunicationis,
854 3186 903 3258 qui
918 3204 947 3242 se
997 3193 1032 3248 ad
1057 3191 1292 3248 christianitatem
1320 3189 1410 3247 coacti
1438 3194 1504 3245 sunt
1537 3189 1610 3244 sicut
1640 3188 1749 3243 factum
1773 3191 1823 3242 est-

132 3283 267 3357 deinceps
279 3298 463 3355 nequaquam
478 3281 624 3336 sustulerit
638 3282 674 3336 ab
688 3281 801 3336 illicitis.
996 3286 1173 3360 temporibus
1195 3284 1401 3357 religiosissimi
1421 3283 1557 3357 principis
1585 3282 1726 3350 Sisebuti,
1749 3280 1832 3354 quin.

164 3379 207 3434 Ll.
221 3377 356 3433 Nonnulli
379 3376 588 3431 monachorum
608 3375 788 3447 egredientes
807 3392 825 3430 a
843 3392 943 3431 mona·
992 3382 1055 3453 jam
1075 3385 1183 3436 constat
1205 3396 1253 3434 eos
1281 3377 1467 3434 sacramentis
1493 3375 1596 3432 divinis
1615 3375 1768 3432 associatos
1786 3377 1838 3430 et

128 3472 214 3529 sterio
229 3488 287 3527 non
300 3469 582 3527 solumadsarculum
594 3473 785 3541 revertuntur,
797 3469 944 3525 sedetiam
995 3472 1131 3547 baptismi
1151 3474 1273 3545 gratiam
1295 3472 1465 3544 suscepisse,
1488 3473 1517 3526 et
1538 3470 1692 3525 chrismate
1716 3472 1843 3525 unctos

126 3571 155 3624 et
170 3564 273 3621 uxores
286 3564 437 3636 accipiunt,
448 3563 535 3636 igitur
549 3563 671 3619 revocati
684 3563 714 3618 in
728 3564 831 3620 eodem
849 3581 946 3619 mona·
995 3586 1073 3638 asse,
1095 3574 1124 3623 st
1156 3567 1282 3639 corporis
1305 3566 1419 3622 Domini
1446 3570 1474 3621 et
1504 3563 1652 3638 sanguinis
1672 3563 1846 3620 exstitisse

126 3660 213 3716 sterio
227 3677 244 3714 a
256 3675 313 3732 quo
327 3657 647 3731 exierant,puenitentiae
656 3658 839 3730 deputentur,
847 3658 945 3730 ibique
995 3661 1156 3736 participes,
1172 3663 1283 3733 oportet
1298 3665 1329 3715 ut
1342 3660 1429 3715 tidem
1452 3659 1539 3715 etiam
1551 3674 1640 3730 quam
1653 3658 1682 3713 vi
1697 3657 1743 3713 rel
1764 3669 1846 3712 nc-

127 3753 253 3810 detlcant
265 3752 385 3808 crimina
398 3768 450 3807 sua
464 3751 541 3808 unde
555 3751 759 3808 discesserunt.
989 3757 1121 3813 'cessitate
1141 3759 1337 3828 susceperunt,
1357 3759 1455 3810 tenere
1477 3755 1627 3825 00300100,
1648 3767 1685 3808 00
1707 3763 1851 3807 nomen

123 3865 124 3869 ¹
162 3848 218 3904 Lll.
235 3845 507 3919 Religiosipropriae
527 3845 653 3917 regionis
667 3846 716 3918 qui
731 3862 784 3901 uec
800 3845 943 3902 intercle·
995 3842 1851 3923 [1οωί010100000000100,01110100000010000ορ0ωωὶ

126 3940 201 3997 rioos
214 3956 267 3996 nec
279 3940 355 3995 inter
370 3939 526 3994 monachos
539 3939 692 4007 habentur,
707 3939 764 3994 sive
779 3940 810 3994 hi
831 3939 880 4012 qui
893 3955 945 4011 per
993 3945 1055 4000 ritis
1068 3961 1100 3999 ae
1114 3943 1335 4016 contemptibilis
1349 3942 1496 3998 habeatur.

126 4034 237 4090 diversa
249 4035 312 4089 loca
330 4032 394 4104 vagi
411 4033 553 4098 teruntur,
567 4032 602 4088 ab
620 4032 759 4105 episcopis
774 4033 943 4105 inquorum
1028 4038 1103 4094 LVll.
1112 4039 1199 4093 Tanta
1207 4040 1250 4093 est
1259 4036 1448 4110 quorumdam
1460 4057 1474 4088 a
1487 4035 1680 4107 cupiditas,ut
1691 4034 1849 4108 quidam

126 4129 267 4183 conventu
290 4127 462 4181 commorari
495 4132 673 4195 noscuntur,
697 4125 810 4181 licentia
844 4143 943 4180 eorum
994 4150 1059 4189 eam
1074 4137 1241 4206 appetentes
1254 4131 1345 4203 (juxta
1361 4131 1437 4202 quod
1457 4130 1497 4185 ait
1514 4130 1672 4202 Apostolus)
1687 4129 1775 4184 etiam
1820 4137 1849 4176 a

127 4223 299 4287 coerceatur,
315 4222 348 4273 ut
359 4221 409 4272 aut
421 4220 450 4273 in
465 4219 540 4275 clero
556 4223 605 4274 aut
617 4219 647 4273 in
665 4220 839 4275 monasterio
853 4219 942 4292 depu-
993 4228 1049 4284 fide
1062 4231 1227 4284 erraverunt
1243 4226 1265 4297 11
1283 4227 1352 4282 itm.
1367 4240 1406 4292 vr,
1429 4225 1482 4295 10).
1498 4244 1515 4275 >s
1531 4222 1610 4278 ltulti
1629 4222 1739 4295 quippe
1756 4222 1848 4278 hm·

126 4312 479 4385 tenturproptereosqui
495 4311 678 4384 abepiscopo
696 4330 746 4368 suo
763 4317 812 4369 aut
825 4317 944 4386 propter
993 4338 1098 4394 casque
1119 4339 1153 4377 ex
1177 4319 1369 4375 sacerdotibus
1389 4322 1473 4389 atque
1498 4315 1579 4372 laicis
1599 4316 1773 4389 accipientes
1836 4323 1850 4362 r

124 4408 294 4480 111ῦεῦ016111
307 4407 416 4462 suerini
429 4406 560 4462 ssb⁵⁰luli·
754 4484 758 4489 ι
992 4417 1096 4472 Judaeis
1112 4431 1253 4481 munera,
1275 4412 1423 4484 perfidiam
1455 4427 1556 4467 eorum
1579 4427 1632 4466 suo
1652 4404 1851 4483 patrocinio

160 4503 225 4559 Llll.
240 4501 269 4559 Si
281 4502 330 4576 qui
348 4501 378 4556 in
393 4500 556 4556 discrimine
579 4501 723 4557 constituti
743 4503 941 4574 paenitentiam
950 4529 980 4603 D
992 4510 1155 4581 favent,qut
1171 4525 1228 4563 non
1241 4506 1384 4562 immerito
1395 4522 1428 4561 ex
1439 4521 1557 4577 corpore
1572 4504 1851 4560 undenarius

124 4596 269 4670 accipiunt
286 4597 366 4652 nulla
388 4594 536 4652 manifesta
559 4595 664 4651 scelera
685 4596 872 4666 confitentes,
893 4599 941 4654 sed
991 4609 1158 4672 noscuntur,
1176 4602 1242 4674 qnia
1262 4606 1362 4656 contra
1384 4599 1528 4656 Christum
1551 4597 1671 4654 iaciunt.
1687 4597 1852 4664 Quicum·

122 4694 237 4745 tanturn
251 4707 280 4745 se
292 4694 459 4763 peccatores
472 4706 532 4746 esse
540 4690 736 4763 praedicantes,
745 4691 911 4763 hujusmodi
919 4693 942 4747 si
992 4715 1047 4771 que
1060 4713 1129 4769 ergo
1144 4695 1280 4767 deinceps
1289 4695 1438 4767 episcopus
1452 4694 1508 4749 sive
1518 4691 1638 4748 clericus
1649 4692 1709 4748 sive
1720 4696 1851 4748 suetr-

124 4783 321 4853 revelaverint,
335 4789 454 4856 possunt
467 4784 553 4841 ctiam
571 4801 624 4857 per
642 4802 754 4842 morum
769 4787 941 4859 probitatem
991 4792 1058 4847 laris
1070 4791 1126 4846 illis
1146 4793 1248 4845 contra
1261 4789 1349 4844 [idern
1362 4786 1554 4844 Christianam
1569 4786 1749 4859 suffragium,
1764 4771 1852 4835 17⁶¹

125 4877 161 4932 ad
183 4877 290 4949 gradus
317 4877 521 4934 ecclesiasticos
547 4879 707 4951 pervenire.
729 4881 782 4946 Qui
806 4897 872 4937 vero
900 4882 942 4936 ita
991 4902 1109 4941 munere
1124 4885 1167 4939 vel
1181 4884 1278 4938 lavore
1293 4880 1468 4953 praestiterit,
1485 4883 1517 4935 ut
1528 4881 1669 4952 profanus
1681 4884 1712 4936 ct
1724 4865 1849 4935 saci·

123 4970 318 5043 poenitentiam
331 4971 482 5043 accipiunt,
494 4975 526 5027 ut
537 4972 653 5044 aliquod
662 4975 781 5030 mortale
793 4978 941 5047 peccatum
990 4981 1071 5052 legus
1106 4978 1261 5033 anathema
1288 4974 1404 5031 effectus
1433 4975 1469 5030 ab
1504 4973 1630 5029 Ecclesia
1668 4966 1849 5031 camolia·

122 5068 301 5138 perpetrasse
314 5064 427 5137 publice
436 5065 588 5135 fateantur,
598 5067 633 5122 ad
646 5067 753 5123 clerum
763 5069 806 5124 vel
815 5069 941 5124 honores
990 5073 1131 5128 habeatur
1145 5075 1306 5138 extraneus,
1321 5070 1387 5142 quia
1408 5069 1511 5141 dignus
1532 5071 1586 5138 est,
1603 5072 1635 5123 ut
1656 5085 1673 5123 a
1689 5066 1847 5141 corpom

124 5159 327 5216 ecclesiasticos
341 5158 489 5231 pervenire
504 5160 666 5216 nullatenus
680 5163 940 5235 poterunt,quiase
990 5167 1090 5225 Christi
1122 5169 1288 5238 separetur,
1314 5165 1363 5238 qui
1388 5162 1512 5219 inimicis
1539 5162 1644 5219 Christi
1672 5160 1844 5235 pausat·

123 5253 302 5310 confessione
316 5251 434 5327 propria
447 5258 627 5310 notaverunt.
991 5261 1122 5317 afficitur,

158 5348 223 5404 LlV.
238 5346 464 5418 Quicunque'ex
487 5347 667 5403 sacularibus
688 5349 858 5423 accipientes
879 5367 939 5424 pce·
1025 5356 1114 5413 avrti.
1124 5353 1252 5427 Plerique
1267 5354 1317 5427 qui
1334 5371 1367 5410 er
1380 5351 1483 5409 ludaris
1498 5350 1608 5408 dudum
1621 5351 1658 5407 cd
1671 5338 1832 5409 Christ-3¹·

121 5442 273 5497 nitentium
291 5441 478 5497 totonderunt
497 5457 536 5512 se,
551 5446 579 5497 et
601 5459 700 5498 rursus
722 5444 940 5516 prevaricantes
989 5467 1057 5506 num
1079 5450 1165 5505 tidem
1191 5448 1316 5521 promoti
1335 5455 1411 5517 sunt,
1426 5463 1502 5503 nunc
1524 5445 1765 5520 blasphemantes
1799 5430 1825 5487 ¹⁸⁸

121 5534 184 5591 laici
205 5536 297 5592 effecti
319 5539 394 5605 sunt,
417 5535 617 5607 comprehensi
637 5537 672 5592 ab
690 5538 823 5611 episcope
838 5558 889 5595 suo
903 5541 939 5596 ad
989 5544 1111 5613 Christo,
1126 5560 1185 5599 non
1198 5543 1292 5599 solum
1304 5542 1434 5614 judaicos
1447 5541 1520 5596 ritus
1535 5546 1717 5613 perpetrasse
1739 5541 1813 5594 110³·

47 5682 54 5691 ,
121 5628 319 5698 paenitentiam
340 5645 374 5684 ex
394 5646 449 5702 qua
469 5634 648 5685 recesserunt
665 5637 842 5689 revocentur.
858 5633 939 5700 Quod
989 5641 1112 5706 cuntur,
1138 5638 1187 5694 sed
1220 5638 1307 5693 etiam
1338 5635 1544 5691 abominandus
1575 5632 1804 5690 circumcisione

120 5719 144 5773 si
169 5719 255 5792 aliqui
279 5738 332 5795 per
353 5723 554 5796 paenitentiam
576 5723 776 5781 irrevocabiles
799 5731 867 5784 sunt
887 5746 939 5786 nec
989 5748 1122 5788 exercere
1133 5733 1388 5806 presumpserunt,
1405 5729 1441 5785 de
1458 5727 1564 5803 quibus
1581 5728 1715 5784 consultu
1733 5719 1794 5801 pic·

121 5809 263 5869 admoniti
275 5820 469 5891 revertuntur,
479 5823 511 5876 ut
522 5835 590 5878 vere
599 5823 736 5903 apostatae
746 5837 842 5895 coram
854 5825 940 5883 cccle-
989 5825 1053 5883 simi
1065 5842 1097 5882 ec
1109 5824 1317 5901 religiosissimi
1328 5823 1439 5882 domini
1461 5821 1551 5880 nostri
1565 5819 1717 5881 sisenandi
1729 5815 1788 5895 mit
