3870 6150
44 295 77 349 31
670 294 906 354 DECRETALIUM
927 296 1119 353 COLLECTID.
1697 304 1730 359 38

45 401 154 472 dolum,
164 401 286 458 divertat
295 418 312 458 a
322 402 409 473 malo,
419 402 540 460 etfaciat
550 403 668 472 bonnm,
679 404 805 478 inquirat
818 423 865 477 pa·
874 417 904 490 Α
913 404 991 460 niam
1004 409 1055 473 est,
1070 402 1204 476 quoniam
1218 403 1263 460 his
1282 405 1444 462 manifestat
1460 405 1596 479 seipsum.
1612 408 1683 464 Nam
1705 410 1730 465 si

45 511 105 549 rem
125 498 157 549 et
179 501 368 567 prosequatur
388 512 463 565 eam,
477 497 544 569 quia
559 498 632 553 oculi
645 498 758 554 Domini
779 515 864 571 super
915 499 978 570 quis
1001 497 1069 553 velit
1089 500 1242 569 antequam
1264 503 1343 554 actus
1368 515 1434 555 suos
1461 500 1603 569 emendet,
1627 501 1663 557 de
1685 502 1731 558 his

43 588 143 658 justos,
156 593 284 644 staures
298 589 360 660 ejus
374 590 409 645 ad
421 605 519 661 preces
534 607 643 646 eorum.
658 592 756 647 Vultus
768 597 864 647 autem
915 589 1059 662 requirere
1078 607 1143 663 quas
1163 607 1220 645 non
1237 595 1332 662 potest
1346 592 1484 660 invenire,
1497 594 1584 649 stulta
1603 597 1632 649 et
1653 595 1727 651 inei·

47 680 159 735 Domini
181 697 269 754 super
289 681 427 738 facientes
449 682 536 754 mala,
555 687 588 738 ut
607 684 708 756 perdat
730 684 765 740 de
789 690 865 740 terra
914 684 987 738 ficax
1002 684 1057 740 erit
1070 683 1181 738 homini
1195 684 1350 755 inquisitio.
1360 687 1482 756 lampas
1492 685 1568 741 euim
1580 686 1665 743 breve
1675 693 1727 756 est,

48 773 217 829 memoriam
238 791 340 831 eorum
354 775 438 846 (Psoi.
456 791 553 846 xxxin,
569 780 600 833 t3
616 780 641 833 et
653 778 732 848 seq).
748 798 763 828 s
776 779 864 849 Prop·
917 781 945 831 et
956 776 1097 847 judicium
1111 776 1159 832 Dei
1174 780 1321 848 gestorum
1332 793 1415 835 causa
1429 778 1594 850 agiturnon
1608 781 1730 852 questio

50 872 120 921 terea
137 867 233 923 nolite
252 867 315 924 lieri
334 868 408 924 sicut
429 884 519 942 equus
541 875 569 925 et
588 870 693 938 mulus,
709 871 740 925 in
762 871 865 942 quihus
914 885 995 925 num.
1009 870 1132 942 ldeoque
1146 875 1211 926 ente
1228 871 1282 927 hoc
1294 871 1390 927 omnia
1403 887 1573 943 quaeramus,
1588 874 1664 944 quod
1678 890 1730 929 nos

52 976 100 1015 nou
125 966 172 1016 est
195 961 364 1017 intellectus.
390 962 444 1019 Sed
471 962 607 1019 letamini
633 962 663 1019 in
690 963 810 1019 Domino
836 971 865 1020 et
914 966 964 1017 aut
989 962 1110 1034 qualiter
1135 978 1220 1035 agere
1246 968 1394 1035 oporteat,
1424 969 1456 1019 ut
1481 967 1620 1020 aeternam
1644 965 1728 1021 vitam

55 1053 195 1121 exssxltate,
214 1054 296 1125 justi,
319 1059 348 1110 et
370 1056 542 1127 gloriamini,
567 1072 667 1113 omnes
687 1058 758 1112 recti
781 1057 864 1113 corde
914 1055 1046 1128 consequi
1061 1071 1234 1112 mereamur.
1249 1056 1321 1112 Nam
1343 1056 1367 1111 si
1386 1056 1525 1128 exiguum
1539 1056 1592 1111 hoe
1617 1062 1729 1129 tempus

59 1148 328 1219 statumen).
345 1169 359 1201 s
377 1149 451 1213 Quia
467 1149 551 1205 multi
571 1149 685 1207 venient
704 1150 740 1205 ab
756 1151 864 1206 oriente
913 1149 978 1204 vita
1003 1164 1054 1220 per
1068 1149 1166 1204 inanes
1186 1164 1357 1220 occupemus
1370 1153 1400 1205 et
1419 1149 1532 1205 inutiles
1549 1150 1729 1221 questiones,

61 1245 80 1294 et
96 1240 245 1297 occidente
267 1241 399 1312 (Domino
423 1243 544 1311 dicente)
575 1249 603 1299 et
628 1260 645 1298 a
671 1244 864 1316 septentrione
914 1242 1014 1298 inanes
1028 1242 1088 1297 sine
1103 1242 1231 1298 dubiost
1245 1242 1326 1298 vacui
1340 1243 1375 1297 ab
1388 1243 1614 1314 operibusbonis
1627 1259 1729 1316 perge·

62 1338 128 1404 etque
152 1333 286 1404 meridie,
316 1337 345 1389 et
371 1335 540 1391 recumbent
566 1351 633 1391 cum
659 1336 812 1406 Abraham,
836 1342 864 1393 et
913 1351 978 1391 mus
993 1335 1030 1390 ad
1042 1334 1203 1403 Dominum,
1220 1335 1268 1391 ubi
1277 1334 1419 1406 judicium
1430 1351 1551 1409 operum
1564 1341 1729 1392 nostrorum

10 1452 13 1461 ·
64 1427 129 1495 brac,
145 1425 277 1482 ctJacob
291 1427 397 1498 (Haut.
412 1429 481 1498 vrri).
496 1449 510 1479 »
912 1428 971 1499 liet,
990 1444 1171 1501 unaquaeque
1193 1428 1270 1484 enim
1291 1444 1336 1484 res
1357 1444 1442 1483 suum
1463 1433 1576 1501 tempus
1597 1429 1683 1485 habet
1702 1433 1731 1485 et

85 1521 201 1591 Propter
222 1520 300 1593 qnod
323 1521 459 1592 deprecor
475 1526 514 1592 te,
534 1522 622 1579 irater
640 1523 815 1594 charissime,
831 1528 864 1582 ut
913 1521 1017 1578 locum.
1033 1521 1158 1593 Operum
1170 1521 1216 1576 hic
1234 1522 1323 1589 locus,
1337 1521 1391 1577 hoc
1407 1526 1521 1594 tempus
1540 1527 1597 1591 est;
1611 1523 1728 1578 merito-

63 1612 144 1668 loeas
158 1614 297 1669 attentius
311 1614 388 1669 hunc
401 1615 610 1687 predicationis
625 1616 756 1672 ordinem
769 1622 797 1673 et
812 1618 862 1674 ab·
912 1631 978 1670 rum
999 1619 1042 1670 est
1057 1616 1192 1670 saeculum
1212 1616 1352 1670 futurum.
1367 1616 1468 1671 Currat
1488 1615 1576 1687 igitur
1590 1615 1729 1687 perviam

62 1705 195 1761 solutionis
204 1706 812 1783 diss,ntsalventnranimaehominumquse
820 1727 864 1767 oo·
914 1708 1119 1763 mandatorum
1148 1707 1270 1775 Domini,
1292 1711 1320 1763 et
1339 1708 1374 1763 ab
1399 1723 1499 1763 eorum
1524 1712 1730 1780 praceptorum

61 1798 122 1854 calta
135 1799 190 1855 Dei
203 1800 310 1856 virtrxte
330 1817 417 1873 wem
432 1801 553 1858 debeant
566 1803 684 1874 diligere
698 1785 901 1876 priusquamss
912 1800 1049 1856 institutis
1067 1806 1096 1856 et
1113 1800 1232 1872 Spiritus
1252 1800 1342 1855 sancti
1357 1801 1485 1855 doctrina
1498 1816 1556 1856 non
1569 1802 1728 1859 recedatur.

60 1890 192 1961 desertam,
207 1898 373 1964 agnoscant.
387 1895 513 1967 Operum
525 1911 594 1951 vero
607 1896 679 1952 ratio
692 1897 824 1968 potestati
837 1903 865 1954 et
913 1893 1089 1964 Quapropter
1107 1893 1295 1964 preparandis
1317 1896 1384 1947 sunt
1404 1893 1488 1947 corda
1510 1897 1604 1948 nostra
1621 1909 1654 1948 sc
1668 1910 1728 1950 cor·

58 1984 164 2040 arbitrio
185 1987 411 2059 uniuscnjusque
432 1989 616 2062 permittitpr,
630 1992 658 2045 et
671 1989 725 2045 hoo
739 1990 865 2062 ipsorum
913 2002 993 2058 pora,
1008 1990 1036 2041 et
1049 1989 1154 2041 sancta
1172 1985 1372 2041 mandatorum
1391 1985 1452 2056 ejus
1467 2000 1643 2058 suorumque
1657 1988 1728 2060 epis·

57 2073 445 2145 estproprinm;desiderium
454 2094 522 2133 vero
531 2077 636 2134 habere
643 2094 711 2150 erga
719 2077 864 2135 doctorem
914 2094 1050 2150 coporum
1062 2096 1095 2133 ac
1113 2077 1315 2150 predictorum
1329 2078 1498 2134 obedientias
1518 2079 1685 2148 militatura,
1699 2084 1731 2136 ut

56 2166 186 2236 tenutis,
200 2167 254 2223 hoc
266 2185 284 2222 a
296 2170 379 2224 Patre
392 2170 499 2225 calesti
511 2169 647 2227 donatum
662 2175 714 2227 est.
725 2172 780 2228 Sed
789 2171 865 2228 salus
914 2187 973 2226 suae
987 2171 1085 2242 gaha
1094 2170 1194 2241 jubeat
1207 2169 1288 2225 nohis
1302 2169 1442 2225 auxilium
1455 2171 1627 2236 minishars,
1643 2177 1671 2229 et
1683 2173 1729 2229 fu·

57 2260 126 2314 heo
139 2263 184 2315 est
193 2264 229 2316 ut
241 2261 416 2318 voluntatem
430 2263 491 2335 ejus
509 2263 590 2336 cujus
608 2280 735 2320 amorem
749 2269 778 2320 et
789 2265 863 2320 desi-
915 2263 1061 2335 gientibus
1073 2263 1214 2334 gehenna
1234 2279 1350 2336 poensm
1361 2263 1397 2319 ad
1409 2262 1496 2320 vitam
1507 2265 1620 2321 valeant
1632 2281 1732 2323 omnes

57 2351 169 2420 leriam,
184 2353 244 2409 Deo
257 2353 407 2427 largiente,
421 2356 592 2428 conceperis,
603 2356 698 2428 facias,
709 2357 866 2414 redicatur
914 2356 1065 2428 pervenire
1078 2360 1227 2412 aternam.

57 2443 95 2500 lle
115 2462 212 2501 sermo
233 2447 295 2519 ejus
315 2448 350 2503 ad
369 2464 430 2519 nos,
452 2464 538 2521 quem
560 2448 637 2505 idem
658 2450 728 2505 dixit
741 2467 748 2505 :
763 2472 778 2501 ι(
791 2450 864 2515 Quid
954 2451 1018 2504 llaec
1044 2450 1151 2523 itaque,
1175 2449 1265 2504 irater
1290 2449 1455 2505 charissime
1480 2449 1591 2521 Jacobs,
1621 2451 1656 2506 ab
1684 2466 1731 2507 ore

58 2542 143 2594 sotem
165 2554 215 2595 me
237 2538 341 2609 fficitn,
355 2540 484 2611 Domine,
498 2541 627 2607 Domine,
641 2545 670 2598 st
692 2558 752 2598 non
773 2542 864 2598 tacitis
915 2542 1002 2598 sancti
1021 2542 1097 2598 Petri
1114 2542 1241 2615 jubentis
1262 2543 1368 2614 accepi,
1386 2542 1495 2614 tibique
1510 2545 1542 2598 ut
1556 2543 1672 2616 optabas
1685 2544 1730 2600 in·

59 2645 112 2701 quse
133 2631 279 2688 dicotEst
298 2649 368 2705 ergo
390 2634 497 2706 proprii
514 2635 652 2705 muneris,
665 2639 699 2690 ut
712 2635 863 2706 unusquis·
915 2635 1030 2691 sinuare
1050 2634 1155 2703 studui,
1168 2640 1202 2690 ut
1222 2650 1334 2690 servare
1348 2635 1445 2690 omnia
1459 2635 1730 2708 immaculataproe·

60 2738 104 2795 que
129 2724 169 2780 sit
190 2729 280 2798 prout
306 2727 442 2783 Dominus
467 2730 565 2784 noster
591 2728 701 2784 dederit
723 2728 865 2800 perlectus
914 2728 1012 2800 cipias,
1033 2728 1098 2800 quia
1122 2727 1307 2784 ecclesiastica
1329 2744 1388 2784 non
1409 2733 1521 2800 oportet
1538 2728 1729 2801 negligenter,

60 2817 227 2889 bhostesis,
241 2823 409 2892 metensque
430 2821 539 2876 semina
559 2820 664 2891 divina,
681 2826 712 2877 ut
729 2822 764 2876 de
784 2821 864 2877 nobis
914 2822 963 2877 ssd
986 2820 1139 2892 diligenter
1158 2821 1264 2893 expleri
1285 2821 1408 2894 negotia.
1423 2823 1489 2877 llaec
1508 2838 1577 2894 ergo
1590 2825 1732 2895 precepta

61 2925 107 2965 non
121 2909 277 2983 prasinus
298 2929 403 2982 sermo,
424 2912 473 2969 sed
493 2913 540 2969 ille
562 2913 671 2969 dicatur
692 2930 778 2984 quem
798 2914 864 2968 alibi
914 2931 999 2970 nemo
1021 2914 1119 2971 credat
1141 2914 1247 2985 absque
1273 2930 1325 2970 suo
1353 2914 1480 2986 periculo
1508 2915 1664 2987 negligere,
1687 2915 1731 2971 sel

61 3003 185 3060 Dominus
206 3010 304 3062 noster
324 3005 405 3061 dixit.
425 3007 490 3062 ldso
510 3006 633 3079 linquit).
655 3007 752 3063 Omnis
774 3008 865 3063 scriba
914 3007 1102 3076 dissimulare,
1117 3007 1184 3079 qnia
1199 3007 1307 3080 judicio
1320 3007 1371 3063 Dei
1388 3007 1463 3078 ignis
1476 3007 1575 3064 aeterni
1588 3013 1732 3065 tormenta

61 3095 145 3153 tortus
157 3099 188 3154 in
201 3114 291 3170 reguo
308 3099 452 3168 cralorum,
468 3099 569 3155 similis
589 3102 632 3155 est
651 3100 760 3155 homini
776 3099 862 3172 patri·
915 3100 1067 3156 sustinebit
1089 3100 1139 3172 qui
1160 3099 1347 3156 ecclesiastica
1366 3101 1478 3156 decreta
1494 3101 1662 3173 neglexerit.
1676 3100 1731 3167 Qui

61 3188 187 3260 hmilias,
215 3191 265 3262 qui
293 3192 402 3263 profert
426 3192 462 3249 de
489 3192 621 3249 thesauro
653 3209 704 3248 suo
736 3208 811 3249 nova
836 3149 979 3249 etcvero
1001 3198 1030 3249 te
1053 3193 1183 3263 audierit,
1199 3197 1231 3248 ut
1245 3193 1368 3264 jusserat
1387 3193 1518 3250 minister
1537 3194 1640 3250 Christi
1653 3196 1730 3265 lesu,

60 3288 141 3338 vetera
154 3285 267 3355 (nass.
285 3299 345 3354 xm,
363 3288 417 3356 52).
432 3306 446 3336 s
470 3285 569 3341 Nullus
590 3301 669 3359 crgo,
684 3285 787 3358 inquit,
807 3287 862 3342 im·
914 3286 1036 3360 gloriam
1048 3285 1175 3357 accipiet.
1191 3285 1246 3350 Qui
1257 3290 1354 3342 autem
1366 3290 1394 3342 te
1408 3303 1466 3342 non
1479 3287 1601 3344 audierit
1612 3288 1671 3344 imo
1685 3289 1729 3344 lo·

59 3375 144 3446 pedat
155 3376 298 3446 ordinem,
314 3381 364 3433 aut
379 3378 476 3434 locum
493 3384 610 3450 occupet
623 3378 862 3447 irrationabiliter,
914 3383 1048 3453 quentem
1071 3379 1226 3434 Dominum
1248 3396 1300 3452 per
1320 3384 1348 3435 te
1369 3379 1424 3453 ipsi
1443 3380 1496 3436 sibi
1518 3380 1730 3437 damnationem

59 3467 94 3522 rel
111 3474 275 3541 temporum
297 3473 442 3542 permutet
463 3471 546 3542 vices,
565 3472 615 3528 sed
635 3471 728 3544 primo
749 3472 865 3545 quasit
913 3472 1040 3546 accipiet.
1052 3472 1217 3530 Curandum
1236 3488 1316 3544 ergo,
1330 3477 1358 3528 et
1376 3471 1581 3529 attendendum
1593 3479 1636 3529 est
1647 3473 1730 3530 nobis

56 3560 157 3630 justitia
179 3562 252 3633 ejus,
276 3579 341 3635 quse
362 3564 494 3621 voluntas
518 3565 705 3637 requiramus,
728 3569 761 3620 ut
781 3564 864 3621 bonis
914 3566 1046 3622 omnihus
1069 3565 1148 3639 quod
1176 3565 1206 3620 in
1228 3571 1401 3638 perpetuum
1423 3567 1547 3639 expedit,
1572 3572 1604 3624 ut
1626 3566 1730 3624 Christi

60 3654 182 3724 operibns
205 3668 240 3712 as
260 3655 311 3712 Dei
334 3656 423 3729 grstia
443 3658 614 3730 repleamur.
629 3659 704 3715 Deus
722 3658 799 3716 enim
819 3658 864 3714 his
912 3659 1092 3733 passionibus
1103 3673 1155 3730 per
1162 3657 1329 3729 patientiam
1339 3659 1542 3732 participemus
1551 3663 1636 3733 atquc
1646 3659 1730 3732 regui

62 3748 101 3816 qui
119 3751 195 3805 recte
217 3747 346 3806 sentiunt
368 3755 397 3807 et
411 3750 486 3806 bona
503 3755 593 3824 agunt
605 3754 709 3824 praeto
723 3756 776 3824 est,
789 3767 861 3824 quo·
913 3754 974 3824 ejus
987 3767 1153 3809 mereamur
1166 3765 1226 3807 esse
1238 3754 1390 3807 consortes.
1404 3754 1504 3808 Amen.

180 4069 392 4162 EPISTDLA
427 4071 667 4164 cinnamis
704 4071 834 4164 PAPAE
870 4071 929 4162 AD
963 4070 1164 4162 JACDDUll
1198 4069 1409 4161 FRATREM
1443 4071 1598 4161 DOMINI

638 4240 686 4304 De
699 4240 836 4304 somatis
849 4238 990 4304 vestitus
1004 4247 1035 4302 et
1047 4238 1142 4320 vnis,

89 4400 209 4460 Canum
220 4404 359 4463 Romanis
374 4408 505 4465 Ecclesia
517 4409 632 4482 praesul,
645 4411 750 4468 lacero
765 4409 902 4515 Hiero-D
913 4409 994 4481 gravi
1008 4407 1190 4465 anathemate
1197 4403 1494 4478 dignahumiliationis
1506 4403 1593 4476 plaga'
1596 4403 1724 4460 feriatur.

62 4493 379 4578 ὈῙΥΜΟΜΘΡῙΜΟΡΟ-
487 4496 492 4503 ’
912 4504 992 4559 Certe
1007 4501 1126 4558 tantsin
1147 4500 1247 4556 altario
1263 4499 1425 4554 holocausta
1438 4496 1602 4564 offerantur,
1621 4501 1727 4568 quanta

87 4586 224 4650 Mam
246 4590 320 4647 sicut
337 4607 354 4646 a
374 4592 456 4648 heato
467 4594 550 4648 Petro
561 4594 688 4666 apostolo
702 4595 863 4668 accepimns
911 4595 1016 4668 populo
1041 4594 1171 4650 sufficere
1189 4592 1319 4649 debeant.
1339 4590 1419 4656 Quod
1441 4589 1464 4645 si
1487 4588 1682 4656 remanserint,
1696 4589 1727 4644 in

59 4680 177 4737 omnum
198 4684 391 4755 apostolorum
412 4690 503 4759 patre,
521 4686 571 4759 qui
593 4687 683 4744 claves
701 4688 785 4761 regni
804 4705 861 4745 cce·
912 4688 1034 4743 crastino
1051 4703 1109 4742 non
1130 4689 1320 4753 reserventur,
1340 4682 1389 4738 sed
1410 4698 1476 4737 cum
1498 4681 1599 4736 timore
1619 4685 1645 4737 et
1666 4686 1725 4736 tre-

58 4768 125 4828 Ηί*
145 4774 268 4849 mpii,
291 4778 412 4849 qualiter
432 4784 531 4835 terme
552 4780 698 4849 debemus,
715 4781 750 4837 de
768 4798 861 4838 sacra-
912 4797 992 4836 more
1013 4780 1188 4846 clericorum,
1211 4780 1241 4833 et
1265 4775 1412 4848 diligentia
1433 4778 1647 4830 consumantur.
1671 4773 1727 4838 Qui

59 4867 151 4923 mltis
172 4882 240 4940 quoe
265 4874 405 4941 geruntm
426 4871 457 4927 in
477 4872 581 4928 sanctu
601 4878 630 4930 te
648 4890 683 4930 ex
701 4873 799 4931 ordine
812 4890 863 4930 nos
912 4878 1009 4929 autem
1034 4872 1147 4928 residua
1173 4869 1299 4942 corporis
1324 4867 1435 4923 Domini
1461 4882 1526 4939 quae
1551 4865 1580 4921 in
1604 4866 1727 4921 sacrario

59 4955 313 5018 mmm*
912 4966 1008 5022 relicta
1031 4970 1099 5021 sunt
1118 4966 1300 5029 consumunt,
1321 4977 1379 5017 non
1400 4960 1496 5016 statim
1510 4959 1545 5015 ad
1560 4974 1726 5016 communes

84 5051 183 5108 lnhus
199 5053 278 5110 enim
294 5054 426 5127 gradihus
442 5057 594 5114 commissa
607 5063 674 5115 sunt
687 5063 863 5116 sacramenta
912 5059 1089 5132 accipiendos
1113 5058 1190 5113 cibos
1220 5054 1402 5122 conveniant,
1430 5069 1467 5110 ne
1494 5057 1596 5125 putent
1624 5058 1727 5109 sancus

60 5141 210 5202 dmomm
224 5150 411 5220 secremrum,
424 5149 454 5206 id
475 5155 527 5221 est,
541 5152 717 5225 presbytero,
732 5153 862 5224 marono,
912 5152 1035 5225 portioni
1062 5150 1244 5206 commiscere
1274 5148 1370 5203 cibum
1394 5145 1444 5219 qui
1475 5161 1527 5218 per
1554 5145 1728 5218 aqualiculos

59 5239 376 5312 animaequiorem
388 5241 861 5315 timore‚sttxemoreclericorum‚
913 5246 1039 5318 digestus
1060 5245 1090 5300 in
1111 5259 1252 5300 secenum
1271 5239 1409 5298 tunditur.
1426 5239 1454 5295 Si
1477 5256 1546 5312 ergo
1571 5255 1656 5297 mane
1672 5241 1726 5296 Do-

59 5328 181 5403 reliquias
199 5333 326 5405 corporis
348 5335 491 5393 Dominici
515 5336 619 5395 debent
642 5339 782 5397 custodire
805 5339 863 5395 lra-
912 5339 1019 5395 minica
1032 5337 1125 5410 portio
1139 5336 1243 5406 editur,
1256 5350 1346 5408 usque
1360 5333 1518 5390 adsextam
1527 5333 1657 5405 jejunent
1670 5331 1726 5386 mi-

61 5429 244 5495 tssffllorum,
257 5430 496 5502 nsquapntredo
514 5431 545 5487 in
558 5433 680 5488 sacrario
692 5433 862 5503 inveniatur,
913 5432 996 5488 nistri
1020 5431 1071 5503 qui
1097 5445 1160 5486 eam
1196 5427 1435 5500 consumpserint.
1460 5427 1495 5481 Et
1524 5427 1548 5480 si
1574 5424 1657 5481 tertia
1683 5423 1728 5478 vel

61 5519 158 5573 nem
171 5518 353 5591 negligenter
361 5523 459 5595 agitur
467 5524 593 5597 portioni
602 5526 729 5598 corporis
738 5525 862 5595 Domini,
912 5530 1013 5599 quarta
1034 5525 1105 5580 hora
1125 5521 1293 5594 acceperint,
1307 5521 1439 5595 jejunent
1458 5533 1546 5590 usque
1569 5516 1605 5572 ad
1626 5530 1725 5588 vespe·

62 5611 137 5675 imi!
158 5611 303 5668 inieramr
321 5612 435 5686 ajune.
454 5617 624 5675 Communio
645 5619 723 5675 enim
739 5618 864 5692 corporis
913 5635 984 5676 ram.
999 5618 1055 5689 Sic,
1066 5618 1175 5673 secreta
1186 5615 1415 5682 sanctificatione,
1427 5616 1533 5670 aetema
1542 5608 1726 5668 custodienda

62 5695 161 5760 bonini
173 5704 267 5761 nostri
278 5705 343 5762 lesu
357 5707 470 5780 Christi,
485 5711 509 5767 si
522 5712 702 5785 negligenter
719 5715 862 5785 erogetur,
912 5716 978 5770 sunt
992 5715 1178 5770 usamenta.

63 5795 245 5876 ltpresbyter
265 5798 380 5858 minora
399 5817 456 5858 non
478 5810 559 5863 curet
579 5805 733 5866 admonere
759 5805 862 5882 officis,
949 5807 988 5865 De
1011 5805 1082 5864 vasis
1103 5819 1169 5865 sene
1193 5801 1278 5861 sacris
1299 5799 1338 5858 ita
1358 5797 1515 5875 gerendam
1539 5801 1580 5858 est
1601 5814 1608 5858 s
1631 5799 1726 5863 unns
