3870 6150
123 240 156 296 bt
572 236 712 291 APPENI).
732 237 776 291 ab
795 236 875 291 SAEC.
896 237 940 291 lx.
956 264 989 275 -
1010 234 1130 290 lSlDOlll
1149 224 1361 288 lthucslonts
1772 236 1802 288 56

120 344 321 404 terfectoribus
343 343 410 413 suis,
426 346 455 397 et
476 342 609 398 dicebat:
626 365 641 393 α
654 344 746 414 Pater,
762 344 872 400 dimitte
895 344 937 399 eis
946 354 977 428 Α
987 341 1118 412 diximus,
1133 328 1297 413 peruenitur
1311 339 1347 394 ad
1361 340 1482 396 Patrem.
1497 339 1571 394 llum
1586 341 1688 394 autem
1705 355 1803 412 perse

121 437 367 514 peccatumque
390 435 522 491 nesciunt
543 435 611 508 quid
634 436 742 492 iaciunt
764 436 837 508 (hcc.
858 453 936 507 xxiii,
987 435 1096 504 neritis,
1110 434 1257 508 agnoscite
1274 433 1348 488 hanc
1362 448 1423 488 esse
1439 432 1612 488 voluntatem
1628 432 1700 504 ejus,
1711 437 1745 490 ut
1755 450 1804 506 per

124 534 178 604 att.
189 553 204 584 »
222 532 368 588 imitantes
382 545 498 602 quoqne
511 529 642 602 discipuli
653 529 833 601 magistrum,
849 531 937 587 etiam
987 545 1084 600 aquas,
1097 543 1162 602 quae
1180 527 1281 599 primae
1291 528 1392 582 creatae
1408 530 1483 594 suut,
1497 526 1591 581 denuo
1602 525 1803 583 renascamini.

123 625 178 697 ipsi
187 625 432 694 cumpaterentur,
442 621 631 693 similiterpro
641 622 871 678 interlectoribus
881 624 938 678 suis
988 618 1805 693 Quieuimregencratusfueritperaquam‚houiscperi·

46 774 48 779 ,
121 718 249 773 orabant.
271 716 352 781 Quod
371 715 393 770 si
413 715 562 788 disciplina
580 715 662 771 nobis
682 720 725 771 est
744 732 828 771 orare
848 716 937 772 etiam
987 715 1040 770 bus
1058 715 1193 786 repletus,
1213 714 1303 769 haeres
1322 712 1445 769 allicitur
1463 712 1526 784 ejus
1549 728 1641 787 aquo
1660 712 1692 768 in
1710 712 1804 768 incor-

121 826 174 882 pro
192 809 420 866 interlectoribus
438 813 465 865 et
483 808 712 881 persecutoribus
732 809 845 880 nostris,
866 825 936 880 quo·
986 808 1120 880 ruptione
1135 811 1320 879 regeneratus
1332 808 1383 862 est.
1395 807 1515 877 Propter
1527 805 1614 879 quod,
1625 807 1735 878 paratis
1749 807 1806 862 aui·

121 903 208 959 modo
224 918 284 958 uon
297 902 382 958 etiam
395 905 546 974 pareutum
557 904 585 957 et
598 901 826 974 propinquorum
842 919 939 975 perse·
988 901 1044 956 ruis
1054 901 1188 968 accedite,
1198 899 1280 971 quasi
1289 898 1341 954 filii
1354 898 1390 954 ad
1404 901 1528 970 patrem,
1541 901 1574 953 ut
1587 903 1705 970 peccata
1714 905 1807 956 vestra

121 995 250 1051 cationes
269 996 355 1064 serre,
375 996 406 1049 et
429 1011 482 1066 pro
513 994 700 1050 conversione
723 1010 836 1063 eorum,
858 1011 938 1052 orare
988 994 1135 1050 diluantur
1144 995 1174 1050 et
1186 1009 1270 1048 causa
1280 1008 1382 1047 eorum
1396 993 1456 1048 sole
1466 991 1631 1064 ignorantia
1640 993 1729 1048 fuisse
1739 1009 1804 1066 pro·

122 1087 291 1144 credimur?
987 1087 1073 1143 betur
1091 1086 1168 1159 apud
1187 1085 1349 1142 Dominum.
1364 1086 1435 1141 Nam
1450 1085 1473 1140 si
1488 1087 1551 1157 post
1566 1085 1747 1158 agnitionem
1759 1087 1806 1142 ho

61 1254 65 1259 Ι
156 1183 228 1236 Tum
243 1180 347 1236 deiude
359 1180 446 1237 etiam
459 1180 625 1252 diligentius
642 1179 856 1237 consideremus
874 1197 938 1254 qua
987 1197 1051 1235 rum
1065 1179 1241 1253 permanetis
1250 1179 1280 1234 iu
1289 1178 1499 1249 incredulitate,
1510 1177 1589 1234 vohis
1598 1178 1660 1250 jam
1675 1179 1808 1250 perditio

123 1274 160 1330 sit
177 1274 259 1329 uobis
277 1289 362 1328 causa
381 1277 513 1346 parentes
532 1273 680 1345 diligendi,
700 1289 752 1344 pro
773 1290 817 1343 eo,
833 1274 937 1346 inquit,
987 1273 1139 1330 nisvestrae
1147 1289 1239 1343 causa,
1251 1272 1745 1345 elnonignorautioe,reputabitur;
1756 1290 1808 1329 uec

123 1367 262 1440 quievitae
273 1370 376 1422 nostra
386 1366 520 1421 videntur
529 1371 668 1422 auctores.
679 1370 814 1423 ductores
824 1368 938 1440 quidem
988 1367 1093 1439 putetis
1106 1367 1194 1423 etiam
1209 1366 1322 1438 quodsi
1340 1382 1457 1421 omnem
1477 1365 1612 1437 pietatem
1631 1366 1732 1421 colatis
1745 1382 1806 1421 om·

122 1461 318 1531 ritaeuostrae,
333 1464 466 1531 parentes
486 1475 545 1515 uou
568 1462 644 1528 sunt,
664 1460 714 1515 sed
727 1459 861 1516 ministri.
875 1461 938 1516 Non
989 1476 1114 1533 nemque
1131 1459 1287 1531 justitiam,
1303 1458 1481 1531 baptismum
1495 1474 1561 1514 vero
1577 1474 1635 1514 nou
1654 1457 1806 1531 accipiatis,

123 1553 301 1609 enimvitam
314 1553 453 1624 praebent,
465 1554 515 1608 sed
527 1552 708 1624 ingrediendi
720 1552 802 1608 nobis
817 1553 939 1609 adhunc
988 1570 1068 1625 spem
1086 1552 1199 1625 possitis
1217 1552 1322 1608 habere
1343 1552 1419 1623 apud
1439 1536 1603 1620 Dominum,¹
1616 1551 1677 1607 imo
1696 1551 1806 1624 majore

120 1647 210 1702 vitam
218 1645 356 1703 exhibent
364 1645 565 1714 ministerium,
577 1649 676 1701 auctor
683 1648 780 1701 autem
789 1645 854 1701 ritae
864 1662 939 1702 uuus
988 1663 1073 1719 poeua
1087 1646 1169 1718 digni
1187 1645 1266 1701 eritis
1280 1645 1330 1719 qui
1345 1645 1422 1701 bona
1437 1661 1524 1717 opera
1536 1661 1594 1700 nou
1608 1644 1685 1700 hene
1699 1645 1808 1717 operati

122 1721 152 1794 et
162 1741 236 1795 solus
249 1743 293 1795 est
301 1740 384 1794 Deus.
395 1738 423 1794 Si
434 1742 530 1794 autem
540 1741 687 1794 auctorem
696 1738 759 1795 vitae
767 1716 977 1811 diligerere-B
990 1740 1068 1797 estis.
1080 1739 1232 1797 confertur
1244 1739 1324 1794 euim
1336 1738 1473 1794 meritum
1485 1737 1598 1794 homiui
1610 1754 1645 1794 ex
1658 1737 1744 1794 bouis
1758 1755 1806 1811 ge·

121 1833 228 1903 tumus,
242 1831 323 1888 illum
339 1831 420 1888 nobis
429 1847 490 1888 esse
506 1831 683 1903 diligendum
699 1832 832 1901 sciamus,
846 1833 896 1888 sed
907 1833 939 1887 il·
989 1833 1048 1902 stis,
1063 1833 1114 1889 sed
1128 1833 1152 1887 si
1166 1832 1207 1887 ita
1222 1837 1360 1904 gerantur
1373 1831 1446 1887 sicut
1461 1832 1534 1886 Deus
1543 1831 1628 1902 jubet
1642 1847 1649 1887 ι
1664 1833 1741 1888 Deus
1756 1848 1805 1888 au-

121 1927 193 1994 lum,
208 1925 312 1997 inquit,
327 1940 497 1996 cognoscere
517 1941 575 1980 nou
593 1925 745 1996 potuimus,
759 1925 828 1981 istos
842 1928 939 1981 autem
988 1931 1047 1982 tem
1058 1925 1144 1997 jussit
1156 1941 1273 1982 omnem
1283 1924 1425 1981 colentem
1438 1941 1468 1979 se
1481 1923 1622 1996 baptismo
1632 1924 1807 1997 consignari.

122 2019 151 2073 et
162 2018 302 2087 norimus,
313 2022 341 2074 et
355 2018 385 2074 in
397 2017 502 2073 affeetu
514 2018 665 2073 hahemus.
682 2019 759 2086 Esto,
774 2034 832 2074 non
844 2018 936 2090 potui-
988 2020 1068 2085 Quod
1091 2019 1115 2074 si
1133 2035 1182 2075 vos
1205 2016 1368 2087 renueritis,
1384 2023 1415 2074 ut
1431 2021 1534 2073 vestrae
1554 2017 1695 2077 voluntati
1716 2018 1809 2090 magis

121 2110 171 2166 stis
183 2127 354 2184 cognoscere
367 2112 430 2182 quis
440 2111 565 2179 sitlleus‚
573 2112 747 2183 quidtameu
755 2128 813 2168 non
821 2111 858 2168 sit
866 2113 938 2167 Deus
989 2130 1077 2184 quam
1090 2113 1139 2169 Dei
1155 2111 1371 2183 obtemperetis,
1386 2110 1524 2167 contrarii
1536 2109 1598 2166 siue
1610 2109 1741 2168 dubiost
1752 2110 1807 2166 iui-

122 2204 255 2275 periacile
269 2204 340 2258 scire
353 2203 494 2274 potuistis.
503 2205 575 2259 Nam
584 2204 729 2275 quomodo
742 2205 833 2260 latere
847 2206 940 2275 potuit
989 2205 1057 2261 mici
1071 2206 1138 2261 estis
1150 2205 1291 2261 voluntati
1308 2204 1378 2276 ejus.
1397 2204 1451 2260 Sed
1464 2203 1564 2259 dicetis
1574 2204 1716 2259 fortasse:

122 2295 283 2362 hominem,
291 2295 485 2367 quodliguum
492 2297 619 2366 autlapis
626 2300 676 2351 aut
682 2297 769 2352 aesvel
775 2296 938 2368 hujusmodi
989 2300 992 2306 '
1023 2298 1097 2364 Quid
1110 2299 1222 2353 confert
1234 2313 1317 2369 aquae
1327 2297 1487 2369 baptismus
1499 2297 1536 2352 ad
1547 2297 1596 2352 oei
1605 2296 1737 2353 cultum?
1747 2297 1808 2352 Pri·

121 2388 323 2445 materialleus
331 2404 388 2443 uon
399 2388 452 2443 siti
462 2388 543 2452 Quod
553 2388 576 2442 si
584 2389 614 2444 iu
624 2389 741 2460 hisquae
750 2389 830 2444 facile
841 2390 939 2462 depre·
989 2409 1036 2448 mo
1058 2391 1185 2462 quidem,
1202 2390 1269 2463 quia
1290 2389 1369 2462 quod
1393 2389 1515 2446 Domino
1534 2389 1641 2461 placuit
1658 2391 1808 2462 impletur.

123 2480 249 2536 bendere
264 2481 393 2552 potuistis
406 2480 536 2535 animum
545 2482 581 2537 ad
592 2481 800 2537 discutiendum
813 2482 939 2538 voluistis
989 2484 1131 2552 Secundo,
1144 2483 1211 2555 quia
1234 2487 1404 2554 regenerato
1427 2499 1462 2538 ex
1481 2483 1561 2554 aquis
1580 2486 1609 2538 et
1625 2483 1684 2539 lleo
1706 2486 1809 2539 renato

122 2574 283 2641 intendere,
294 2577 405 2630 certum
420 2577 463 2629 est
481 2573 549 2646 quia
567 2577 596 2629 et
614 2574 644 2628 iu
659 2574 807 2647 agnitione
821 2575 872 2631 Dei
883 2575 937 2630 im·
988 2577 1127 2649 fragilitas
1140 2575 1241 2648 prioris
1256 2575 1409 2631 nativitatis
1422 2592 1487 2648 quae
1500 2575 1580 2631 vobis
1591 2592 1645 2647 per
1657 2575 1809 2633 hominem

122 2666 211 2738 pediti
223 2667 300 2737 estis,
316 2684 374 2723 non
394 2667 624 2740 impossibilitatis
647 2669 697 2724 sed
718 2668 840 2740 ignavia
860 2668 937 2740 vitio,
988 2672 1064 2726 tacta
1075 2671 1302 2740 estamputatur‚
1314 2668 1393 2724 etita
1403 2668 1521 2724 demum
1535 2669 1687 2740 pervenire
1699 2668 1809 2741 poteri-

124 2776 191 2815 uam
202 2761 226 2815 si
236 2761 392 2816 voluissetis
409 2778 442 2817 ex
461 2761 504 2816 his
525 2761 593 2833 ipsis
614 2761 761 2817 inutilibus
782 2762 939 2819 simulacris
989 2763 1024 2819 tis
1038 2763 1075 2817 ad
1090 2762 1225 2817 salutem.
1239 2762 1330 2817 Aliter
1341 2760 1517 2834 impossibile
1533 2763 1586 2817 est.
1600 2761 1646 2817 Sic
1663 2762 1744 2818 enim
1758 2779 1809 2818 no-

122 2853 249 2924 profecto
261 2853 436 2925 accepissetis
450 2854 649 2925 intelligentiae
660 2853 746 2909 viam.
760 2854 876 2911 Certum
885 2858 937 2925 est,
988 2856 1032 2912 his
1042 2872 1110 2930 cum
1119 2859 1299 2911 sacramento
1311 2871 1396 2910 verus
1408 2855 1551 2926 Propheta
1564 2857 1685 2911 testatus
1697 2859 1752 2923 est,
1766 2855 1808 2911 di·

122 2944 189 3017 quia
204 2961 255 3017 per
270 2946 378 3001 ferrum
398 2947 553 3003 factasunt
574 2948 734 3016 simulacra,
749 2947 859 3003 fenum
873 2964 939 3004 vero
989 2965 1055 3005 cens
1072 2966 1078 3004 :
1102 2969 1116 2998 «
1137 2950 1238 3018 Amen,
1256 2964 1342 3003 amen
1359 2948 1423 3004 dico
1437 2948 1532 3015 ¹vohis,
1553 2948 1609 3003 nisi
1629 2948 1694 3019 quis
1711 2948 1810 3005 denuo

121 3054 173 3110 per
186 3038 284 3110 ignem
297 3039 456 3096 coniectum
469 3043 521 3095 est.
536 3040 589 3105 Qui
602 3040 677 3112 iguis
695 3057 769 3112 aqua
783 3041 937 3112 exstingui·
988 3046 1105 3098 renatus
1119 3041 1206 3097 fuerit
1219 3058 1255 3097 ex
1265 3040 1420 3112 aquaviva,
1432 3057 1491 3096 uon
1501 3040 1629 3098 introibit
1640 3041 1671 3097 in
1684 3058 1811 3114 reguum

121 3136 178 3201 tur,
193 3148 266 3204 equa
280 3136 377 3188 autem
388 3150 440 3205 per
454 3133 585 3205 spiritum
599 3136 740 3190 movetur.
752 3133 874 3207 Spiritus
886 3150 938 3190 au·
988 3135 1126 3192 coelorum
1142 3134 1231 3206 (loun.
1248 3150 1287 3202 ru,
1303 3135 1356 3204 3).»
1366 3135 1401 3189 Et
1414 3134 1480 3189 ideo
1491 3135 1656 3190 eccelerate.
1668 3135 1719 3190 Est
1730 3136 1809 3191 enim

123 3227 208 3280 lema
221 3227 277 3281 [leo
286 3226 401 3282 initium
414 3226 511 3282 habet,
522 3227 567 3282 Sic
579 3226 657 3281 enim
670 3226 741 3282 dixit
754 3228 861 3299 Moyses
871 3244 937 3299 pro·
987 3229 1018 3284 in
1033 3228 1113 3301 aquis
1126 3227 1186 3282 istis
1198 3227 1396 3283 misericordia
1412 3227 1474 3299 ejus
1487 3227 1618 3300 quaednm
1632 3244 1697 3299 quae
1707 3245 1745 3284 ex
1754 3229 1809 3284 ini-

121 3317 230 3389 pheta:
247 3340 260 3368 «
273 3321 305 3375 ln
318 3319 459 3390 principio
478 3319 545 3375 fecit
558 3320 630 3376 Deus
649 3320 754 3375 coelum
774 3325 804 3375 et
820 3324 937 3376 terram.
988 3321 1028 3377 tio
1051 3320 1195 3377 ferebatur
1215 3337 1302 3392 super
1317 3337 1374 3389 eas,
1389 3324 1419 3375 et
1437 3319 1567 3392 agnoscit
1582 3321 1695 3393 eosqui
1713 3321 1809 3395 bapti·

122 3410 206 3466 Terra
218 3415 316 3467 antem
330 3415 393 3467 erat
406 3411 552 3468 invisibilis
565 3416 593 3467 et
607 3412 804 3485 incomposita,
818 3416 847 3469 et
857 3417 938 3470 tene·
989 3416 1090 3470 zantur
1102 3413 1154 3468 sub
1163 3412 1352 3485 appellatione
1363 3412 1481 3484 triplicis
1494 3413 1674 3483 sacramenti,
1684 3418 1714 3469 et
1724 3415 1810 3487 eripit

123 3503 183 3559 hrae
201 3507 281 3560 eraut
299 3521 385 3576 super
400 3505 504 3561 taciem
523 3505 626 3578 abyssi,
640 3509 669 3561 et
682 3505 804 3577 Spiritus
817 3506 866 3562 Dei
879 3510 939 3562 eret
989 3523 1038 3563 eos
1047 3506 1083 3561 de
1094 3504 1248 3577 suppliciis,
1262 3505 1376 3574 futuris,
1387 3505 1468 3578 quasi
1484 3505 1593 3563 donum
1605 3506 1753 3578 quoddam
1764 3508 1808 3564 ol·

124 3612 210 3668 super
228 3613 317 3669 aquas
339 3597 413 3669 (Gen.
432 3615 452 3663 1,
473 3602 497 3668 l,
518 3599 554 3670 2).
575 3621 588 3648 u
610 3598 665 3663 Qui
686 3598 808 3670 Spiritus
826 3599 939 3655 Domini
988 3600 1083 3656 ferens
1097 3598 1515 3672 Decanimasperbaptismum
1529 3601 1719 3654 consecratas.
1731 3602 1806 3656 Con-

119 3689 202 3760 jussu
216 3691 297 3763 quast
308 3691 369 3763 ipsa
382 3708 484 3747 manus
497 3691 756 3748 Conditorislucem
773 3691 939 3764 separavita
988 3693 1079 3766 fugite
1088 3708 1157 3765 ergo
1171 3692 1207 3747 ad
1221 3709 1309 3764 aquas
1322 3691 1399 3756 istas,
1414 3692 1481 3746 sola
1494 3693 1561 3746 sunt
1574 3692 1651 3747 euim
1665 3709 1732 3764 qua
1744 3710 1808 3765 pos

122 3784 258 3853 tenebris,
273 3789 302 3841 et
315 3787 380 3859 post
391 3784 462 3840 illud
472 3784 612 3842 invisibile
624 3786 727 3842 coelum
740 3785 816 3842 istud
830 3786 939 3843 risibile
988 3790 1054 3842 suut
1068 3786 1125 3840 vim
1139 3785 1229 3841 futuri
1245 3784 1321 3856 iguis
1338 3784 1526 3856 exstinguere.
1541 3784 1582 3840 hd
1595 3800 1665 3857 quas
1678 3785 1729 3857 qui
1743 3802 1806 3841 mo·

122 3878 266 3949 produxit,
282 3881 315 3934 ut
328 3879 475 3952 superiora
488 3879 604 3951 quidem
620 3879 816 3935 habitaculum
833 3880 940 3936 iaceret
988 3884 1069 3934 ratur
1081 3878 1228 3946 accedere,
1242 3879 1354 3933 constat
1367 3877 1398 3933 iu
1408 3894 1443 3933 eo
1458 3877 1550 3933 adhuc
1562 3876 1741 3934 infidelitatis
1750 3878 1810 3935 ido

123 3973 242 4044 angelis,
253 3972 389 4028 iuferiora
401 3989 469 4028 vero
481 3972 656 4028 hominibus.
671 3974 788 4043 Propter
799 3988 849 4027 vos
856 3973 939 4044 jussu
988 3972 1049 4027 lum
1073 3986 1254 4042 permanere,
1274 3972 1304 4025 et
1331 3969 1367 4025 ab
1394 3970 1455 4042 ipso
1484 3970 1628 4042 prohiberi
1655 3971 1693 4025 ad
1720 3987 1809 4044 aquas

122 4064 262 4135 betaque
280 4080 344 4136 quae
363 4069 424 4119 erat
443 4080 528 4135 super
546 4063 647 4119 taciem
666 4068 751 4119 terrae
771 4064 896 4132 secessit,
906 4067 940 4119 ut
987 4079 1142 4136 properare
1155 4079 1219 4136 qua
1232 4062 1524 4119 salutemconierunt.
1539 4062 1603 4120 Sive
1617 4063 1809 4136 euimjustus,

122 4158 200 4209 terra
213 4155 292 4211 robis
306 4155 475 4227 produceret
489 4156 606 4210 tructus.
621 4154 672 4211 Cui
683 4155 770 4211 etiam
785 4156 939 4212 humorum
987 4158 1045 4214 sive
1053 4157 1089 4213 sit
1095 4155 1228 4229 injustus,
1236 4155 1393 4229 baptismus
1401 4172 1454 4227 per
1462 4155 1558 4211 omnia
1566 4156 1745 4213 necessarius
1755 4160 1808 4228 est,

123 4261 208 4300 venas
228 4247 351 4304 latenter
368 4247 489 4304 inseruit
507 4251 538 4302 ut
555 4246 634 4303 vohis
653 4264 685 4302 ex
710 4266 745 4305 ea
763 4248 940 4321 profluerent
985 4251 1062 4324 justo
1081 4250 1200 4322 quidem
1213 4255 1243 4305 ut
1255 4250 1448 4322 adimpleatur
1462 4248 1492 4304 in
1512 4265 1545 4304 eo
1563 4248 1702 4322 perfectio
1716 4253 1747 4304 et
1759 4266 1808 4305 re·

122 4338 214 4394 fontes
233 4343 261 4394 ct
278 4340 407 4399 hmine.
422 4343 541 4413 Pmpter
553 4359 605 4397 uos
625 4343 785 4414 producere
798 4343 877 4415 jussa
896 4347 939 4399 est
987 4348 1142 4417 generetur
1154 4345 1223 4411 Deo,
1234 4343 1340 4414 injusto
1351 4358 1417 4397 vero
1432 4345 1465 4397 ut
1475 4346 1659 4413 peccatorum
1670 4358 1736 4413 quas
1748 4358 1811 4416 ges·

123 4431 279 4489 animantia
291 4438 319 4490 et
340 4435 436 4491 omnia
458 4452 523 4507 quae
543 4439 640 4493 nostro
661 4437 725 4492 usui
746 4435 977 4510 voluntatiqueD
988 4439 1025 4495 sit
1035 4438 1165 4493 remissio
1178 4436 1361 4493 coucedatur.
1376 4434 1515 4491 Omnibus
1528 4451 1597 4507 ergo
1610 4434 1809 4492 festinandum

123 4526 271 4584 servirent.
284 4529 327 4584 An
343 4545 400 4584 nou
413 4532 531 4601 propter
542 4546 590 4584 vos
602 4528 681 4584 venti
701 4529 832 4602 spirant?
854 4534 886 4585 ut
904 4547 938 4586 ex
989 4533 1032 4587 est
1047 4530 1108 4587 siue
1122 4546 1202 4586 mora
1219 4529 1330 4585 renasci
1344 4530 1413 4597 Deo,
1424 4533 1453 4585 et
1465 4527 1582 4584 demum
1597 4528 1762 4600 consignari
1771 4529 1810 4585 ab

123 4618 192 4691 ipsis
204 4621 367 4694 concipiens
381 4623 488 4678 fructus
501 4622 581 4679 vobis
596 4627 674 4678 terra
686 4623 849 4695 parturiat?
862 4625 937 4679 Non·
989 4625 1132 4697 episcopo,
1143 4623 1172 4678 id
1182 4628 1234 4690 est,
1244 4622 1441 4695 septiformem
1455 4622 1577 4693 gratiam
1586 4620 1707 4694 Spiritus
1716 4621 1810 4677 sancti

123 4726 159 4767 ne
171 4717 288 4786 propter
299 4732 348 4770 vos
362 4715 467 4773 imbres
486 4716 632 4788 profluunt
644 4718 674 4771 et
686 4719 817 4789 tempora
831 4716 937 4772 vicissi-
987 4717 1144 4791 percipere,
1164 4716 1230 4787 quia
1252 4715 1377 4772 incertus
1402 4719 1445 4772 est
1466 4715 1688 4787 uniuscujusque
1714 4714 1809 4770 exitus

122 4805 235 4862 tudines
248 4809 381 4866 mutant?
397 4811 469 4865 Num
483 4814 601 4884 propter
614 4826 663 4866 vos
675 4810 715 4866 sol
732 4810 831 4879 oritur,
848 4813 877 4865 et
890 4827 937 4866 oc·
988 4810 1061 4866 vita.
1077 4810 1146 4866 Cum
1167 4813 1263 4865 summ
1283 4810 1469 4880 regeneratus
1483 4808 1570 4864 luerit
1581 4824 1633 4879 per
1646 4823 1764 4879 aquam,
1780 4812 1810 4863 et

121 4897 198 4967 cidit,
219 4903 249 4956 et
266 4902 439 4959 mutationes
463 4903 532 4959 luna
555 4903 736 4978 perpetitur?
754 4908 871 4975 propter
889 4920 939 4959 vos
987 4903 1172 4977 postmodum
1185 4902 1358 4974 septiformis
1370 4901 1492 4973 Spiritus
1506 4900 1643 4973 gretiaab
1657 4900 1806 4972 episcopo,

122 5007 204 5049 mare
229 4995 341 5052 exhibet
362 4997 531 5053 famulatum
556 5014 650 5067 suum,
673 5001 706 5053 ut
723 4996 802 5053 vohis
820 4996 939 5070 ingratis
988 4992 1808 5066 utmemoratumest,coullrmatus‚quiaaliterperfectus

122 5077 525 5160 cunctasubjaceant?Nonue
537 5107 590 5162 pro
600 5090 788 5147 hisomnihus
796 5090 875 5162 justa
884 5090 940 5146 erit
989 5107 1049 5148 esse
1075 5089 1249 5146 Christianus
1276 5102 1463 5161 nequaquam
1491 5087 1608 5161 poterit,
1629 5101 1680 5142 nec
1704 5085 1808 5141 sedem

121 5179 413 5255 ultiouispoena‚quia
422 5184 524 5239 horum
532 5183 663 5239 omnium
673 5184 841 5256 largitorem
851 5200 939 5255 quem
987 5184 1094 5241 habere
1113 5184 1189 5240 inter
1206 5182 1346 5255 perfectos
1372 5181 1395 5236 si
1412 5197 1473 5237 uon
1492 5179 1669 5248 necessitate,
1690 5178 1741 5233 sed
1761 5178 1808 5233 in·

122 5277 189 5329 ante
202 5274 299 5330 omnia
309 5279 336 5331 et
348 5291 502 5348 agnoscere
513 5278 682 5333 etvenerari
693 5277 839 5348 debuistis,
847 5279 939 5333 solum
988 5278 1067 5334 curia
1084 5280 1134 5333 aut
1152 5275 1296 5332 voluntate
1316 5274 1493 5341 remanserit,
1514 5277 1546 5328 ut
1571 5289 1588 5328 a
1614 5272 1698 5328 beato
1725 5272 1810 5326 Petro

122 5366 187 5441 12
203 5384 262 5439 praa
274 5369 382 5425 ceteris
395 5369 555 5442 ignoratis?
568 5371 622 5428 Sed
646 5374 675 5426 et
692 5387 770 5427 nuuc
792 5387 844 5444 per
861 5370 938 5426 idem
990 5372 1119 5445 apostolo
1133 5369 1296 5442 accepimus
1310 5373 1339 5424 et
1353 5368 1449 5425 ceteri
1463 5366 1551 5423 murti
1566 5364 1687 5438 apostoli
1704 5363 1808 5436 praci-

120 5475 171 5515 sos
180 5461 274 5517 adhuc
284 5461 541 5535 inintelligentiam
552 5465 614 5537 ejus
624 5463 821 5521 duco.Videtis
831 5465 939 5521 etenim
990 5464 1087 5538 plenta
1101 5463 1222 5520 Domino
1234 5462 1402 5532 docuerunt,
1410 5460 1607 5517 etdemumex
1615 5456 1750 5531 operibus
1758 5456 1808 5511 bc·

122 5555 201 5625 quod
211 5556 306 5613 omnia
316 5557 475 5630 gignuntur
487 5573 520 5614 ex
537 5558 627 5632 aquis,
640 5574 713 5629 aqua
724 5574 792 5615 vero
807 5573 859 5630 per
869 5558 938 5614 Uni·
989 5559 1035 5616 uis
1042 5557 1175 5616 ostendet
1182 5556 1211 5613 iu
1220 5571 1250 5612 se
1259 5554 1477 5611 similitudinem
1483 5553 1555 5625 ejus,
1562 5551 1612 5624 qui
1619 5566 1685 5608 eum
1696 5550 1809 5622 genuit,

122 5648 297 5718 genitumex
312 5652 394 5707 initio
408 5653 484 5708 tacta
498 5656 550 5720 est,
565 5651 709 5724 Unigeniti
722 5669 789 5709 vero
807 5651 938 5724 omnipo·
988 5653 1087 5708 Patris.
1101 5651 1243 5709 Posthac
1256 5663 1321 5704 vero
1337 5652 1474 5720 agnoscat
1488 5645 1644 5704 Dominum
1658 5644 1808 5710 honorare,

123 5743 187 5795 teus
202 5742 274 5799 Deus
286 5749 371 5816 caput
386 5750 437 5817 est,
452 5761 505 5819 per
518 5761 605 5819 quem
621 5745 670 5802 tali
686 5745 797 5818 ordine,
808 5749 840 5802 ut
856 5761 940 5817 supra
989 5744 1084 5815 honor
1102 5747 1200 5801 eutem
1220 5743 1282 5815 ejus
1301 5743 1353 5812 est,
1374 5743 1406 5797 ut
1424 5740 1462 5797 ita
1481 5739 1556 5796 vivat
1573 5736 1719 5810 sicutipse
1734 5735 1807 5804 vult3
