3870 6150
135 265 185 320 rso
754 272 989 330 nscnrrauru
1008 273 1200 331 connscno.
1695 255 1697 258 ’
1765 278 1815 336 iao

133 375 202 429 ulios
219 373 318 431 audiat
339 373 533 434 detrahentes.
557 379 675 448 Sedens,
696 381 799 455 inquit,
821 383 952 440 adversus
962 394 1093 469 Aregno
1113 384 1217 440 Christi
1231 388 1260 440 et
1281 384 1341 440 Ilei.
1364 385 1454 442 Nemo
1475 400 1523 440 vos
1545 385 1663 441 seducat
1683 383 1817 443 manibus

133 469 253 524 fratrem
273 473 355 525 tuum
377 471 540 544 loquebaris
557 475 745 545 detrahendo,
769 479 798 533 et
818 477 952 534 adversus
1000 477 1093 532 verbis
1110 481 1227 550 propter
1241 479 1319 534 enirn
1332 479 1408 535 venit
1424 479 1468 534 ira
1488 478 1536 535 oei
1551 478 1581 534 in
1595 478 1667 534 lilios
1681 480 1815 537 diffiden-

132 562 224 618 filium
240 564 342 619 matris
355 568 412 620 ture
425 566 551 638 ponebas
564 569 740 640 scandalum,
757 573 801 626 etc
812 587 819 626 :
831 573 952 627 Parcant
1000 572 1058 640 tice,
1074 572 1162 628 nolite
1175 588 1245 643 ergo
1259 572 1331 628 effici
1344 572 1497 645 participes
1510 588 1618 628 eorum.
1634 573 1725 630 Eratis
1737 575 1816 631 enim

133 657 240 728 singuli
265 657 433 714 detractioni
453 659 567 731 lingua,
593 662 752 719 custodiant
776 680 840 735 qnae
866 667 952 737 atque
1002 664 1155 738 aliquando
1169 664 1303 734 tenebre,
1319 682 1395 720 nunc
1408 671 1504 721 autem
1522 666 1571 721 lux
1589 666 1618 721 in
1637 667 1768 738 Domino,
1785 672 1817 724 ut

133 768 279 807 sermones
292 769 368 820 suos,
382 753 524 822 etsciant,
545 755 612 827 quia
632 761 732 813 cuncta
753 773 818 829 quae
837 758 873 814 de
889 758 951 814 eliis
1000 759 1134 815 tlliilucis
1147 759 1305 814 ambulate.
1322 759 1438 814 Fructus
1451 758 1611 815 enimlucis
1630 764 1673 816 est
1691 759 1720 815 in
1736 762 1815 818 omni

132 845 291 917 loqurmtur
304 863 354 901 sua
374 848 515 903 sententia
527 848 742 920 judicabuntur.
761 851 848 907 Nemo
863 851 950 907 invito
999 852 1137 922 bonitate,
1166 858 1194 908 et
1209 852 1320 924 justitia
1338 856 1366 906 et
1385 852 1511 921 veritate,
1528 852 1679 924 probantes
1698 854 1768 925 quid
1782 855 1818 912 eit

131 939 257 994 auditori
271 939 396 996 libenter
410 941 505 997 refert.
520 942 609 998 Officii
625 943 804 1016 singulorum
819 946 864 1015 sit,
880 946 949 1003 dile·
999 945 1211 1018 beneplacitum
1226 946 1293 1000 Deo.
1311 946 1345 1000 Et
1357 945 1443 1001 nolite
1458 946 1668 1001 communicare
1683 947 1816 1019 operibus

131 1032 264 1099 ctissimi,
288 1050 346 1089 non
367 1034 459 1090 solum
479 1038 576 1091 oculos
593 1042 685 1093 castos
708 1053 830 1109 servare,
851 1040 899 1095 sed
922 1043 951 1095 et
1000 1038 1181 1095 infructuosis
1201 1039 1396 1110 tenebrarum,
1413 1040 1508 1111 magis
1526 1043 1623 1095 autem
1640 1041 1814 1113 redarguite.

128 1127 275 1199 linguam.
290 1127 346 1183 ltee
362 1129 431 1200 quid
443 1129 473 1184 in
487 1131 656 1202 cujusquam
668 1132 753 1187 domo
767 1136 879 1204 agatur,
895 1133 950 1190 alia
999 1134 1066 1198 Quae
1078 1133 1155 1189 enim
1169 1132 1198 1187 in
1211 1133 1321 1189 occulto
1334 1133 1408 1188 fiunt
1417 1133 1453 1187 ab
1470 1132 1540 1205 ipsis
1555 1138 1639 1205 turpe
1653 1138 1696 1189 est
1710 1134 1815 1192 dicere.

129 1221 233 1276 domus
247 1237 300 1292 per
326 1237 374 1277 ros
399 1240 527 1296 unquam
548 1225 669 1280 noverit.
696 1225 823 1282 Habeant
848 1243 949 1285 omnes
1000 1227 1101 1282 Omnia
1113 1231 1210 1282 autem
1225 1242 1289 1299 quoe
1303 1230 1464 1300 arguuntur
1478 1226 1616 1282 alumine
1631 1225 1814 1284 manifestan-

127 1315 343 1387 simplicitatem
368 1316 507 1373 columbae
531 1334 567 1374 ne
589 1318 721 1391 cuiquam
749 1321 950 1377 machinentur
999 1323 1060 1390 tur;
1085 1335 1170 1376 omne
1203 1320 1282 1375 enim
1305 1320 1381 1392 quod
1401 1320 1599 1376 manifestatur
1634 1320 1733 1376 lumen
1754 1325 1815 1392 est;

128 1409 209 1464 dolos
222 1413 253 1464 et
264 1410 404 1482 serpentis
418 1411 560 1481 astutiam,
575 1428 612 1469 ne
625 1412 747 1469 aliorum
766 1416 949 1486 supplanten-
999 1413 1207 1486 propterquod
1225 1413 1316 1469 dicit:
1337 1414 1427 1485 Surge
1445 1413 1496 1484 qui
1516 1413 1634 1483 dormis,
1655 1417 1684 1470 et
1699 1429 1819 1486 exsurge

127 1507 174 1557 tur
188 1502 311 1558 insidiis.
333 1504 393 1559 Non
412 1509 454 1560 est
473 1505 644 1562 humilitatis
660 1523 732 1563 meae
754 1524 848 1579 neque
863 1524 948 1564 men·
998 1507 1156 1576 amortuis,
1171 1511 1200 1562 et
1212 1507 1387 1563 illuminabit
1399 1511 1426 1563 te
1439 1506 1575 1562 Christus.
1594 1507 1692 1564 Videte
1708 1509 1815 1580 itaque,

127 1613 201 1651 surae
212 1597 344 1668 jirdicare
357 1597 392 1652 de
407 1599 515 1653 caeteris
527 1605 556 1655 et
571 1600 606 1655 de
621 1600 761 1656 ministris
769 1601 949 1658 ecclesiarum
997 1601 1110 1670 tratres,
1124 1601 1268 1672 quomodo
1288 1607 1368 1656 caute
1382 1601 1544 1668 arnbuletis,
1565 1616 1625 1656 non
1645 1601 1726 1674 quasi
1745 1601 1816 1657 insi-

126 1691 278 1746 sinistrum
291 1691 438 1764 quippiam
451 1691 555 1749 dicere.
572 1693 650 1749 Absit
661 1698 693 1749 ut
710 1676 865 1767 quicquam
877 1694 947 1751 sini-
997 1694 1117 1766 pientes,
1138 1694 1244 1750 scilicet
1263 1698 1294 1750 ut
1315 1695 1466 1767 sapientes,
1494 1695 1668 1750 redimentes
1690 1699 1816 1767 tempus,

127 1791 219 1839 strum
225 1784 426 1856 dehisloquar,
435 1785 640 1858 quiapostolico
647 1786 947 1859 graduisnccedentes,
957 1776 987 1849 Β
998 1788 1138 1860 qnoniam
1153 1788 1215 1844 dies
1228 1787 1297 1843 mali
1310 1793 1386 1844 sunt.
1406 1790 1557 1861 Propterea
1568 1789 1656 1844 nolite
1678 1787 1741 1845 fieri
1759 1788 1814 1844 im·
1902 1778 1907 1783 ’

126 1877 232 1933 Christi
245 1894 347 1950 corpus
365 1896 445 1934 sacro
469 1896 518 1935 ore
544 1880 705 1951 conficiunt,
729 1898 780 1953 per
802 1898 872 1954 quos
893 1899 946 1938 nos
995 1881 1160 1953 prudentes,
1188 1881 1238 1938 sed
1261 1882 1451 1954 intelligentes
1472 1898 1537 1954 quae
1556 1882 1592 1938 sit
1609 1882 1737 1937 voluntas
1753 1882 1814 1951 bei,

128 1972 217 2026 etiam
231 1971 384 2027 Christiani
402 1989 511 2043 sumus,
535 1973 585 2046 qui
607 1975 696 2029 claves
715 1975 795 2046 regni
808 1975 946 2031 coelorum
993 1979 1024 2030 et
1037 1975 1123 2032 nolite
1136 1975 1271 2031 inebriari
1284 1975 1360 2044 rino,
1376 1975 1407 2030 in
1420 1991 1478 2048 quo
1494 1981 1537 2032 est
1555 1976 1676 2040 luxuria,
1691 1975 1742 2031 sed
1756 1976 1812 2031 im·

129 2064 267 2120 habentes
281 2069 346 2121 ante
355 2066 455 2138 judicii
477 2067 554 2123 diem
569 2067 708 2139 judicant.
724 2069 818 2126 Veteri
831 2070 947 2142 quidem
996 2068 1114 2141 plemini
1132 2068 1240 2141 Spiritu
1259 2074 1366 2135 sancto,
1387 2070 1536 2141 loquentes
1555 2067 1762 2140 vobismetipsis
1780 2069 1813 2126 in

127 2158 194 2230 lege
206 2159 335 2227 habetur,
351 2159 513 2232 quicunque
526 2161 719 2218 sacerdotibus
729 2163 945 2237 nonobtempe-
995 2162 1122 2234 psalmis,
1138 2163 1255 2234 hymnis
1269 2167 1299 2218 et
1312 2162 1427 2218 canticis
1441 2162 1644 2235 spiritualibus,
1666 2167 1814 2218 cantantes

127 2257 224 2320 msset,
235 2258 285 2307 aut
295 2256 375 2308 extra
386 2260 476 2310 castra
485 2255 591 2327 positus
608 2256 787 2328 lapidabatur
803 2258 945 2330 apopulo,
997 2260 1025 2311 et
1036 2255 1190 2326 psallentes
1205 2255 1236 2310 in
1250 2255 1384 2311 cordibus
1403 2255 1513 2324 vestris,
1534 2255 1672 2326 Domino;
1688 2256 1813 2311 Domino

127 2350 176 2399 aut
199 2346 297 2418 gladio
320 2347 429 2402 cervice
453 2347 577 2419 subjecta
603 2353 797 2422 contemptum
816 2351 947 2423 expiabat
997 2350 1104 2420 gratias
1125 2353 1242 2422 agentes
1260 2365 1373 2421 semper
1391 2366 1445 2422 pro
1466 2349 1615 2421 omnibus,
1636 2349 1667 2404 in
1695 2351 1815 2405 nomine

127 2456 240 2495 cruore.
251 2441 332 2496 Nunc
345 2457 412 2496 vero
432 2441 597 2498 inobediens
613 2442 753 2515 spirituali
767 2445 945 2501 animadver·
997 2442 1111 2498 Domini
1122 2443 1213 2499 nostri
1225 2445 1291 2499 lesu
1306 2443 1409 2499 Christi
1424 2444 1480 2498 ilco
1496 2447 1524 2499 et
1540 2443 1618 2498 Patri
1634 2443 1755 2514 subjecti
1767 2443 1813 2525 in·

125 2535 206 2588 sione
221 2536 381 2605 truncatur,
397 2539 426 2590 ct
440 2535 547 2607 ejectus
565 2536 601 2591 ab
623 2536 754 2608 Ecclesia,
775 2538 871 2594 rabido
886 2539 945 2594 dae·
996 2535 1086 2591 ricem
1099 2537 1128 2591 in
1142 2536 1246 2592 timore
1260 2535 1364 2592 Christi
1375 2536 1481 2607 (Epiros.
1495 2553 1533 2606 rv,
1547 2538 1644 2604 2er
1658 2553 1686 2604 v,
1702 2535 1812 2607 eall.»

125 2643 249 2682 monum
263 2644 313 2682 ore
326 2628 497 2700 decerpitur.
512 2630 629 2702 Oportet
642 2631 729 2701 enim,
749 2634 843 2705 utqui
856 2634 946 2688 ileum
1033 2630 1109 2686 State
1125 2629 1220 2702 itaque
1235 2630 1343 2696 iratres,
1357 2634 1386 2686 et
1407 2634 1501 2686 tenete
1516 2629 1684 2694 traditiones
1700 2633 1813 2702 aposto·

126 2721 294 2776 haereditate
320 2722 473 2794 possident,
505 2722 612 2796 absque
650 2725 706 2780 ullo
738 2725 946 2797 impedimento
996 2724 1134 2779 lorumet
1152 2723 1412 2796 apostolicaesedis,
1433 2723 1815 2780 utDominusnostertesus

126 2814 223 2870 saeculi
250 2816 309 2869 Deo
334 2815 466 2884 serviant,
488 2820 519 2872 ut
543 2817 636 2873 dicere
657 2819 790 2891 possint:
812 2820 947 2877 Dominus
996 2817 1133 2887 Christus,
1148 2820 1177 2872 et
1194 2820 1278 2874 Peter
1297 2821 1403 2885 noster,
1425 2817 1473 2889 qui
1494 2817 1593 2873 dilexit
1611 2833 1674 2888 nos,
1697 2819 1725 2871 et
1738 2816 1816 2873 dedit

125 2926 190 2980 pars
207 2909 384 2965 haereditatis
398 2927 487 2980 meae;
503 2927 519 2966 o
534 2928 622 2984 quarn
639 2912 733 2969 bonus
751 2917 781 2968 et
800 2915 892 2970 suavis
904 2920 947 2972 cst
997 2911 1219 2968 consolationem
1235 2914 1381 2978 aeternam,
1396 2915 1424 2967 et
1441 2927 1523 2984 spem
1543 2912 1649 2967 bonam
1661 2911 1692 2966 in
1709 2911 1814 2984 gratia,

124 3003 241 3075 spiritus
266 3007 341 3072 tuus,
362 3004 493 3075 Domine,
518 3005 548 3060 in
571 3006 713 3063 omnibus.
736 3009 830 3063 Parcis
850 3013 947 3064 autem
997 3006 1162 3061 exhortetur
1191 3005 1277 3061 corda
1307 3009 1410 3076 restra,
1438 3009 1467 3061 et
1499 3006 1652 3061 confirmet
1672 3005 1702 3060 in
1735 3004 1814 3061 omni

124 3096 261 3152 omnibus
283 3097 422 3169 quoniam
443 3103 493 3154 tua
516 3104 591 3170 sunt,
615 3101 745 3170 Domine,
766 3101 816 3173 qui
836 3103 946 3160 animas
997 3115 1082 3171 opere
1096 3103 1125 3154 et
1136 3099 1167 3153 in
1180 3115 1313 3155 sermone
1327 3099 1412 3154 bono.
1426 3101 1464 3156 lle
1477 3104 1590 3169 caetero,
1605 3099 1715 3166 fratres,
1733 3102 1813 3153 orate

124 3207 214 3246 amas.
231 3191 356 3262 ideoque
376 3193 428 3248 hos
450 3192 499 3264 qui
522 3199 653 3249 exerrant
670 3195 797 3266 partibus
816 3197 944 3269 corripis,
956 3147 984 3222 C
996 3209 1048 3265 pro
1072 3193 1154 3248 nobis
1178 3197 1209 3248 ut
1231 3208 1323 3248 sermo
1344 3192 1460 3249 Domini
1482 3198 1579 3248 currat
1595 3195 1624 3248 et
1645 3192 1815 3248 clarificetur

122 3290 149 3338 et
163 3284 200 3338 de
213 3283 320 3356 quibus
332 3290 451 3356 peccant
469 3286 605 3342 admones
626 3291 655 3343 et
675 3288 837 3361 alloqueris,
852 3295 884 3346 ut
900 3308 945 3346 re·
996 3287 1068 3343 sicut
1083 3289 1112 3342 et
1126 3286 1203 3359 apud
1218 3304 1274 3360 ros,
1296 3289 1325 3342 et
1338 3290 1370 3341 ut
1382 3287 1537 3343 liberemur
1550 3287 1585 3342 ab
1600 3286 1773 3359 importunis
1785 3290 1815 3342 et

122 3377 189 3432 licta
202 3376 317 3432 malitia
329 3378 446 3434 credant
458 3379 488 3434 in
501 3384 538 3448 te,
555 3380 685 3437 Domine.
703 3383 743 3437 Tu
753 3386 860 3454 antem,
874 3386 947 3442 Deus
996 3381 1078 3437 malis
1104 3380 1278 3437 hominihus.
1309 3383 1370 3436 Non
1407 3381 1484 3437 enim
1513 3380 1642 3437 omnium
1666 3384 1708 3435 est
1732 3379 1812 3435 tides.

121 3475 232 3538 noster,
246 3470 342 3526 suavis
355 3475 477 3528 etverus
493 3489 523 3527 es
537 3472 647 3544 patiens
661 3478 690 3531 et
707 3475 738 3532 in
752 3477 947 3534 misericordia
997 3474 1099 3530 Fidelis
1126 3479 1222 3531 autem
1252 3476 1326 3530 Deus
1348 3479 1390 3530 est
1415 3476 1465 3547 qui
1492 3474 1672 3531 confirmabit
1698 3490 1757 3543 ros,
1785 3476 1814 3529 et

121 3563 282 3637 disponens
307 3565 414 3621 omnia.
444 3567 568 3638 Etenim,
601 3568 624 3622 si
655 3570 873 3642 peccaverimus,
904 3570 946 3627 tui
996 3568 1137 3624 custodiet
1157 3585 1174 3622 a
1194 3568 1279 3623 malo.
1304 3568 1481 3641 Quapropter
1501 3568 1597 3640 ponite
1618 3567 1815 3623 indesinenter

121 3675 224 3714 sumus
240 3658 360 3713 scientes
375 3660 602 3732 magnitudinem
618 3664 705 3717 tuam.
723 3663 792 3718 Etsi
810 3680 945 3736 nonpec·
996 3661 1199 3717 cordavestra
1225 3661 1254 3716 in
1280 3661 1383 3716 virtute
1409 3662 1469 3732 Dei,
1498 3668 1527 3717 et
1552 3662 1673 3718 resistite
1698 3676 1815 3732 semper

122 3753 297 3819 carerimus,
311 3752 416 3809 scimus
429 3753 564 3825 quoniam
591 3756 666 3827 apud
679 3760 706 3812 te
719 3773 944 3830 sumuscompu-
996 3754 1078 3810 malis
1101 3758 1130 3809 ct
1153 3758 1283 3811 enarrate
1310 3755 1370 3810 haec
1393 3755 1474 3825 juxta
1498 3771 1597 3809 vocem
1619 3754 1765 3828 prophete
1784 3753 1814 3808 in

120 3847 183 3901 tati.
200 3846 324 3918 Spiritus
341 3846 504 3902 timentium
522 3849 675 3904 [lominum
695 3851 835 3921 quaeritur
851 3852 945 3921 abeo,
996 3847 1147 3920 progenies
1174 3847 1291 3917 alteras,
1321 3848 1458 3921 quoniam
1491 3848 1538 3903 hic
1564 3850 1607 3902 est
1637 3848 1713 3902 Deus
1741 3847 1813 3902 Deus

122 3941 196 3997 etin
211 3944 344 4011 respectu
358 3939 433 3996 illius
447 3940 661 3998 benedicentur.
681 3944 867 4018 Quapropter,
888 3947 946 4002 ira·
996 3947 1093 3999 noster
1106 3941 1137 3997 in
1153 3944 1306 4010 eternum,
1322 3941 1424 4014 etipse
1438 3944 1518 4014 reget
1529 3956 1581 3995 nos
1593 3940 1623 3996 in
1638 3941 1750 3996 saecula.

121 4038 179 4088 tres
192 4033 365 4104 charissimi,
383 4055 397 4084 c
413 4035 505 4090 omnis
520 4052 611 4091 sermo
625 4030 722 4092 malus'
735 4055 769 4094 ex
791 4057 839 4095 ore
853 4044 945 4097 restro
1032 4036 1113 4092 Unde
1126 4052 1185 4104 vos,
1200 4034 1295 4107 quiin
1314 4035 1427 4107 specula
1447 4051 1470 4111 αγ
1482 4034 1603 4089 Domino
1621 4033 1687 4089 estis
1704 4034 1812 4089 consti-

122 4144 181 4182 non
200 4127 347 4198 procedat,
372 4128 420 4184 sed
439 4128 463 4184 si
482 4129 544 4202 quis
562 4129 653 4186 bonus
671 4136 712 4187 est
730 4133 766 4188 ad
785 4134 944 4190 aedificatio·
996 4130 1060 4199 tuti,
1082 4128 1271 4202 comprimere
1295 4134 1324 4184 et
1340 4129 1478 4202 repellere
1496 4145 1543 4184 eos
1560 4144 1741 4201 summopere
1764 4128 1813 4182 de·

124 4237 191 4275 uem
201 4221 427 4293 opportunitatis
441 4227 475 4279 ut
496 4223 544 4279 det
566 4225 689 4297 gratiam
709 4227 904 4299 audientibus;
918 4232 947 4284 et
996 4223 1078 4291 betis,
1097 4223 1147 4296 qui
1167 4223 1302 4279 iratrihm
1320 4222 1438 4278 insidias
1455 4228 1626 4295 preparant,
1646 4221 1746 4278 autin
1767 4238 1815 4277 eos

125 4315 212 4370 nolite
237 4314 407 4400 contristare
432 4317 568 4389 Spiritum
591 4324 720 4374 sanctum
751 4320 800 4376 Dei
834 4322 864 4377 in
890 4339 946 4394 quo
996 4317 1160 4387 seditiones,
1190 4321 1218 4372 et
1243 4318 1376 4382 scandala
1402 4317 1540 4384 excitant;
1563 4316 1645 4372 facile
1670 4321 1713 4373 est
1735 4315 1813 4372 enim

127 4409 228 4480 signati
238 4409 306 4464 estis
317 4409 347 4464 in
359 4409 435 4465 diem
444 4411 656 4483 redemptionis.
667 4413 767 4468 Omnis
775 4415 944 4488 amaritudo,
996 4412 1143 4467 hominem
1154 4412 1241 4467 verbo
1251 4412 1358 4481 fallere,
1371 4411 1418 4467 sed
1439 4428 1496 4466 non
1504 4411 1668 4466 Dominum.
1681 4411 1745 4468 ldeo
1761 4411 1813 4465 hos

130 4507 156 4556 ct
169 4503 223 4574 ira,
238 4507 268 4558 et
287 4503 457 4575 indignatio,
474 4508 503 4560 et
516 4507 633 4575 clamor,
654 4511 683 4563 et
699 4507 878 4580 blasphemia
891 4512 944 4567 tol·
954 4520 984 4594 D
995 4506 1215 4578 reprehendere,
1237 4508 1266 4562 et
1283 4506 1318 4560 ab
1332 4505 1376 4561 his
1388 4521 1438 4560 ros
1458 4509 1585 4560 avertere
1602 4510 1722 4577 oportet,
1739 4520 1810 4576 qua-

130 4596 199 4653 latur
212 4614 231 4651 a
243 4597 324 4652 vobis
336 4615 402 4653 cum
419 4599 499 4654 omni
513 4600 632 4656 malitia.
650 4602 744 4658 Estote
764 4609 860 4658 autem
873 4604 946 4659 invi·
995 4605 1078 4655 tenus
1101 4598 1241 4655 exstincta
1264 4599 1392 4654 funditus
1415 4598 1580 4670 hujusmodi
1604 4597 1739 4670 caligine,
1766 4598 1812 4653 lu-

129 4705 184 4744 cem
202 4691 336 4762 benigni,
357 4692 561 4762 misericordes,
581 4694 718 4752 donantes
736 4696 859 4752 invicem
876 4697 948 4754 sicut
996 4693 1066 4748 citer
1078 4693 1117 4750 eis
1138 4693 1327 4766 resplendeat,
1349 4696 1378 4748 et
1396 4691 1494 4746 laetitia
1515 4692 1621 4747 oriatur
1634 4692 1665 4747 in
1680 4691 1812 4747 cordibus

129 4788 153 4836 el
166 4785 240 4839 Deus
261 4784 292 4838 in
305 4784 414 4840 Christo
429 4787 544 4841 donavit
556 4787 643 4842 vobis.
659 4790 754 4843 Estote
767 4805 836 4862 ergo
849 4790 945 4847 imita·
997 4784 1676 4854 eorum.Confidimusautemderobis,fratrcs,in
1682 4785 1813 4856 Domino,

128 4881 199 4931 tores
227 4877 280 4931 Dei
307 4876 380 4931 sicut
407 4878 457 4933 lilii
481 4879 650 4951 charissimi,
685 4885 714 4937 ct
747 4883 889 4940 ambulate
916 4886 946 4941 in
996 4879 1813 4954 qnoniamquaprecepimusetlacitis,ellaciecisouanso

128 4969 273 5025 dilectione
297 4971 368 5026 sicut
383 4975 412 5027 et
435 4972 563 5029 Christus
587 4974 687 5031 dilexit
708 4991 761 5030 nos
780 4981 809 5031 et
831 4979 947 5035 tradidit
996 4976 1073 5031 enim
1093 4976 1231 5032 beneficia
1250 4978 1340 5030 vestra
1356 4975 1400 5030 his
1418 4975 1540 5046 amplius
1562 4974 1711 5042 exhibetis,
1735 4976 1813 5028 tanto

127 5065 310 5136 semetipsum
331 5081 383 5136 pro
401 5065 482 5122 nobis
502 5067 674 5124 oblationem
692 5073 721 5124 et
741 5070 865 5126 hostiam
890 5073 945 5128 Deo
996 5069 1136 5140 majorem
1161 5069 1384 5125 vicissitudinem
1410 5068 1445 5123 ab
1472 5068 1662 5140 omnipotenti
1688 5069 1745 5124 Deo
1766 5066 1813 5122 cui

127 5155 152 5212 in
176 5158 296 5213 odorem
321 5160 466 5216 suavitatis
477 5179 487 5231 ς
515 5161 664 5218 fornicatio
687 5168 784 5220 autem
805 5169 834 5220 et
854 5166 946 5222 omnis
996 5163 1123 5218 serviunt
1154 5163 1328 5235 exspectatis.
1365 5161 1551 5234 Omnipotens
1583 5165 1658 5217 Dens
1691 5177 1740 5216 sua
1765 5176 1812 5214 vos

127 5249 308 5308 immunditia
322 5259 373 5309 aut
385 5254 504 5310 avaritia
519 5272 577 5311 non
591 5257 757 5314 nominetur
767 5259 797 5314 in
810 5259 898 5328 vobis,
912 5259 946 5318 si-
996 5257 1172 5330 protectione
1198 5257 1336 5312 custodiat
1360 5256 1558 5329 honoremque
1586 5261 1614 5311 et
1636 5258 1811 5327 praeceptum

127 5346 401 5416 cutdecetsanctos,
416 5353 465 5404 aut
482 5349 640 5421 turpitudo,
662 5355 711 5407 aut
726 5352 944 5424 stultiloquium,
995 5367 1105 5407 servare
1130 5350 1280 5418 concedat,
1304 5353 1332 5406 et
1359 5350 1449 5423 gloria
1475 5352 1623 5422 honorque
1652 5348 1709 5403 Deo
1733 5344 1810 5400 Patri

126 5444 169 5495 aut
183 5438 342 5495 scurrilitas
354 5456 419 5513 qnae
432 5441 468 5497 ad
482 5458 545 5498 rem
560 5445 840 5516 nonpertinent,sed
854 5446 947 5518 magis
996 5445 1196 5517 omnipotenti,
1228 5446 1347 5518 ejusque
1388 5445 1536 5516 unigenito
1568 5442 1637 5498 Filio
1674 5438 1810 5495 Salvatori

125 5534 286 5603 gratiarum
297 5534 381 5591 actio.
394 5536 450 5592 lloc
463 5535 541 5593 enim
554 5537 651 5594 scitote
666 5539 858 5611 intelligentes
867 5540 945 5612 quod
994 5544 1091 5594 nostro
1106 5555 1171 5593 cum
1185 5538 1293 5611 Spiritu
1309 5543 1404 5594 sancto
1419 5537 1499 5593 sitin
1515 5535 1618 5592 saecula
1630 5533 1808 5603 saeculorum,

125 5627 217 5683 omnis
230 5626 387 5684 fornicator
408 5632 460 5684 aut
479 5630 645 5688 immundus
666 5638 715 5689 aut
734 5649 845 5704 avarus,
867 5634 966 5707 quod«
995 5634 1094 5690 Amen.

124 5721 328 5779 estidolorum
351 5723 480 5794 servitus,
502 5741 560 5782 non
583 5726 669 5784 habet
695 5728 892 5787 haereditatem
914 5728 945 5786 in
