3870 6150
29 214 32 219 ’
138 240 194 301 ,eor
263 219 266 225 ’
587 236 728 294 arnano.
748 237 794 293 ro
813 238 894 295 sno.
915 235 1374 293 u.-1sinon1unncnroms
1771 242 1821 296 coe

147 346 298 401 humiliora
309 348 524 416 antemnaturae
538 344 673 400 humanae
683 344 832 413 attribuas,
848 361 911 416 quae
927 362 960 399 cx
970 359 1000 433 Α
1010 345 1110 398 sitione
1117 344 1232 399 loannis
1245 345 1440 415 evangelistae:
1453 345 1520 409 Quis
1532 361 1601 417 ergo
1617 348 1662 400 est
1673 360 1727 416 per
1742 362 1823 417 quern

143 443 224 512 parte
239 438 411 493 intinnitatis
425 445 527 493 nostrae
543 440 689 509 assumpta
705 442 756 493 est.
775 440 847 494 ltem
859 437 960 509 ipsein
1010 438 1100 492 factus
1122 443 1164 492 est
1186 438 1310 492 mundus
1323 437 1337 491 'i
1359 438 1485 493 Christus
1504 440 1595 508 lesus,
1620 438 1671 493 sed
1686 437 1718 492 in
1732 438 1823 495 forma

142 536 243 604 quarto
257 531 328 586 libro
343 537 442 587 contra
456 532 627 586 Eunomium
638 548 644 585 :
657 533 690 585 Et
705 548 741 585 nc
755 531 856 603 aliquis
871 532 961 586 incon
1012 530 1059 585 liei
1072 549 1080 599 ;
1107 531 1170 602 quis
1192 534 1235 584 est
1257 531 1308 585 sub
1334 531 1432 586 Pontio
1444 531 1534 586 Pilato
1546 530 1727 586 crucifixus?
1752 531 1824 588 idem

138 625 266 697 ruptibili
281 631 391 680 naturae
410 625 524 680 deitatis
540 641 652 680 crucem
669 625 807 695 passionis
828 625 958 695 applicet,
1009 623 1069 694 ipse
1083 623 1219 691 Christus,
1246 623 1296 678 sed
1316 624 1345 677 in
1367 625 1460 679 torma
1475 625 1559 679 servi.
1584 625 1690 679 Beatus
1712 641 1822 696 quoqne

140 717 960 792 peraliamauifcstiustalememendater·rorem,mediato-
1010 716 1064 770 Leo
1102 717 1263 788 apostolicae
1293 716 1368 770 sedis
1404 718 1521 772 antistes
1551 718 1582 772 in
1617 733 1669 772 sua
1707 717 1821 788 epistola

140 812 304 883 remipsum
315 811 364 865 bei
372 811 523 865 bominum
532 814 561 866 ct
574 811 755 865 hominemet
763 812 856 865 Deum
864 811 959 882 ipsum
1010 826 1095 880 quarn
1110 809 1221 880 scripsit
1239 809 1275 864 ad
1297 809 1463 865 Flavianum
1481 809 1819 882 constantinopolitanum

140 905 302 970 nominans,
322 908 355 958 ut
369 921 434 958 curn
449 905 505 959 duo
520 904 554 958 de
570 920 627 958 uno
643 905 781 972 dicantur,
798 920 958 975 congruum
1009 904 1173 974 episcopum
1186 903 1225 957 sie
1240 903 1299 957 ait:
1316 902 1399 957 Salva
1410 920 1479 975 ergo
1492 903 1667 975 proprietate
1678 904 1818 976 utriusque

140 997 320 1068 intelligatur
333 999 406 1051 circa
418 1003 580 1068 utrumque.
597 997 676 1052 Circa
685 998 772 1052 Deum
788 1001 885 1051 tamen
894 999 958 1068 qui·
1009 1001 1118 1050 naturae
1134 996 1202 1050 etin
1216 1012 1306 1050 uuam
1320 1002 1439 1051 coeunte
1454 1012 1619 1067 personam,
1637 1002 1769 1067 suscepta
1783 1002 1818 1051 est

140 1091 206 1145 dem
216 1089 959 1162 impassibilitas,circabumanitaternautemdispen-
1007 1088 1181 1159 amajestatc
1197 1088 1351 1158 humilitas,
1364 1106 1381 1142 a
1396 1089 1498 1143 virtute
1517 1088 1682 1159 infirmitas,
1692 1089 1729 1143 ab
1746 1092 1816 1144 aeter·

139 1184 211 1240 satie
230 1184 378 1255 passionis.
400 1184 518 1237 Sanctus
538 1198 653 1254 queque
674 1183 792 1237 Basilius
804 1182 834 1236 in
855 1189 957 1253 quarto
1007 1183 1094 1236 nitate
1115 1182 1286 1252 mortalitas,
1315 1182 1403 1236 etad
1428 1182 1626 1236 resolvendum
1656 1182 1815 1237 conditionis

140 1277 212 1332 libro
227 1280 326 1332 contra
346 1276 507 1330 Eunonium
522 1276 563 1329 ita
582 1275 700 1330 scribit:
716 1275 789 1338 Quid
803 1279 846 1329 est
860 1276 955 1331 bomi—
1007 1280 1111 1330 nostrae
1123 1275 1250 1330 debiturn
1268 1275 1438 1330 inviolabilis
1460 1280 1560 1330 natura
1582 1281 1625 1329 est
1647 1275 1730 1330 unita
1746 1278 1815 1329 natu·

140 1387 195 1424 nus
208 1370 315 1424 creavit
337 1374 512 1423 mactante
537 1385 636 1423 omnes
658 1368 743 1423 cohes
763 1368 862 1439 genuit
883 1369 957 1423 me?
1007 1384 1046 1423 rae
1066 1368 1203 1441 passibili,
1228 1369 1349 1439 utquod
1364 1368 1467 1423 nostris
1487 1368 1620 1424 remediis
1641 1368 1812 1440 congruebat,

141 1463 193 1517 Ubi
220 1462 436 1532 intelligendum
458 1466 511 1528 est,
538 1461 592 1515 boo
619 1461 697 1532 quod
723 1461 823 1531 genuit
845 1461 880 1516 de
909 1461 957 1516 llei
1006 1477 1081 1516 unus
1096 1461 1272 1533 atqueidcnr
1295 1461 1437 1516 mediator
1451 1462 1501 1516 liei
1520 1465 1548 1514 et
1569 1461 1813 1516 hominumeris

141 1555 221 1623 Filio,
252 1556 306 1609 hoc
331 1557 427 1609 autem
448 1554 525 1624 quod
550 1553 617 1609 dicit
636 1553 740 1608 crearit
760 1554 795 1608 de
818 1570 852 1609 ea
864 1559 955 1625 parte,
1007 1556 1052 1608 tus
1069 1556 1149 1609 lesus
1161 1560 1189 1609 et
1205 1555 1280 1609 mori
1299 1559 1394 1625 posset
1407 1570 1517 1624 cauno,
1531 1560 1559 1609 et
1573 1555 1650 1608 niori
1663 1559 1812 1626 nonposset

140 1665 198 1721 qna
221 1647 251 1701 in
274 1646 456 1702 formaservi
475 1650 527 1716 est,
544 1650 575 1701 ut
601 1652 751 1718 utramque
772 1652 905 1702 naturam
926 1646 956 1701 in
1008 1663 1041 1701 ex
1065 1648 1165 1701 altero.
1196 1650 1227 1701 ln
1254 1647 1366 1718 integra
1394 1663 1462 1718 ergo
1490 1646 1615 1702 hominis
1641 1649 1810 1719 perfectaque

139 1756 198 1796 una
213 1756 336 1812 persona
349 1739 522 1795 ostenderet.
545 1740 662 1795 Sanctus
682 1740 801 1811 Cyrillus
818 1741 848 1794 in
867 1733 996 1811 primaB
1009 1741 1067 1794 reri
1088 1746 1200 1809 natura,
1229 1756 1310 1794 verus
1333 1745 1415 1795 natus
1439 1746 1481 1795 est
1501 1741 1586 1808 licus,
1610 1743 1689 1794 totus
1715 1740 1745 1794 in
1758 1740 1809 1806 suis,

122 1835 176 1911 ¹ad
190 1835 355 1889 Successurn
379 1834 496 1904 epistola
519 1834 610 1888 dicit:
638 1835 712 1904 Ergo
738 1838 877 1905 quantum
893 1833 956 1905 qui·
1008 1834 1124 1888 totusin
1139 1833 1257 1900 nostris3
1271 1836 1300 1886 et
1313 1834 1398 1905 paulo
1410 1835 1550 1904 postzoui
1561 1850 1683 1888 manens
1699 1832 1808 1888 informa

140 1929 206 1983 dem
220 1928 257 1982 ad
276 1928 453 1982 intellectum
475 1927 601 1998 pertinet
621 1932 650 1981 et
666 1927 764 1994 sidem,
780 1926 958 1982 tantumdem
1006 1926 1056 1980 bei
1071 1927 1136 1982 lecit
1149 1926 1306 1994 hominem,
1327 1927 1404 1981 idem
1428 1927 1459 1981 in
1474 1927 1564 1981 torma
1584 1926 1660 1981 servi
1679 1926 1807 1980 tactuscst

140 2020 957 2092 oculisanimae,quemadmodumincamatusestunigcni·
1008 2020 1105 2089 homo,
1119 2023 1199 2075 tenet
1211 2020 1287 2075 enim
1301 2020 1362 2074 sinc
1382 2019 1496 2075 deiectu
1516 2020 1724 2091 proprietatem
1743 2034 1805 2074 sitan

139 2119 195 2183 tus,
210 2114 280 2169 duas
288 2119 405 2168 naturas
420 2130 480 2168 esse
494 2113 624 2182 dicimuS,
639 2129 729 2167 unum
743 2118 840 2168 autem
855 2113 957 2168 lilium
1009 2118 1127 2184 utraque
1147 2117 1261 2183 natura,
1279 2119 1307 2169 et
1331 2113 1404 2167 sicut
1426 2113 1517 2167 forma
1539 2112 1614 2166 servi
1634 2113 1686 2167 [tei
1703 2113 1804 2166 formam

140 2212 169 2262 et
181 2207 324 2262 Christum
342 2205 493 2261 Dominum
514 2206 613 2272 Deum,
633 2206 757 2260 Verbum
778 2206 957 2261 incarnatum
1006 2222 1066 2261 non
1076 2207 1187 2271 adimit,
1203 2207 1242 2260 ita
1252 2207 1344 2261 torma
1357 2206 1407 2269 Dei
1417 2207 1538 2259 sormam
1549 2204 1623 2259 servi
1634 2221 1695 2260 non
1710 2203 1802 2260 minuit

140 2304 169 2355 et
178 2299 325 2355 hominem
338 2299 443 2353 lactum
461 2299 643 2353 confitemur.
656 2300 726 2354 ltem
742 2298 772 2352 iu
785 2299 909 2353 secunda
922 2300 958 2355 ad
1007 2300 1077 2354 ltern
1091 2300 1174 2369 paulo
1190 2303 1268 2370 post:
1285 2299 1351 2370 Agit
1364 2297 1441 2352 enirn
1448 2299 1673 2370 utraquesorrna
1682 2315 1747 2353 cum
1756 2298 1803 2351 alte

140 2393 277 2448 eumdem
292 2394 461 2448 Successum
475 2392 592 2464 epistola
606 2392 646 2447 sic
661 2392 718 2446 ait:
735 2392 803 2447 Cum
818 2408 902 2460 unus,
916 2393 959 2446 in·
1006 2392 1065 2446 rius
1077 2393 1279 2447 communione
1293 2392 1370 2464 quod
1383 2391 1530 2463 proprium
1545 2397 1598 2458 est,
1614 2390 1706 2447 Verbo
1719 2391 1801 2445 scilicet

139 2487 210 2560 quit,
234 2487 270 2542 sit
285 2487 360 2541 solus
381 2485 467 2541 Filius
487 2485 624 2553 Christus,
651 2485 728 2540 idern
750 2486 809 2557 ipse
832 2487 904 2541 licus
929 2491 959 2541 et
1005 2489 1141 2556 operante
1164 2487 1241 2557 quod
1264 2485 1344 2540 Verbi
1364 2491 1414 2552 est,
1439 2491 1468 2539 et
1488 2485 1517 2539 in
1540 2501 1627 2540 carne
1650 2487 1799 2556 exsequente

139 2581 226 2636 homo
236 2581 308 2654 sicut
315 2580 346 2636 in
356 2573 461 2634 deitate
470 2580 622 2652 perlectus,
634 2579 674 2634 ita
687 2584 716 2633 et
727 2579 756 2633 in
767 2579 954 2634 humanitate.
1005 2579 1083 2651 quod
1096 2580 1188 2633 carnis
1209 2584 1272 2646 est;
1296 2595 1385 2632 unum
1400 2578 1504 2632 horum
1523 2583 1654 2633 coruscat
1667 2577 1797 2642 muscus,

139 2675 200 2729 Non
211 2678 308 2730 autem
320 2674 413 2745 ipsum
427 2673 611 2744 unigenitum
624 2673 725 2727 Filium
737 2673 784 2726 liei
795 2672 954 2727 secundum
1007 2673 1084 2727 aliud
1097 2672 1256 2727 succumbit
1273 2671 1394 2742 injuriis,
1411 2677 1440 2726 et
1454 2671 1526 2726 sient
1538 2671 1665 2726 Verbum
1676 2672 1711 2726 ab
1725 2686 1796 2742 aqna-

140 2768 216 2839 quod
225 2766 393 2837 intelligitur
403 2769 432 2821 et
441 2769 484 2821 est
495 2767 575 2833 Deus,
585 2782 699 2836 passum
711 2766 809 2820 esseiu
818 2769 956 2841 suanatu·
1005 2766 1223 2837 litatepaternm
1237 2765 1335 2836 gloriae
1354 2782 1412 2819 non
1425 2765 1542 2833 recedit,
1555 2764 1595 2819 ita
1610 2781 1676 2820 caro
1691 2768 1795 2820 nanno
1837 2784 1840 2795 ·

139 2876 182 2929 ra,
204 2859 253 2914 sed
280 2865 392 2915 terrena
414 2864 527 2913 natura.
550 2859 670 2929 Oportet
698 2860 775 2913 enim
799 2844 956 2914 necessario
1006 2859 1094 2913 nostri
1112 2859 1226 2929 generis
1239 2875 1298 2913 non
1326 2858 1473 2931 relinquit.
1489 2859 1610 2912 Sanctus
1627 2875 1738 2932 quoque
1753 2856 1796 2911 Ful·

139 2951 955 3024 utraqueservareunietveroFilio‚etnonpatisecundum
1005 2952 1118 3022 gentius
1131 2952 1161 3006 in
1175 2952 1248 3006 libro
1262 2968 1347 3024 quem
1362 2953 1396 3006 de
1411 2951 1607 3006 incarnatione
1624 2951 1738 3007 Domini
1751 2964 1795 3004 nos

139 3045 287 3114 deitatem,
303 3045 391 3101 etdici
400 3061 515 3116 passum
525 3033 891 3099 esseeumdernsecundunr
905 3045 956 3100 hu·
1007 3047 1042 3099 tri
1055 3048 1119 3100 lesu
1134 3046 1237 3101 Christi
1257 3046 1370 3117 scripsit
1384 3046 1457 3100 inter
1474 3045 1530 3101 alia
1548 3045 1589 3100 sic
1607 3045 1727 3101 intulit:
1746 3043 1794 3099 oia

139 3137 500 3210 manitatem,ipsiusenim
512 3154 593 3209 passa
606 3141 648 3193 est
660 3155 737 3193 caro.
753 3141 822 3193 ltem
833 3139 955 3210 inexpo·
1004 3139 1101 3210 itaque
1120 3139 1199 3194 vobis
1216 3139 1299 3209 juxta
1316 3145 1478 3194 sanctornm
1496 3142 1610 3210 patrum
1625 3140 1792 3201 traditionem,

139 3231 241 3286 sitione
260 3231 376 3286 Levitici
396 3231 470 3287 intcr
495 3231 570 3285 alia:
597 3232 699 3285 'lotum
725 3231 754 3284 in
782 3231 825 3285 his
848 3231 954 3286 itemm
1005 3232 1158 3288 Dominum
1183 3238 1313 3287 nostrum
1345 3235 1441 3288 lesum
1475 3233 1621 3289 Christum
1652 3235 1683 3288 in
1710 3230 1793 3289 duna
1837 3276 1840 3291 2

138 3326 326 3397 circumspice
340 3325 496 3381 Salvasoris
510 3323 601 3380 nostri
617 3325 796 3396 mysterium,
811 3328 841 3380 et
852 3341 953 3380 emun-
1005 3327 1112 3381 naturis
1127 3327 1290 3397 inconfusis,
1307 3327 1394 3382 idest
1412 3327 1567 3382 divinitatis
1579 3332 1609 3383 et
1621 3322 1790 3389 nummata,
1837 3316 1840 3385 ἦ

137 3420 280 3475 dationem
294 3435 360 3490 quas
375 3435 428 3491 per
441 3421 570 3474 sanctum
584 3419 727 3489 baptisma
740 3419 781 3487 tit,
799 3418 954 3474 duasenim
1005 3435 1091 3476 unam
1113 3437 1265 3491 personam
1288 3420 1346 3475 sive
1368 3421 1555 3476 substantiam
1567 3422 1718 3491 confiteri,
1735 3418 1790 3474 iden
1836 3412 1840 3467 'i

137 3514 258 3568 aviculas
272 3513 345 3567 sumi
350 3513 477 3584 jubetur,
492 3512 568 3567 vivas
581 3516 610 3566 et
622 3512 754 3582 mundas,
768 3518 801 3568 ut
810 3504 958 3584 intelligas
1004 3519 1068 3586 post
1087 3514 1163 3569 alia:
1192 3515 1220 3569 Si
1244 3514 1306 3586 quis
1334 3530 1401 3585 ergo
1427 3515 1457 3569 in
1485 3514 1606 3570 homino
1631 3520 1726 3571 nostre
1745 3513 1789 3567 lem

134 3623 188 3679 per
208 3606 334 3663 volatilia
348 3607 490 3662 coelastenr
505 3605 652 3661 hominem
667 3606 750 3661 simul
773 3609 801 3660 et
820 3607 910 3661 Deum
923 3606 954 3661 in
1003 3608 1124 3677 Christo,
1145 3610 1196 3662 aut
1211 3608 1281 3662 duas
1305 3612 1419 3662 naturas
1437 3611 1487 3662 aut
1505 3624 1595 3664 unam
1609 3605 1787 3677 nolucritsiu

136 3700 246 3756 duabus
258 3700 377 3768 naturis,
392 3704 533 3772 quantum
552 3700 674 3771 pertinet
687 3700 723 3755 ad
739 3700 890 3770 rationem,
908 3700 951 3755 di-
1004 3700 1173 3757 dubitaverit
1192 3701 1318 3770 credere,
1340 3704 1389 3755 aut
1404 3701 1558 3772 praedicare
1584 3717 1740 3774 personam,
1759 3694 1787 3749 'tl

135 3794 291 3850 videndum
316 3794 469 3866 unicuique
495 3793 726 3849 convenientem.
753 3795 823 3848 ltem
841 3799 953 3849 sanctus
1003 3793 1027 3848 si
1058 3795 1122 3866 quis
1155 3794 1278 3849 noluerit
1306 3794 1433 3850 contiteri
1456 3795 1592 3851 eumdem
1614 3797 1705 3853 Deum
1726 3795 1786 3862 alpe

68 3886 75 3903 '
112 3879 334 3959 'Augustinusz
360 3888 458 3959 Neque
479 3888 556 3942 enirn
571 3887 601 3942 in
625 3888 673 3942 illa
687 3887 865 3958 susceptione
880 3888 951 3942 alte·
1003 3887 1163 3955 hominem,
1198 3888 1290 3942 idest
1313 3888 1437 3944 Verbum
1462 3888 1644 3945 incarnatum
1670 3891 1704 3945 de
1725 3881 1786 3943 Vim

134 3994 201 4035 rum
227 3997 327 4036 eorum
349 3981 379 4035 in
406 3978 528 4035 alterurn
552 3996 719 4035 conversum
741 3985 826 4052 atque
857 3983 952 4034 muta·
1002 3980 1111 4052 virgine
1128 3998 1180 4053 pro
1199 3985 1295 4036 nostra
1313 3982 1404 4037 salute
1419 3982 1680 4053 veracitcrnatum,
1693 3988 1785 4038 mmm!

134 4077 195 4128 tum
215 4079 267 4141 est,
290 4090 344 4127 nec
372 4072 505 4128 divinitas
529 4074 634 4144 quippe
657 4073 686 4127 in
708 4079 866 4127 creaturam
886 4090 951 4127 mu·
1002 4075 1137 4130 catholica
1151 4074 1484 4146 fidedeprehenditurac
1499 4075 1786 4133 demonstraturum

134 4169 194 4220 tata
215 4169 267 4233 est,
296 4183 350 4220 neo
375 4170 504 4220 creatura
521 4167 552 4220 in
573 4166 751 4220 divinitatem
779 4170 951 4237 augmenta·
1001 4183 1081 4237 neus,
1100 4173 1131 4223 ut
1143 4174 1322 4224 sacramento
1339 4169 1545 4241 redemptionis
1557 4161 1787 4227 arimenensium

134 4257 174 4312 vit
205 4258 313 4330 aliquid
345 4258 467 4313 deitatis.
507 4258 561 4313 Sed
592 4258 666 4313 absit
708 4262 740 4312 ut
763 4265 950 4331 augmentum
1000 4261 1787 4333 ingratusntpaulopost:Verbumcarotacumotur
1835 4274 1840 4287 ·

134 4350 255 4423 recipiat
283 4350 435 4406 ineffabilis
464 4356 493 4405 ct
510 4352 809 4423 incomprehensibilis
831 4353 952 4425 plenitu-
1001 4354 1788 4427 exuti-aqueetinuuaque,idestinhumanadimaqu

135 4445 181 4515 do,
199 4450 296 4501 manet
310 4461 378 4518 ergo
391 4449 512 4517 utraque
528 4445 590 4500 Filii
600 4445 649 4500 Dei
659 4449 760 4501 natura
774 4452 802 4501 et
816 4463 873 4503 una
886 4464 949 4519 per·
959 4470 990 4544 D
1000 4451 1102 4503 natura
1115 4464 1231 4520 prorsus
1242 4448 1325 4503 initio
1334 4448 1702 4521 gloriesapersistit,utsire
1711 4443 1789 4503 diiin'r
1838 4454 1840 4489 ἲ

134 4555 214 4596 sona.
245 4541 352 4598 Rursus
382 4540 444 4613 ipse
471 4540 603 4596 adversus
626 4540 800 4596 llaximum:
828 4542 855 4597 Si
882 4558 949 4614 ergo
1000 4541 1379 4598 tatiChristihumanitatem
1390 4532 1791 4614 quisdemat,sivehumaniht'

134 4634 263 4689 attendas
296 4633 492 4691 distinctiones
524 4637 702 4705 naturarum,
733 4635 819 4690 Filius
843 4637 894 4691 boi
914 4637 949 4691 de
1000 4634 1177 4690 divinitatem
1191 4636 1332 4706 detrabat,
1342 4636 1485 4693 Christum
1497 4637 1637 4710 sacrilega
1648 4634 1791 4695 meatur

132 4727 203 4781 coelo
225 4728 379 4797 descendit,
411 4728 497 4783 ruins
522 4728 648 4784 hominis
672 4729 820 4785 crucifixus
842 4735 906 4797 est;
926 4730 950 4785 si
999 4734 1027 4784 et
1048 4729 1213 4800 blasphema
1232 4731 1430 4801 predicatione
1462 4730 1605 4788 dissolvat.
1634 4735 1706 4789 ltem
1728 4726 1792 4804 pelli

133 4820 273 4875 unitatem
292 4838 430 4893 personae,
445 4823 530 4877 Filius
540 4823 575 4878 de
585 4825 653 4878 coelo
667 4824 814 4878 descendit
827 4824 949 4879 etlilius
998 4827 1082 4896 pest:
1102 4824 1229 4881 Christus
1251 4841 1302 4895 pro
1328 4825 1408 4881 nobis
1429 4842 1513 4881 carne
1535 4829 1579 4881 est
1592 4843 1695 4899 passus
1711 4824 1756 4901 qni
1767 4820 1792 4877 dt

124 4914 284 4999 *crucifixus
296 4915 384 4986 estin
397 4920 473 4970 terra
485 4934 493 4986 3
507 4916 585 4972 idem
599 4916 822 4990 insequentibus
838 4935 844 4973 :
862 4919 950 4990 Opor-
998 4919 1057 4973 lieo
1069 4920 1150 4975 Patre
1163 4922 1245 4973 natus
1260 4919 1336 4973 solus
1349 4924 1392 4974 est
1411 4919 1594 4991 impassibliis
1610 4922 1696 4978 Deus.
1718 4922 1793 4992 rpem

132 5008 208 5063 tebet
226 5009 371 5064 Christum
391 5009 450 5080 pati
461 5012 498 5074 tet
511 5025 660 5081 resurgere
674 5027 691 5065 a
703 5012 821 5066 mortuis
833 5012 879 5068 die
891 5017 947 5067 ter·
998 5012 1093 5085 itaque
1113 5012 1257 5068 Christum
1276 5013 1377 5068 Filium
1393 5013 1441 5069 Dei
1461 5014 1510 5085 qui
1522 5031 1576 5087 pro
1592 5016 1792 5073 nenbrunnen

131 5098 182 5168 tia,
198 5102 247 5157 ubi
261 5102 394 5174 resurgit,
411 5102 465 5157 nisi
475 5102 504 5157 in
519 5119 552 5158 eo
564 5104 641 5175 quod
652 5106 745 5175 potuit
759 5104 883 5160 caderet
900 5105 949 5160 ubi
998 5122 1084 5162 carne
1100 5112 1237 5178 girstasse,
1258 5108 1332 5162 salve
1343 5107 1556 5164 immortalitate
1570 5109 1727 5167 divinitatis
1737 5108 1791 5180 eju

132 5195 288 5251 resurrexit
300 5196 356 5250 nisi
369 5195 399 5250 in
420 5211 454 5250 eo
470 5197 519 5251 ubi
532 5198 687 5253 mannus?
706 5199 806 5264 Quaere
824 5202 947 5255 mortem
997 5200 1135 5256 veraciter
1154 5201 1306 5257 credimus.
1329 5204 1400 5257 ltem
1422 5209 1487 5274 post
1506 5204 1580 5260 boc:
1603 5204 1679 5270 Quia
1694 5220 1748 5262 non
1763 5198 1792 5256 est

130 5288 161 5343 in
188 5289 290 5356 Verbo,
314 5304 464 5360 nunquam
489 5305 550 5344 esse
578 5291 678 5361 potuit.
702 5292 804 5355 Quaere
825 5296 947 5348 mortem
997 5296 1068 5351 alter
1082 5296 1163 5363 Deus,
1179 5296 1253 5350 alter
1267 5297 1363 5367 bomo,
1380 5297 1430 5352 sed
1448 5297 1524 5355 idem
1538 5315 1613 5355 nnus
1628 5305 1673 5356 est
1687 5298 1792 5358 canan

131 5381 161 5439 in
183 5398 278 5449 carne,
295 5383 381 5454 plane
402 5382 440 5437 ibi
456 5382 519 5453 luit,
535 5389 562 5438 et
578 5383 642 5438 ideo
660 5384 698 5438 ibi
718 5384 948 5456 fuitquiamors
996 5389 1070 5445 Deus
1092 5394 1121 5445 et
1152 5390 1248 5459 homo,
1271 5391 1399 5463 profecto
1415 5391 1493 5448 idem
1509 5394 1586 5450 Deus
1610 5386 1791 5464 cnmtmqi

130 5492 198 5532 vera
210 5477 265 5530 fuit
270 5494 278 5547 3
290 5481 319 5531 et
332 5476 416 5548 paulo
429 5482 509 5548 post:
525 5477 598 5542 Quid
611 5477 741 5533 miraris?
753 5482 835 5536 Certe
844 5480 948 5537 vitaest
997 5489 1025 5539 et
1038 5487 1160 5539 mortem
1172 5500 1255 5539 suam
1266 5501 1349 5541 carne
1363 5486 1532 5559 suscepitet
1543 5487 1623 5545 idem
1635 5490 1723 5548 homo
1733 5483 1793 5546 Cln'r

131 5570 269 5639 Christus,
285 5586 382 5641 quere
395 5574 539 5627 mortuam
549 5571 645 5640 vitam,
660 5589 712 5629 nec
728 5577 823 5631 anima
835 5581 947 5632 mortua
996 5582 1068 5636 stus,
1082 5583 1125 5633 est
1150 5579 1198 5651 qui
1222 5585 1343 5637 mortem
1369 5553 1451 5638 eham
1484 5583 1635 5643 sirmium
1656 5588 1794 5655 damasit,

131 5668 183 5733 est,
197 5680 249 5719 nec
263 5664 387 5720 Verbum
400 5668 546 5721 mortuum
560 5672 611 5721 est.
627 5667 697 5723 Caro
709 5672 821 5725 tantum
835 5674 948 5726 mortua
995 5670 1074 5728 idern
1088 5673 1195 5746 quippe
1209 5676 1335 5732 Christus
1354 5677 1404 5732 Dei
1423 5677 1499 5733 nlius
1511 5679 1562 5751 qni
1575 5679 1725 5742 divinitate
1736 5676 1795 5741 mcn'

119 5758 173 5823 est,
187 5758 388 5828 quaretutin
402 5776 438 5817 ea
451 5776 530 5817 nrors
541 5767 710 5821 moreretur.
728 5764 849 5820 {demin
863 5782 947 5839 expe
995 5783 1053 5825 non
1068 5769 1172 5841 potuit,
1188 5774 1410 5827 carnemortuus
1419 5775 1471 5843 est,
1480 5788 1569 5849 quem
1579 5778 1797 5837 manusnotat
1836 5784 1840 5809 ¹
