3870 6150
575 278 814 339 nocentium!
832 279 1024 339 connutriti.

1588 282 1640 340 (tit

103 386 235 443 rademini
250 393 364 461 peceato
375 388 774 462 gmrari,quiaqnodnecesse
785 400 813 475 Α
823 393 1006 451 sacerdotnm
1020 392 1133 465 quihus,
1147 394 1199 449 etsi
1209 393 1335 466 dignitas
1344 391 1506 450 communis
1515 410 1574 451 non
1585 398 1637 464 est,

109 480 203 538 dicero
223 497 366 552 veremur,
389 481 418 536 id
441 488 493 553 est,
514 499 550 538 ne
573 483 654 555 cujrrs
675 484 775 557 religio

103 590 127 647 r,
140 575 301 647 indignatio
311 580 557 648 provocatoribus
565 579 653 633 oculis
661 578 774 646 habete,

103 671 193 726 uentis
213 670 272 726 acie
293 677 457 727 reverenter
477 672 592 742 aspicite
610 672 685 728 beati
700 672 776 728 Petri

112 767 143 820 et
156 782 220 820 cnm
234 765 295 837 ipso
308 782 475 821 communes
488 765 616 821 omnium
631 766 774 836 apostolo·

103 876 157 914 nas
167 862 335 915 cuoctomm
351 876 415 931 quac
427 867 586 932 martyrum
597 861 715 932 palmas,
726 859 775 931 qui

103 968 147 1009 nm
160 970 219 1009 non
232 953 433 1021 destructione,
448 955 496 1009 scd
509 955 736 1023 confirmatione,
748 956 776 1009 ct

104 1064 125 1104 n
141 1048 251 1103 Christo
271 1049 344 1120 passi
363 1053 438 1103 sunt.
454 1049 508 1103 Nos
522 1064 590 1120 ergo
603 1048 650 1120 qni
664 1047 775 1103 Domini

114 1144 144 1196 et
168 1142 222 1196 dici
247 1149 275 1197 et
296 1159 355 1197 esse
375 1144 517 1210 volumus,
533 1145 647 1214 portare
661 1158 776 1198 crucem

103 1239 131 1291 et
154 1236 278 1308 compati
303 1236 439 1291 iratribus
459 1236 605 1303 debemus,
629 1252 688 1291 oon
708 1252 775 1308 per·

103 1329 238 1385 sbtrabite
265 1346 403 1402 rogamus
427 1334 506 1385 actus
531 1331 776 1403 cogitationesque

103 1424 317 1490 revomentis,
334 1425 356 1478 si
378 1441 438 1479 non
460 1425 544 1479 vrrltis
566 1424 656 1497 ipsam
675 1424 706 1479 in
728 1441 776 1479 ros

103 1542 106 1569 ι
121 1518 271 1586 ultionem,
282 1518 418 1590 quoniam
434 1518 570 1573 talionem
583 1521 718 1589 meretur,
727 1517 776 1589 qui

103 1628 168 1668 eam
184 1616 337 1684 preparat.
354 1613 388 1667 Et
402 1629 455 1667 nos
468 1612 567 1668 scitote
585 1613 661 1667 bnnc
674 1616 777 1685 typum

107 1722 167 1762 non
178 1723 237 1761 csse
252 1723 393 1778 passuros,
408 1710 441 1760 nt
454 1722 488 1760 ea
500 1723 564 1778 quse
580 1706 615 1761 ad
629 1707 703 1762 banc
717 1723 778 1778 spc-

826 489 921 542 tamcu
933 487 1002 542 ordo
1013 488 1156 557 generalis
1166 491 1218 557 cst,
1229 489 1365 560 qnoniam
1375 489 1451 544 inter
1459 488 1640 545 beatissimos

824 580 968 652 apostolos
983 581 1012 635 in
1029 581 1214 637 similitudine
1232 582 1347 639 honoris
1362 583 1415 638 fuit
1429 583 1564 655 quedam
1579 582 1638 640 dis·

825 675 913 730 cretio
929 675 1084 746 potestatis,
1100 679 1128 730 et
1145 691 1210 730 cum
1225 677 1354 733 omnium
1372 693 1426 749 par
1439 681 1513 733 esset
1526 677 1637 747 electio,

824 768 876 823 nni
890 772 987 825 nmen
1006 767 1106 824 datum
1125 772 1157 823 ut
1174 771 1284 825 caeteris
1303 771 1515 842 praeemineret.
1530 774 1640 845 Deque

826 862 918 918 torma
936 862 1136 935 episcoporum
1154 863 1286 936 quedam
1309 867 1372 919 orta
1384 865 1428 919 est
1441 863 1596 933 distinctio,
1610 868 1640 922 et

826 972 932 1029 magna
957 956 1139 1013 ordinatione
1164 956 1309 1030 provisum
1333 961 1386 1024 est,
1409 974 1445 1015 ne
1466 975 1566 1016 omnes
1586 958 1640 1015 sibi

827 1051 926 1107 omnia
938 1051 1125 1120 vindicarent,
1142 1051 1191 1108 sed
1205 1054 1298 1107 essent
1312 1052 1342 1107 in
1356 1051 1475 1126 singulis
1487 1051 1640 1125 provinciis

827 1145 942 1218 singuli,
959 1162 1083 1219 qnorum
1096 1145 1172 1201 inter
1183 1144 1286 1201 iratres
1300 1145 1455 1203 haberetur
1469 1147 1562 1219 prima
1574 1163 1639 1202 sen·

826 1239 932 1306 teutia;
943 1242 972 1295 et
984 1256 1099 1295 mirsam
1113 1238 1230 1312 qnidam
1245 1239 1274 1295 in
1289 1240 1641 1312 majoribusurbibuscon·

827 1333 927 1404 stituti,
942 1333 1160 1390 sollicitudinem
1184 1333 1245 1406 ojus
1267 1333 1442 1406 susciperent
1460 1336 1640 1407 ampliorem,

826 1444 878 1500 per
893 1444 964 1500 quos
977 1426 1011 1483 ad
1025 1444 1114 1484 unam
1129 1428 1205 1483 Petri
1219 1427 1317 1483 sedem
1333 1428 1499 1485 universalis
1512 1428 1641 1485 Ecclesiae

827 1538 895 1577 cura
909 1520 1078 1590 contineret,
1094 1526 1123 1577 ct
1137 1522 1207 1577 nihil
1224 1536 1345 1594 usquam
1358 1538 1375 1577 a
1389 1523 1543 1594 suocapite
1557 1520 1640 1578 dissi·

827 1615 917 1669 deret.
934 1614 987 1680 Oui
1002 1630 1071 1686 ergo
1085 1616 1137 1670 scit
1149 1631 1180 1671 se
1196 1615 1366 1687 quibusdam
1383 1615 1568 1690 prepositum
1582 1632 1641 1672 non

828 1707 955 1763 modeste
968 1708 1041 1763 ierat
1054 1708 1177 1780 aliquem
1191 1708 1244 1763 sibi
1262 1724 1321 1764 csse
1337 1709 1500 1782 praelatum,
1516 1710 1564 1766 scd
1579 1710 1641 1765 obe·

103 1804 216 1856 auctam
236 1801 381 1871 pertinent
394 1800 491 1854 sedem
512 1800 584 1854 sicut
595 1800 703 1870 judicia
717 1801 775 1872 cpi-
787 1770 816 1846 Β
827 1801 962 1858 diontiam
977 1818 1061 1875 quam
1081 1801 1177 1873 exigit,
1197 1802 1285 1858 etiam
1301 1803 1361 1875 ipse
1379 1802 1532 1874 dependat.
1548 1802 1641 1859 Nolite

103 1910 128 1963 a,
152 1899 179 1950 et
203 1896 325 1965 majores
350 1893 477 1948 Ecclesiae
498 1909 609 1961 causas,
634 1897 666 1948 ut
690 1895 776 1965 paulo
829 1894 1325 1970 153itaqueerrarc,lratresmei
1339 1886 1640 1965 dileetissimidoctri·

114 1989 296 2060 prelibatum
318 1993 369 2056 est,
393 2004 446 2043 nos
469 1987 613 2058 patiamur
633 1987 715 2043 nobis
733 1987 776 2043 in·
826 1989 871 2045 nis
894 1989 980 2044 rariis
1002 1992 1030 2044 et
1054 1990 1195 2045 extrancis
1218 1989 1305 2045 nolite
1330 1989 1441 2058 abduci,
1463 1995 1491 2045 ot
1514 1989 1642 2045 instituta

109 2080 244 2137 invadere
254 2081 361 2152 absque
375 2080 466 2136 nostri
476 2084 566 2135 status
576 2080 713 2152 periculo.
723 2080 776 2136 Sed
828 2083 1021 2154 apostolorum
1035 2088 1062 2137 et
1080 2083 1299 2155 apostolicorum
1319 2083 1445 2139 virorum
1460 2098 1641 2156 canonesque

103 2174 131 2232 ab
155 2175 292 2231 hodierna
314 2175 368 2243 die,
390 2179 417 2229 ct
433 2174 567 2245 deinceps
588 2190 652 2228 eum
676 2179 778 2247 preter
827 2176 949 2243 habetis,
964 2176 1009 2232 his
1023 2176 1161 2243 fruimini,
1178 2177 1222 2232 his
1240 2177 1469 2245 circumdamini,
1485 2177 1530 2232 his
1546 2176 1641 2232 delec-

103 2272 161 2326 tetre
172 2269 245 2324 sedis
255 2269 427 2324 sententiam
441 2267 589 2337 damnare,
601 2272 652 2322 aut
661 2268 777 2340 propria
827 2270 938 2337 tarniui,
955 2270 1001 2326 bis
1024 2269 1187 2341 armamini,
1203 2274 1233 2326 ut
1254 2270 1319 2325 freti
1340 2274 1438 2326 contra
1459 2270 1640 2327 inimicorum

103 2362 146 2419 ede
156 2364 378 2435 presumpserit,
391 2362 459 2417 sciat
476 2379 505 2416 se
519 2361 778 2433 irrecuperabiliter
824 2364 919 2436 jacula
931 2363 1085 2436 persistere
1102 2365 1234 2434 valeatis3
1249 2363 1316 2418 salis
1336 2365 1413 2420 enim
1432 2364 1586 2436 indignum
1602 2368 1644 2420 est

103 2463 213 2524 nattam,
227 2466 255 2512 et
267 2456 384 2528 proprio
395 2472 489 2511 carere
503 2456 642 2527 perpetim
657 2455 775 2523 bonore,
828 2474 999 2530 quemquam
1012 2458 1056 2513 vel
1071 2457 1240 2529 pontificum
1258 2457 1301 2513 rcl
1318 2458 1450 2513 ordinum
1466 2458 1641 2530 subsequen·

103 2550 138 2624 mi
158 2550 264 2623 absque
286 2550 372 2623 hujus
394 2550 547 2605 sedissent
565 2548 648 2621 ejecti
664 2555 775 2604 senten·
827 2550 983 2607 tinmbanc
992 2551 1124 2623 regulam
1136 2552 1261 2609 refutare
1270 2567 1355 2623 quam
1364 2551 1439 2607 beati
1449 2551 1523 2608 Petri
1533 2550 1641 2619 sedem,

103 2645 213 2715 smnati,
229 2644 314 2717 hujus
332 2646 437 2699 sanctae
457 2642 533 2699 sedis
545 2642 711 2699 anctoritate
724 2642 776 2699 sci·
828 2650 857 2701 et
875 2646 954 2718 sequi
978 2644 1071 2700 videat
1089 2650 1119 2701 et
1140 2645 1249 2700 docere.
1264 2644 1382 2701 llultrrm
1399 2645 1477 2700 enim
1500 2645 1642 2714 convenit,

104 2737 644 2809 inamreciporecommunionem,etin
655 2738 778 2810 propriis
828 2745 859 2795 ut
876 2743 970 2795 totum
992 2754 1097 2811 corpus
1115 2738 1245 2794 Ecclesiae
1265 2739 1293 2794 in
1316 2738 1371 2794 hac
1386 2738 1500 2794 sibimet
1514 2739 1643 2796 observa-

103 2831 213 2902 edibus5
225 2833 401 2905 qnoniamot
413 2831 779 2904 prinsatempore,scilicet
828 2833 906 2889 tione
926 2832 1077 2889 concordet
1097 2848 1161 2905 qne
1181 2830 1248 2887 inde
1268 2831 1465 2888 auctoritatem
1485 2830 1579 2900 babet,
1594 2832 1644 2888 ubi

103 2942 169 2995 um,
182 2926 243 2982 baec
261 2926 326 2981 huic
345 2925 405 2980 sedi
424 2930 530 2981 sauetae
548 2940 682 2981 concessa
701 2929 777 2994 erint,
829 2925 969 2982 Dominus
980 2926 1111 2984 Ecclesia*
1120 2926 1206 2980 totins
1219 2924 1644 2999 posuitprincipatumdieeote

115 3019 146 3075 in
160 3021 317 3075 memorata
330 3019 445 3074 Nicaeae
459 3019 569 3091 synodo
583 3023 703 3091 propter
715 3035 779 3091 pra·
829 3019 1154 3091 Scripturazaordinate
1167 3019 1197 3075 in
1208 3018 1432 3075 mecharitatem
1445 3019 1532 3090 (Cant.
1542 3034 1572 3087 u,
1581 3018 1642 3091 lips

102 3112 231 3169 ominum
250 3114 457 3181 infestationes,
473 3118 557 3185 atque
577 3113 816 3219 hereticornmc
829 3117 857 3170 et
872 3114 940 3169 item
956 3130 963 3169 ε
979 3134 993 3165 e
1013 3113 1116 3169 Omnia
1138 3128 1204 3169 cum
1227 3112 1326 3168 ordine
1344 3111 1424 3167 flant.
1444 3134 1458 3162 o
1479 3114 1644 3185 lterumque

104 3223 176 3263 ones
184 3214 212 3262 et
220 3206 416 3262 insidiantium
424 3207 704 3263 moliminelratmm
712 3211 780 3263 sunt
828 3207 976 3264 Psalmista
995 3205 1169 3279 predicante
1184 3223 1191 3263 :
1209 3228 1222 3255 e
1236 3205 1414 3263 circumdate
1429 3206 1505 3275 Sion,
1523 3210 1553 3262 et
1564 3222 1643 3263 com·

103 3305 142 3357 ier
155 3301 191 3355 ab
207 3300 341 3356 omnihus
354 3301 549 3368 corroborata,
564 3307 597 3356 ut
611 3302 703 3374 magis
718 3301 778 3356 sin·
827 3303 984 3376 plectimini
1006 3318 1081 3369 eam,
1110 3306 1224 3358 narrate
1248 3301 1279 3358 io
1304 3302 1430 3357 turribus
1454 3303 1525 3374 ejus.
1543 3303 1644 3358 Ponite

103 3392 215 3464 ideant,
231 3411 266 3449 ue
282 3395 348 3449 talia
362 3394 488 3449 audeaut
500 3398 674 3467 perpetrare,
690 3400 719 3451 et
731 3411 777 3450 ca·
827 3398 913 3454 corda
928 3402 1021 3453 restra
1035 3396 1063 3453 in
1081 3395 1269 3467 virtuteque,
1285 3399 1316 3451 nt
1337 3395 1477 3450 enarretis
1496 3394 1525 3449 in
1541 3412 1642 3468 proge-

123 3504 183 3545 non
207 3492 326 3560 propter
344 3490 434 3544 licum
453 3492 483 3543 et
501 3504 631 3544 amorem
644 3487 777 3559 fratrum,
828 3491 874 3547 nie
894 3491 992 3559 altera,
1007 3489 1143 3562 qnoniam
1166 3489 1213 3544 hic
1231 3493 1273 3543 est
1293 3486 1369 3543 Deus
1388 3488 1525 3543 Dominus
1546 3492 1644 3544 noster

103 3582 542 3655 opteropprobriurnhominum,
551 3582 779 3638 ruboremsnum
828 3584 857 3640 in
872 3589 1023 3650 aternum,
1036 3583 1136 3656 etipse
1151 3588 1232 3654 reget
1244 3598 1298 3637 nos
1308 3581 1338 3636 in
1353 3582 1453 3637 saecula
1466 3583 1549 3652 (Psoi.
1561 3598 1641 3651 stru,

102 3676 234 3732 nonicam
255 3676 405 3743 ultionem,
426 3678 525 3731 saltem
546 3675 607 3730 boec
626 3675 731 3731 timore
751 3682 779 3732 et
831 3680 928 3745 ts-ttt.
940 3698 954 3727 o
969 3676 1060 3733 OlOeii
1075 3677 1151 3732 euim
1168 3675 1258 3731 nostri
1277 3674 1502 3731 consideratione
1522 3692 1578 3731 non
1600 3681 1643 3732 est

103 3770 135 3826 ia
147 3786 312 3842 compressa
330 3770 443 3824 silentio
464 3769 699 3841 comprimantur,
715 3786 777 3826 am·
830 3772 909 3828 nobis
933 3768 1120 3838 dissimulare,
1140 3786 1198 3824 non
1220 3772 1261 3824 est
1286 3771 1380 3824 tacere
1398 3768 1522 3839 libertas,
1538 3770 1642 3842 quibus

103 3864 212 3930 seilicet,
237 3865 322 3918 totius
343 3864 537 3936 usurpationis
561 3879 689 3933 excessu3
711 3863 779 3935 quia
828 3866 922 3936 rnaj0r
932 3864 1041 3920 cunetis
1050 3862 1215 3918 Christianae
1228 3860 1375 3934 religionis
1385 3860 1461 3918 zelus
1473 3862 1641 3918 succumbit.

103 3957 154 4014 »bet
169 3974 353 4030 praesumere,
370 3974 432 4029 quae
444 3958 563 4012 sibinen
575 3958 778 4013 ridenturesse
830 3975 865 4014 ne
878 3975 932 4032 per
946 3957 1178 4026 taciturnitatem,
1192 3961 1241 4012 erit
1254 3955 1358 4021 farere,
1370 3960 1419 4010 aut
1433 3957 1594 4011 consentire
1605 3957 1643 4011 ri-

103 4068 214 4126 ;qnem
231 4051 343 4123 culpam
362 4052 439 4105 utillo
455 4051 542 4107 modo
557 4051 719 4123 potuissetis
734 4052 777 4107 in·
829 4053 947 4109 deamur
960 4050 1082 4107 fratrum
1096 4053 1278 4105 nocumenta.
1290 4051 1359 4105 Data
1373 4046 1491 4105 Kalend.
1504 4048 1641 4116 Octobris,

104 4146 113 4200 i
137 4145 214 4201 unde
240 4145 482 4201 consecrationem
504 4145 621 4201 lionoris
641 4145 777 4217 accipitis,
829 4145 970 4201 Feliciano
985 4148 1014 4201 et
1025 4143 1198 4200 Maximiano
1212 4142 1278 4198 viris
1293 4141 1455 4198 clarissimis
1467 4141 1640 4198 consulibus.

103 4255 147 4296 ⁹¹¹¹
168 4240 255 4345 f⁰fi¹¹³
275 4239 462 4343 ⁰b³erv³⁰¹if¹³
481 4239 688 4344 summmket
703 4238 779 4294 bean
828 4272 953 4344 Epistola
973 4270 1153 4328 Orientalium
1172 4270 1210 4325 ad
1227 4270 1332 4325 lullum
1340 4286 1446 4340 popum
1460 4271 1641 4329 coercentium.

104 4334 179 4390 Petit
201 4334 361 4404 sedesque
385 4333 463 4387 V0b¹³
484 4332 667 4388 sacerdOialtS
686 4335 780 4388 maier
865 4343 938 4413 quod
960 4344 990 4397 in
1015 4344 1224 4397 contmunionem
1254 4343 1385 4412 receperit
1410 4340 1594 4399 trecassium
1618 4345 1644 4398 et

103 4427 175 4494 latis,
193 4431 267 4482 esset
284 4427 480 4482 ecclesiastice,
496 4425 633 4498 magistra
651 4425 777 4481 rationis.
864 4419 972 4499 witi&
986 4429 1052 4484 ’ΝΜ
1063 4415 1120 4484 ¹'lm'
1131 4413 1339 4467 damnaveram·

103 4524 132 4576 ut
144 4521 269 4576 mrrltum
285 4536 338 4575 nos
358 4537 392 4575 ee
410 4536 474 4592 quae
487 4518 570 4574 nobis
583 4519 629 4592 pie
645 4516 818 4593 rectequcl)
865 4522 986 4577 Domino
1002 4521 1165 4577 beatissimo
1178 4526 1207 4577 et
1221 4518 1381 4576 honorabili
1394 4519 1468 4574 Patri
1483 4519 1562 4574 lituro
1574 4535 1642 4592 apo·

115 4614 271 4680 letificant,
287 4613 325 4669 ita
340 4614 460 4669 nimium
477 4630 510 4667 ea
522 4630 586 4685 que
601 4617 667 4669 snut
680 4628 780 4685 perpe·
829 4615 934 4672 statice
959 4614 1033 4670 sedis
1055 4612 1211 4670 reiterabiti
1232 4614 1376 4684 episcopo,
1397 4612 1537 4681 Eusmrrs,
1554 4611 1641 4668 Turo-

102 4711 129 4763 le
150 4708 331 4774 contristent,
352 4707 487 4779 qnoniam
510 4724 624 4762 neeesse
648 4711 692 4763 est
715 4713 781 4779 post
828 4709 1091 4776 aurcs,'l'nnooones
1105 4704 1641 4778 etnrnrurrcs,11nacnmreliquistre·

103 4801 244 4857 ntalium
267 4800 461 4873 experimenta
486 4816 636 4857 causarum
663 4800 725 4857 hec
748 4800 778 4855 in
828 4798 1643 4872 tribus,etcoepiscopisnostrisinnutiochiacongregatis.

102 4895 267 4952 rsollicitns
285 4894 418 4967 prospici,
438 4897 468 4949 et
486 4895 651 4967 diligentius
669 4911 778 4966 praeca·
864 4896 940 4951 Licet
967 4894 1040 4951 circa
1071 4909 1171 4949 onmes
1202 4894 1361 4949 Romanam
1389 4892 1542 4947 Ecclesiam
1571 4893 1642 4949 scia·

103 4993 189 5045 tenus
205 5005 239 5043 ca
259 5005 324 5060 quse
340 4992 407 5044 sunt
422 4989 457 5043 ab
471 4987 605 5060 apostolis
620 5003 779 5059 eorumque

103 5083 174 5139 ilaus
202 5085 318 5149 statuta,
347 5082 426 5136 nialla
452 5082 559 5137 desidia
584 5081 778 5154 negligantur,

103 5176 233 5233 sensione
249 5177 401 5244 violentur,
413 5176 493 5231 nulla
503 5175 713 5231 concertatione
722 5181 781 5230 tur-

103 5271 163 5327 lam
183 5271 256 5326 sicut
274 5271 303 5324 in
326 5287 383 5324 uno
402 5286 522 5341 corpore
545 5271 635 5325 multa
650 5269 781 5325 membra

105 5364 326 5433 ,omuiaautem
336 5362 780 5419 membranooenmdemactum

103 5458 141 5514 ee
161 5458 242 5513 multi
261 5474 353 5513 unum
373 5473 475 5528 corpus
497 5473 596 5511 sumus
617 5456 646 5512 in
659 5456 778 5524 cereto,

103 5554 183 5607 utem
196 5552 268 5607 alter
283 5550 400 5606 alterius
420 5551 565 5615 membra;
580 5550 720 5607 connexio
736 5555 780 5605 to·

103 5644 160 5703 oris
168 5663 254 5702 unam
269 5645 429 5714 sanitatem,
440 5661 527 5699 unam
538 5632 780 5715 pulchritudinem

103 5740 162 5797 brec
181 5739 297 5814 quidem
315 5739 456 5795 connexio
472 5739 556 5794 totius
569 5737 696 5811 corporis
707 5748 780 5794 rinn-

103 5848 127 5891 m
143 5832 331 5909 requirit,sed
344 5835 488 5910 praecipue
499 5831 587 5906 exigit
599 5830 781 5892 concordiam

831 5005 895 5044 mus
922 5004 983 5044 esse
1012 4986 1176 5042 munificam
1202 4990 1231 5041 ct
1258 4985 1439 5057 apostolicam
1465 4985 1571 5042 hahere
1598 5003 1646 5042 cn·

830 5099 902 5151 ram,
922 5086 950 5137 ct
973 5097 1086 5154 semper
1108 5085 1229 5135 matrem
1254 5079 1374 5135 existere
1398 5079 1519 5151 pietatis,
1543 5097 1643 5153 quam·

831 5192 916 5249 qnam
943 5175 980 5231 ab
1004 5175 1119 5232 Oriente
1150 5174 1186 5229 ad
1216 5191 1280 5229 cam
1307 5172 1507 5246 praedicatores
1533 5172 1645 5244 pietatis

830 5269 1025 5337 advenissent,
1062 5274 1158 5324 tamen
1205 5270 1370 5339 optaremus
1408 5282 1456 5321 vos
1495 5264 1644 5320 nobiscum

830 5362 1010 5430 concordare,
1033 5366 1061 5417 ct
1086 5378 1190 5434 quasa
1217 5361 1419 5416 communione
1446 5355 1644 5430 suspendimus

830 5477 846 5512 a
868 5457 947 5512 robis
969 5472 1029 5512 esse
1053 5471 1214 5527 suspensos,
1236 5460 1264 5510 et
1286 5471 1356 5527 (qnos
1373 5454 1402 5506 in
1421 5451 1521 5507 ordine
1540 5450 1644 5505 coollr-

830 5566 943 5607 mamns
967 5549 1166 5623 episcoporum
1191 5564 1208 5603 a
1232 5547 1312 5603 robis
1335 5561 1395 5600 esse
1422 5542 1643 5614 confirmandos,

830 5660 883 5701 nec
895 5660 948 5700 nos
960 5643 1083 5701 secundo
1101 5643 1163 5698 loco
1180 5639 1337 5709 habendos,
1352 5653 1417 5693 eum
1437 5653 1471 5691 cx
1491 5637 1534 5691 bis
1553 5637 1643 5709 parti·

831 5738 884 5794 bus
904 5737 941 5792 ad
959 5754 1008 5793 vos
1028 5753 1118 5812 usqne
1139 5734 1363 5807 dogmatizantes
1376 5728 1494 5805 apostoli
1507 5746 1644 5804 perrene-

832 5832 899 5890 rtnt.
919 5830 976 5888 ltee
1002 5831 1077 5888 enim
1103 5846 1157 5891 nos
1183 5828 1282 5885 restris
1307 5823 1517 5899 msulterimus,
1541 5838 1645 5902 qoam-
