3870 6150
575 216 1024 278 uacamumucemeerre.
1605 227 1659 286 ω

103 330 163 385 asto
175 323 357 384 decretorum
371 327 429 383 fine
453 326 659 400 complevimus
681 343 784 401 perpe·
794 337 827 413 Α
836 327 999 385 Antoninus
1009 327 1130 386 Bastiae
1143 328 1270 387 ecelesia
1279 330 1581 405 spiscopus,simtliter
1592 335 1655 394 sub.

103 437 120 477 s
137 420 226 478 robur
247 437 299 494 per
311 437 451 479 manuum
475 425 640 478 nostrarum
661 421 785 478 subscri·
836 422 971 479 menius
985 423 1176 495 tugastrensis
1197 425 1324 482 ecclesiae
1345 426 1506 498 episcopus,
1526 427 1658 487 similiter

103 514 291 585 annectimus,
302 515 403 571 dantes
413 516 518 588 probis
529 516 651 588 gloriam
661 521 690 573 et
698 517 788 574 bono·
836 515 989 572 sublltala
1010 515 1173 573 caunensis
1197 518 1321 577 ecclesia
1343 520 1503 594 episcopus,
1523 520 1657 580 similiter

103 611 212 667 uenali
225 611 283 667 beo
307 613 337 666 et
359 609 480 666 Domino
493 616 601 680 nostro,
617 628 674 684 quo
700 611 788 685 inspi·
837 608 901 667 sub.
918 609 1073 683 Separatus
1097 612 1225 667 Veseusis
1250 613 1378 669 ccclesia
1404 615 1562 688 episcopus,
1576 616 1657 674 simi·

103 703 375 762 .detarminatiouis
398 708 502 760 uestra
524 704 667 761 senteuh'a
686 705 785 778 viguit,
835 703 903 760 liter
931 703 994 760 sub
1018 703 1218 762 Providentiae
1246 707 1493 765 Salamanticeusis
1530 711 1657 769 ecclesia

103 802 148 855 tas
172 814 322 854 causamm
344 798 465 854 honesto
486 815 516 854 se
540 798 597 854 fine
624 799 785 872 complevit.
836 797 997 870 episcopus,
1006 797 1138 854 similiter
1156 798 1219 855 snb.
1239 801 1384 873 hugibado
1398 802 1579 861 illiberitanoe
1594 806 1657 877 epi-

103 896 161 948 lctae
174 891 318 949 Trinitatis
327 893 470 964 poscimus
479 893 668 950 inenarrabile
679 910 787 951 nomen
836 908 938 964 scopus
964 891 1103 962 ecclesia,
1133 892 1265 951 similiter
1289 894 1352 950 sub.
1383 895 1516 953 Sisebede
1548 899 1657 956 [incita

103 1002 165 1042 sam
179 985 330 1042 ineffabilis
344 987 480 1058 potentia
494 987 685 1058 majestatem,
697 988 788 1044 atdat
837 985 962 1042 ecclesia
976 986 1050 1043 sedis
1063 986 1294 1060 episcopussub.
1303 987 1532 1061 Elissegotiensis
1545 992 1655 1064 cpisco-

108 1078 213 1136 Ghristi
236 1078 419 1136 serenissimo
433 1080 554 1136 Domino
578 1082 677 1137 nostro
699 1084 786 1155 atque
835 1095 901 1153 pus,
915 1079 1049 1137 similiter
1068 1080 1132 1136 sub.
1146 1080 1318 1138 sebarianus
1337 1082 1484 1138 Noxicnsis
1497 1085 1657 1158 episcopus,

103 1171 164 1230 imo
178 1172 295 1245 litingio
309 1173 441 1246 principi,
463 1173 544 1246 cujus
553 1174 636 1248 jussu
649 1174 686 1230 ad
708 1175 787 1232 hunc
835 1172 967 1229 similiter
978 1174 1042 1230 sub.
1054 1175 1179 1231 loannes
1197 1175 1330 1231 Pacensis
1352 1175 1513 1249 episcopus,
1527 1177 1658 1235 similitor

103 1283 126 1323 ss
139 1267 273 1324 advocari
287 1267 453 1336 adventum,
465 1267 610 1342 imperare
620 1268 785 1340 clementer,
835 1266 898 1323 sub.
911 1267 1094 1340 Teudulphus
1108 1268 1276 1342 Astigitanae
1288 1269 1441 1342 episcopus
1454 1270 1517 1328 sub.
1528 1271 1654 1342 samuel,

114 1361 250 1430 feliciter,
278 1361 387 1418 habere
415 1362 451 1417 de
474 1362 625 1418 clementia
649 1364 784 1434 fructum,
835 1360 1036 1434 Gundulphus,
1067 1361 1252 1434 Euphrasius,
1283 1362 1465 1433 Terdoratus,
1500 1364 1657 1423 bateradus

103 1454 155 1513 bei
164 1456 277 1528 justitia
289 1455 452 1528 praemium,
467 1455 502 1512 da
514 1457 619 1529 pietate
633 1460 784 1530 tropeum,
834 1454 921 1511 abbas
934 1454 1173 1529 subscripserunt.
1188 1455 1369 1513 hunibonius
1388 1457 1535 1531 presbyter
1555 1463 1658 1517 teneus

103 1565 121 1605 c
135 1548 258 1606 inuictus
272 1549 362 1605 victor
375 1550 504 1606 hostium
521 1566 638 1623 semper
651 1554 786 1624 appareat
834 1549 925 1604 vicem
951 1548 1060 1605 domini
1084 1549 1174 1605 nostri
1196 1550 1364 1607 subdemeri
1378 1551 1503 1608 ecclesiae
1520 1555 1656 1626 Complu-

103 1642 228 1700 liutuma
248 1643 333 1715 hujus
347 1643 443 1699 soeculi
457 1643 600 1700 curricula
613 1645 648 1700 ad
663 1660 786 1716 regnum
835 1642 924 1699 tensis
937 1643 1062 1717 episcopi
1083 1643 1146 1700 sub.
1161 1643 1316 1716 Sesulphus
1334 1644 1396 1701 hoec
1410 1644 1539 1703 instituta
1553 1647 1658 1720 quibua

103 1760 106 1792 i
126 1753 192 1792 cum
206 1736 264 1792 suis
277 1737 411 1793 omnibus
427 1738 609 1794 coronandus
627 1714 953 1810 perveniat,ssinterfui
978 1753 1108 1794 annuens
1128 1737 1192 1794 sub.
1216 1737 1416 1807 ilaccaredus,
1440 1737 1570 1797 similiter
1592 1741 1656 1798 sub.

103 1831 188 1886 clleo
201 1833 230 1886 ct
242 1830 386 1886 Salvaterc
399 1832 466 1887 lesu
477 1831 586 1887 Christo
597 1832 725 1903 Domino,
736 1832 786 1905 qui
834 1829 952 1900 vuitiza,
968 1830 1101 1887 similiter
1113 1830 1176 1887 sub.
1189 1829 1330 1902 vuimars,
1344 1831 1479 1888 similiter
1491 1833 1656 1906 subscripsi.

103 1940 132 1980 rc
158 1928 188 1980 et
208 1923 316 1997 Spiritu
338 1928 436 1980 sancto
460 1924 490 1980 in
512 1925 648 1982 Trinitate
670 1925 739 1994 vivit
757 1932 787 1983 et
834 1924 1059 1993 Theuditendila,
1087 1925 1218 1982 similiter
1244 1925 1408 1997 subscripsi.
1433 1925 1598 1999 ostulphus,
1618 1928 1657 1984 si·

103 2032 151 2075 eus
162 2018 193 2074 in
208 2020 311 2074 saecula
325 2020 506 2075 saeculorum.
523 2021 627 2076 Amen.
834 2017 943 2075 militer
953 2018 1017 2075 sub.
1028 2018 1208 2089 Salimurius,
1220 2018 1352 2075 similiter
1365 2019 1428 2075 sub.
1439 2020 1656 2093 Theudefridus,

103 2116 206 2169 natum
220 2115 263 2168 est
277 2113 331 2168 huc
345 2115 474 2168 sanctum
496 2113 659 2183 concilium,
677 2113 724 2170 die
735 2130 783 2170 oc·
834 2111 967 2168 similiter
978 2111 1041 2168 snb.
1057 2111 1223 2184 llildigisus,
1234 2112 1364 2169 similiter
1373 2114 1435 2169 sub.
1444 2113 1565 2183 Vitulus,
1576 2114 1657 2172 umi-

103 2205 234 2263 sndarum
248 2206 471 2262 Februariarum
492 2223 568 2263 anuo
588 2207 710 2263 feliciter
730 2207 787 2280 pri·
834 2205 901 2263 liter
923 2206 985 2262 sub.
1000 2205 1090 2274 Edita,
1104 2206 1237 2262 similiter
1257 2206 1320 2262 sub.
1340 2206 1508 2278 adeluibus,
1526 2206 1657 2266 similiter

103 2299 215 2358 nissimi
239 2299 348 2356 demini
375 2300 465 2356 nostri
484 2300 593 2374 Eriugii
613 2301 704 2374 regis,
727 2318 785 2357 sera
835 2299 899 2355 sub.
914 2300 1077 2372 attulphus,
1092 2300 1223 2356 similiter
1232 2300 1397 2374 subscripsi.

377 2442 381 2449 .
869 2393 977 2458 Quibus
990 2393 1123 2450 omnibus
1136 2393 1322 2466 synodalibus
1331 2395 1428 2467 gestis,
1438 2395 1561 2453 decretis
1570 2400 1656 2471 atque

191 2467 350 2537 subscripto
363 2468 557 2537 ‘Pssffll'mm-
835 2487 933 2560 pactis,
944 2490 973 2542 et
986 2486 1113 2544 debitam
1123 2489 1312 2544 reverentiam
1322 2489 1441 2545 honoris
1451 2489 1655 2562 impendimus,

103 2599 127 2638 rs
148 2581 199 2638 Dei
220 2583 313 2655 gratia
326 2581 468 2653 Spalensis
483 2581 610 2638 ecclesiae
625 2581 699 2637 sedis
724 2582 785 2654 epi·
835 2581 1006 2653 etpatulum
1026 2581 1203 2638 auctoritatis
1223 2585 1329 2639 nostrie
1354 2582 1482 2655 vigerem
1505 2583 1551 2640 his
1575 2583 1655 2642 inne·

103 2692 142 2732 sec
154 2675 291 2748 synodica
300 2675 432 2730 instituta
447 2691 465 2730 a
476 2674 561 2730 nobis
575 2673 652 2730 edita
661 2675 784 2732 subscri·
834 2677 911 2736 ctera
923 2690 1122 2746 properamus.
1136 2674 1261 2747 Ideoque
1272 2676 1437 2749 proemissas
1455 2676 1507 2732 hos
1518 2678 1655 2734 constitu-

103 2769 335 2841 tuliusindignus
356 2769 433 2824 urhis
447 2769 535 2841 regiae
548 2769 691 2825 Toletano
711 2769 785 2825 sedis
835 2767 928 2826 tiones
940 2768 1090 2841 synodicas
1105 2785 1122 2824 a
1134 2769 1270 2841 prasenti
1282 2769 1328 2825 die
1345 2769 1390 2825 vel
1406 2773 1547 2843 ternpore,
1562 2771 1593 2826 id
1615 2776 1658 2828 cst

103 2863 185 2920 shaec
200 2864 333 2934 synodica
346 2880 363 2918 a
375 2863 458 2918 nobis
471 2863 602 2918 instituta
620 2862 783 2935 subscripsi.
836 2861 872 2917 ab
884 2866 984 2917 octavo
999 2861 1122 2917 Kalend.
1138 2862 1296 2930 februarii,
1307 2879 1385 2918 anuo
1404 2862 1499 2935 primo
1511 2865 1594 2936 regui
1605 2881 1657 2921 no·

103 2957 138 3013 ba
159 2957 296 3028 indignus
321 2957 517 3013 Braccarensis
540 2956 615 3012 sedis
637 2956 786 3030 episcopus
834 2955 886 3010 stri
898 2954 993 3011 nuhus
1006 2954 1109 3012 audeat
1119 2958 1315 3026 contemnere,
1329 2956 1425 3012 nullus
1439 2956 1527 3013 etiam
1542 2963 1658 3030 prseter-

102 3051 194 3108 iodica
221 3068 238 3106 a
269 3050 351 3107 nobis
374 3050 504 3106 instituta
523 3049 600 3106 adita
617 3050 782 3122 subscripsi.
794 3090 822 3166 c
834 3048 888 3117 ire,
908 3064 995 3104 nemo
1016 3048 1186 3105 carumdem
1207 3049 1445 3106 constitutionum
1466 3051 1574 3108 audeat
1590 3052 1659 3124 jura

103 3146 204 3201 thanus
224 3149 328 3200 sancta
343 3143 561 3200 Euseritincnsis
580 3143 706 3201 ecclesiae
722 3145 781 3217 cpi·
834 3142 1111 3211 convellere,uullus
1120 3144 1347 3199 temeratorhaec
1358 3144 1473 3200 decreta
1482 3145 1657 3202 subvertere.

103 3254 151 3295 uec
175 3237 310 3310 spnedica
329 3255 346 3293 a
370 3238 451 3293 nobis
472 3236 602 3293 instituta
624 3237 702 3294 edita
720 3237 784 3293 sub
832 3237 923 3292 Nemo
940 3235 1084 3292 illicitator
1096 3238 1141 3292 vel
1153 3241 1335 3310 contemptor
1347 3238 1479 3309 vigorem
1491 3238 1538 3294 his
1550 3239 1659 3296 institu-

103 3330 210 3388 lfialius
224 3331 272 3386 [lei
288 3331 474 3387 miseratione
489 3330 636 3387 avelensis
657 3330 784 3387 ecclesia
832 3329 960 3387 tionibus
972 3328 1130 3401 subtrahat,
1140 3331 1189 3386 sed
1201 3331 1373 3403 generaliter
1383 3347 1434 3403 per
1450 3335 1566 3388 cunctas
1575 3333 1658 3404 regni

103 3443 111 3482 s
140 3425 203 3483 haec
229 3425 364 3495 synodica
391 3441 408 3479 a
434 3425 516 3481 uehis
552 3424 684 3480 instituta
707 3424 784 3481 edita
834 3422 925 3479 nostri
938 3422 1097 3494 provincias
1110 3423 1173 3479 hrec
1186 3440 1328 3479 maenum
1341 3424 1469 3480 instituta
1479 3429 1585 3480 nostroe
1597 3425 1659 3496 glo·

103 3520 128 3576 ri.
144 3521 176 3576 ln
191 3520 294 3575 Christi
312 3518 429 3574 nomine
440 3518 571 3575 Leander
585 3518 740 3575 llilicitanae
755 3522 785 3574 et
833 3516 884 3572 riae
903 3515 1082 3588 temporibus
1097 3519 1171 3585 acta,
1187 3519 1217 3572 et
1229 3517 1407 3573 auctoritatis
1424 3517 1529 3573 debitse
1544 3517 1657 3591 fastigio

103 3613 246 3687 spiscopus
265 3615 327 3668 haec
349 3614 482 3685 synodica
508 3630 525 3668 a
548 3611 629 3667 nobis
656 3611 785 3668 instituta
832 3609 1051 3684 prepollebunt
1061 3613 1091 3665 et
1101 3609 1259 3666 inviolabili
1275 3616 1373 3667 tenore
1383 3611 1561 3682 judiciorum
1571 3612 1658 3669 habe·

103 3707 226 3778 ascripsi.
241 3708 270 3761 ln
291 3706 396 3764 Christi
411 3707 529 3762 nomine
553 3705 708 3761 Palinatius
731 3706 782 3761 Ur·
833 3704 949 3759 buntur.
961 3702 990 3759 si
1001 3702 1065 3776 quis
1079 3707 1177 3759 autem
1192 3703 1253 3760 heac
1266 3704 1394 3761 instituta
1408 3709 1583 3775 contemnat,
1591 3722 1659 3761 con·

103 3801 202 3858 ulcsiae
217 3801 378 3873 episcopus,
392 3801 454 3856 haec
479 3799 614 3872 synodica
626 3799 785 3856 institutas
834 3801 1014 3871 temptorum
1036 3813 1067 3853 se
1092 3797 1203 3854 noverit
1223 3797 1357 3854 dunnari
1372 3798 1529 3869 sententia,
1549 3798 1579 3854 id
1603 3804 1657 3869 est,

103 3894 235 3966 bscripsi.
261 3894 436 3950 concordius
459 3887 595 3949 Palatinae
617 3893 693 3949 sedis
723 3894 783 3966 epi·
834 3894 866 3947 nt
876 3890 1147 3963 juxtnvoluntatem
1162 3894 1268 3947 nostras
1283 3880 1392 3963 glemu,
1407 3896 1437 3948 et
1457 3893 1657 3949 excommuni-

103 3987 224 4044 imiliter
238 3987 400 4060 subscripsi.
413 3987 518 4044 lticcila
527 3987 688 4042 liaccitanoe
700 3988 785 4043 eccle
834 3989 912 4042 catus
927 3986 1029 4040 acoetu
1052 3989 1152 4040 nostro
1173 3985 1289 4054 resiliat,
1302 3989 1332 4040 et
1344 3985 1463 4057 iusuper
1475 3989 1589 4058 partem
1605 3986 1657 4044 de·

103 4098 169 4155 spus
191 4081 322 4137 similiter
332 4080 394 4136 sub.
418 4081 574 4153 sinpernus
587 4081 786 4152 Erpavicensis
835 4078 1656 4151 cimamfacnltatissuaefiscipartibussociandamamittat;

103 4193 117 4231 s
144 4175 275 4231 similiter
301 4175 353 4230 sub
376 4174 541 4247 sparendeo
561 4174 711 4229 Tahceusis
728 4176 786 4247 epi·
835 4173 948 4246 quodsi
972 4172 1045 4228 nihil
1067 4173 1200 4229 habuerit
1222 4172 1367 4230 facultatis
1389 4173 1468 4229 unde
1490 4174 1658 4248 praedictam
1728 4192 1736 4205 ·

103 4269 171 4337 adis,
187 4268 320 4324 similiter
334 4268 397 4324 sub.
416 4269 485 4324 Geta
504 4268 642 4340 Elipensis
660 4268 786 4324 ecclesia
836 4266 1073 4339 compositionem
1084 4267 1230 4323 exsolvere
1243 4266 1343 4340 possit,
1355 4266 1463 4340 absque
1474 4267 1530 4324 alia
1542 4267 1659 4324 infamia

103 4381 134 4433 s,
159 4362 289 4419 similiter
322 4363 384 4418 sub.
420 4362 573 4418 Memorius
598 4361 786 4433 Egebinensis
836 4360 880 4416 sui
894 4359 1103 4434 quinquaginta
1113 4360 1257 4433 oportebit
1265 4376 1332 4416 eum
1343 4359 1446 4416 ictibus
1457 4360 1612 4430 verberari,
1626 4366 1660 4420 ut

126 4457 285 4530 episcopus,
316 4455 450 4511 similiter
477 4455 541 4511 sub.
570 4455 955 4534 Tructimundustemper
975 4452 1092 4509 infamis
1113 4455 1294 4524 permaneat.
1310 4452 1390 4509 Edita
1404 4453 1448 4508 lex
1460 4452 1491 4509 in
1505 4453 1658 4510 conflrma-

103 4551 129 4607 is
155 4550 305 4623 episcopus
327 4549 389 4605 sub.
412 4548 534 4605 isidorus
555 4548 701 4606 sitalensis
725 4550 786 4622 epi·
837 4546 916 4603 tione
931 4545 1044 4602 concilii
1057 4545 1196 4614 Toletani,
1213 4545 1266 4601 sub
1284 4545 1331 4602 dia
1352 4549 1450 4602 octava
1464 4545 1584 4602 Kalend.
1604 4547 1657 4605 Fe·

103 4644 224 4701 imiliter
242 4644 306 4699 sub.
321 4643 496 4699 Gaudentius
510 4643 672 4700 Valevcnsis
682 4645 787 4716 episco
836 4640 1040 4709 bruarii,unno
1054 4638 1177 4696 feliciter
1188 4638 1283 4712 primo
1297 4638 1381 4710 regni
1393 4636 1492 4711 gloriae
1505 4642 1657 4698 nostra.ln

103 4738 176 4795 iliter
191 4737 253 4793 sub.
269 4737 411 4792 Ileodatus
424 4736 605 4808 segoniensis
625 4738 785 4811 episcopus,
836 4732 954 4791 nentina
968 4732 1093 4803 bomini,
1106 4731 1216 4788 Flavius
1228 4732 1362 4804 Eringius
1376 4748 1427 4789 rex
1441 4731 1495 4788 hoc
1515 4732 1587 4807 legis
1603 4751 1655 4792 uo·

108 4829 172 4887 sub.
187 4829 327 4885 Gentinos
341 4829 477 4884 ludensis
499 4830 650 4902 episcopus
665 4830 785 4887 subscri-
837 4831 904 4883 strae
922 4826 1047 4883 edictum
1063 4825 1094 4882 in
1114 4825 1330 4883 confirmatione
1349 4825 1436 4899 hujus
1458 4825 1571 4884 concilii
1589 4842 1656 4901 pro·

103 4925 198 4981 ericus
223 4922 443 4980 Portucaliensis
466 4923 631 4996 episcopus,
655 4923 788 4980 similiter
837 4921 998 4994 uulgatum
1010 4917 1174 4994 subscripsi.

103 5035 115 5076 ι
127 5018 257 5075 irriensis
270 5016 395 5073 ecclesiae
407 5017 567 5091 episcopus,
575 5016 710 5073 similiter
722 5016 785 5074 sub.

103 5288 241 5383 :lull'
284 5287 592 5389 CONClLlUM
633 5284 977 5382 TOLETANUM
1018 5282 1275 5379 DECIMUM
1323 5281 1589 5378 TERTIUM.

392 5446 510 5509 Actum
529 5461 598 5508 aro
612 5461 738 5520 cccxxi,
754 5459 841 5508 anuo
856 5448 974 5526 quarto
988 5430 1126 5522 Erinpii
1138 5439 1235 5522 repis.

103 5606 120 5648 s
132 5590 281 5648 charitatis
292 5592 429 5649 instinctu
447 5591 564 5649 alternis
575 5591 720 5648 visionum
734 5589 786 5648 ob·
836 5604 902 5645 rum
916 5585 993 5644 Petri
1006 5591 1036 5644 et
1048 5586 1140 5655 Pauli,
1155 5601 1232 5642 anno
1251 5582 1333 5658 regui
1353 5584 1369 5639 t
1384 5578 1558 5639 serenissimi
1572 5579 1642 5638 Erin

103 5683 193 5749 additi
202 5684 269 5742 etin
280 5702 373 5743 uuum
383 5689 487 5743 coetum
496 5686 604 5743 factore
615 5685 670 5741 beo
680 5683 788 5757 pariter
836 5681 877 5756 gii
889 5680 1036 5755 principis,
1046 5680 1100 5736 sub
1115 5679 1161 5737 die
1173 5677 1299 5736 secunda
1309 5677 1402 5744 Nonas
1415 5672 1665 5743 Novembrium

103 5777 161 5837 itu
177 5777 301 5849 saleis,
315 5780 447 5838 videlicet
462 5782 628 5841 sanctorum
642 5777 783 5851 apostolo·
835 5791 942 5850 sumu,
964 5790 1033 5837 cunt
1048 5771 1254 5852 uuusquisque
1272 5772 1415 5831 nastrum
1435 5765 1550 5832 usurus
1562 5765 1690 5825 taem·
