3870 6150
124 277 175 333 ata
204 285 206 289 '
576 277 716 335 APPEND.
737 278 781 332 ab
799 272 880 331 SAEC.
902 275 944 330 tx.
957 305 990 316 -
1009 272 1131 330 lSlDORl
1150 267 1363 330 uuecaroms

122 365 319 454 omnipotente
332 398 466 455 regamur
478 387 616 444 altissime
635 391 693 444 eta
710 385 792 441 malis
806 383 937 440 omnibus
948 395 978 468 Α
988 399 1101 437 sumum
1114 383 1228 454 speculo
1241 382 1335 454 gratia
1348 381 1398 436 Dei
1412 380 1479 436 estis
1488 380 1582 452 positi,
1593 383 1670 437 atten

122 475 288 546 liberemur,
307 481 340 532 ut
359 494 418 533 nen
432 482 607 539 sacerdotale
627 497 733 537 nornen
753 483 875 546 tantum,
891 481 940 536 sed
990 481 1018 531 et
1042 475 1204 547 opprimere
1228 477 1343 547 oportet
1364 475 1413 546 qui
1435 474 1465 529 in
1483 475 1586 529 fratres
1607 472 1670 531 sedi

122 569 225 627 Christi
246 569 358 625 Domini
378 572 426 628 Dei
451 577 542 632 nestri
569 579 737 648 protegente
770 573 885 641 auxilie,
912 580 940 629 et
990 570 1123 626 scandale
1141 569 1272 636 excitant,
1295 569 1417 640 ideoque
1443 584 1607 635 exoremus,
1636 572 1670 623 ut

121 663 258 719 meritum
272 663 438 734 habeamus,
462 671 560 725 restris
574 669 679 725 sanctis
698 685 730 722 ec
745 669 802 724 lieo
816 672 940 738 accepta·
989 663 1148 735 despiciatis
1168 662 1334 717 turmilitatis
1357 667 1464 718 nestrae
1486 666 1515 718 et
1535 662 1667 718 emnium

121 756 225 811 bilibus
243 774 295 812 uos
320 763 553 819 commendantes
583 762 758 819 emtionibus
784 761 938 833 poscimus,
989 756 1060 812 lium
1080 757 1301 811 orthodoxorum
1322 755 1501 811 sacerdotum
1517 755 1670 828 etpepulor

121 854 261 923 quatenus
283 858 312 906 et
334 853 432 908 vestris
456 856 701 928 deprecationibus
723 872 774 928 pre
800 855 883 911 uobis
904 854 939 908 ad
989 850 1096 906 clienes
1115 853 1144 905 et
1156 851 1373 922 deprecationes
1388 867 1452 905 cum
1469 850 1605 922 lacrymis
1618 849 1670 905 obl

120 944 784 1019 Deumeffasisnnraiti‚eteraditienibusbenis
797 949 937 1018 instructi,
989 943 1061 999 sicut
1073 943 1226 999 luminaria
1243 945 1373 1000 universe
1394 944 1503 999 mundo
1518 945 1640 999 verbum
1661 960 1670 997 r

121 1037 202 1110 digni
214 1039 537 1100 efficiamureumemni
551 1045 634 1101 nebis
655 1045 762 1117 populo
777 1042 937 1099 Christiano
990 1044 1099 1104 nentes,
1120 1038 1293 1094 introductas
1308 1039 1481 1110 exstinguite
1498 1038 1628 1094 tenebras
1648 1053 1670 1093 u

122 1133 273 1188 commisso
313 1133 391 1191 illesi
423 1140 532 1211 protegi
568 1141 731 1195 velamento
764 1137 869 1193 divine.
899 1137 939 1194 nd
989 1147 1102 1185 morum
1135 1131 1345 1202 insidiatorum,
1381 1131 1558 1203 temporibus
1587 1130 1670 1187 etiam

123 1226 319 1282 salutationem
345 1244 415 1301 ergo
442 1237 543 1288 restrae
576 1238 679 1288 sanetae
711 1237 739 1287 et
761 1231 939 1286 honorandae
988 1224 1146 1295 procaciter
1164 1226 1349 1296 getulium,
1373 1230 1513 1296 quatenus
1530 1224 1662 1281 funditus

122 1320 301 1390 paternitatis
320 1321 380 1376 rice
406 1327 503 1380 nostra
525 1326 707 1382 benedictum
730 1325 867 1380 humilem
892 1342 940 1379 ne·
990 1318 1153 1390 hujusmodi
1180 1320 1302 1392 ealigine
1322 1320 1434 1375 Lucifer
1455 1319 1537 1375 nobis
1561 1321 1670 1391 respleu

123 1417 213 1468 strum
227 1413 356 1482 fratrem,
375 1423 499 1473 vestrum
518 1419 694 1493 episcopum,
708 1424 736 1475 et
748 1418 939 1474 Alexandrum
990 1430 1047 1480 ves,
1072 1414 1247 1469 sanctissime
1261 1417 1352 1485 pater,
1371 1419 1398 1469 et
1412 1413 1547 1485 degruata
1562 1412 1670 1468 definiti

122 1506 335 1579 presbyterum,
349 1510 513 1584 Crispinum
534 1530 649 1586 quoque
669 1513 819 1569 diaconem
832 1515 940 1568 vestros
989 1508 1146 1578 laetificans,
1163 1525 1251 1580 quam
1265 1508 1382 1581 gloriosi
1398 1508 1528 1563 Ecclesiae
1542 1506 1632 1562 sancti
1650 1524 1670 1580 p

124 1588 221 1674 158
233 1601 356 1665 famulos
368 1603 581 1678 destinavimus,
592 1623 664 1681 quos
677 1607 852 1679 postulamus
867 1607 938 1662 cele·
989 1602 1107 1674 propria
1121 1602 1425 1675 piissimedegmatain
1435 1602 1624 1657 aeternaeritae
1634 1600 1670 1656 nr

122 1694 297 1752 riusnobise
308 1701 399 1753 vestra
411 1699 588 1757 beatitudine
596 1701 727 1774 persolvi,
737 1705 768 1756 ut
780 1701 881 1757 vestris
890 1717 938 1756 co·
989 1696 1140 1751 reditatum
1162 1697 1329 1768 praedicasse
1344 1698 1510 1763 noscuntur,
1524 1698 1553 1750 et
1575 1695 1670 1751 subscr

123 1787 460 1849 hortationibusreberati
469 1794 940 1866 etvestrisregulisinformati,ini·
950 1767 978 1840 Β
990 1790 1131 1846 columem
1148 1794 1176 1846 te
1190 1794 1220 1845 et
1231 1791 1443 1862 beneplacitum
1461 1790 1530 1856 Deo,
1544 1785 1671 1844 sanctissi

122 1883 203 1938 micis
212 1884 341 1941 videlicet
351 1889 572 1959 compressis,ad
579 1889 943 1962 propriasprudentercen-
990 1889 1116 1956 patrum,
1138 1889 1269 1940 orantem
1292 1884 1444 1956 pronubis
1467 1882 1603 1938 Dominus
1624 1897 1670 1937 cut

122 1977 203 2033 solati
219 1979 363 2035 valeamus
378 1982 510 2038 ecclesias
527 1986 593 2040 ante
605 1983 733 2039 hiemem
746 1985 804 2039 Dee
817 1982 941 2056 propitio
991 1994 1093 2034 aevum.
1108 1980 1212 2034 Amen.

122 2087 260 2128 remeare.
282 2075 413 2130 Vestrum
434 2080 476 2131 est
497 2077 614 2149 quippe,
646 2080 729 2148 pater
755 2077 940 2148 sanctissime,
1123 2075 1293 2144 ltcentptum
1307 2072 1405 2128 Felicis
1417 2087 1499 2142 pepe
1511 2071 1549 2126 ud
1562 2070 1670 2126 eosdem

122 2165 258 2221 canonica
276 2166 451 2224 districtione
480 2169 599 2225 sollicite
618 2170 815 2228 ecclesiastice
833 2172 941 2245 regule
1027 2165 1278 2223 Revereudissimis
1313 2170 1398 2237 atque
1446 2164 1637 2219 dilectissimis

123 2258 339 2314 adversantibus
351 2262 380 2316 et
391 2262 511 2319 fratrum
524 2263 738 2320 insidiatoribus
750 2265 872 2336 ebriare,
888 2282 941 2321 nee
989 2263 1148 2318 Araarrsro
1166 2266 1195 2317 ct
1210 2259 1346 2316 universis
1360 2259 1569 2330 AEgyptierum,
1592 2256 1670 2314 Theb

122 2351 288 2423 permittere
303 2353 413 2410 noviter
432 2355 488 2411 dici
505 2357 581 2428 qued
600 2361 714 2430 patrum
734 2360 940 2415 venerabilium
990 2355 1143 2427 Lybierum
1161 2354 1299 2427 episcopis
1323 2353 1353 2408 in
1375 2358 1472 2408 sancta
1490 2351 1670 2408 Alexandrina

121 2446 272 2501 aucteritas
295 2448 412 2504 omnine
428 2465 488 2506 non
505 2451 625 2506 censuit.
647 2453 702 2508 Nos
724 2452 802 2510 enim
820 2453 941 2509 humiles
990 2449 1179 2522 congregatis,
1191 2448 1363 2504 Fenrxalnne
1374 2447 1670 2503 aemanaurbisetu

123 2539 210 2595 corde
223 2556 288 2612 quae
298 2548 376 2598 recta
388 2548 465 2611 sunt,
481 2545 633 2616 adjurante
648 2546 939 2619 flemina,sapientes‚
990 2544 1120 2599 Ecclesia
1134 2544 1293 2616 episcopus,
1309 2547 1338 2598 ct
1352 2545 1450 2597 saneta
1462 2541 1663 2614 synodusque

124 2649 181 2689 uno
202 2633 314 2690 viuculo
336 2636 482 2693 charitatis
505 2639 653 2695 vobiscum
672 2657 770 2697 sumus
784 2641 939 2709 constricti,
990 2638 1110 2694 Romam
1137 2637 1270 2693 convenit
1300 2636 1327 2690 iu
1361 2635 1491 2705 Domine,
1528 2635 1660 2690 salutem.

123 2743 221 2783 reram
240 2728 326 2784 fidem
343 2746 376 2786 ac
395 2731 565 2804 religionem
578 2733 748 2790 catholicam
766 2734 797 2790 iu
810 2735 941 2791 omuibus
990 2735 1111 2787 rosham
1124 2731 1290 2804 synodicam
1300 2729 1448 2801 epistelam
1457 2745 1509 2801 per
1517 2728 1670 2800 gratiamsr

122 2819 238 2876 fortiter
259 2823 450 2881 defensantes.
474 2826 631 2883 Studiosius
655 2828 751 2900 itaque
765 2829 942 2885 acatholicis
991 2825 1103 2881 rituset
1115 2826 1173 2880 Dee
1192 2825 1327 2897 placitum
1345 2823 1472 2879 studium
1492 2822 1670 2894 conscriptae

123 2913 261 2987 improbis
284 2917 372 2989 prebe
394 2919 525 2978 resistere
547 2920 730 2977 innitendum
750 2926 803 2992 est,
824 2940 860 2979 ue
887 2929 943 2980 ter·
991 2920 1082 2975 alteo
1104 2919 1280 2975 honorandae
1298 2917 1456 2974 sanctitatis
1473 2917 1568 2989 gratia
1579 2915 1670 2972 libent

123 3013 223 3081 pentes
244 3010 353 3067 desidia
368 3014 497 3085 oppressi
517 3014 607 3086 eulpae
624 3014 825 3072 taciturnitatis
844 3021 940 3074 tenea·
991 3013 1096 3085 pimus,
1118 3017 1203 3084 atque
1218 3013 1360 3067 instanter
1382 3011 1410 3066 iu
1423 3011 1529 3084 synode
1552 3009 1670 3065 recitare

123 3117 190 3157 mur
204 3103 329 3173 obnoxii,
348 3110 377 3160 et
390 3107 471 3179 quasi
484 3107 609 3164 fororem
626 3107 824 3182 impendentes
834 3111 943 3183 judice·
992 3108 1059 3178 gule
1070 3106 1208 3178 jussimus
1218 3110 1246 3161 et
1259 3123 1360 3161 omnes
1374 3107 1483 3161 intente
1499 3105 1522 3176 ej
1528 3122 1560 3159 us
1577 3103 1670 3176 colliga

124 3212 200 3266 mur,
215 3198 283 3253 dum
292 3198 408 3255 adversa
418 3201 562 3258 catholicae
571 3202 636 3258 fidei
648 3204 813 3277 propulsare
822 3207 942 3278 negligi·
991 3201 1135 3271 iussimus,
1156 3216 1241 3272 supet
1256 3217 1319 3271 <111oe
1333 3201 1403 3255 dum
1417 3197 1669 3270 ΙξΕιέιιΝἰ3ΡθΝῑῙΝὶῑῃ

124 3306 198 3360 mus,
206 3291 399 3348 undedietum
410 3295 631 3368 est:Negligere
640 3296 757 3370 quippe,
771 3297 839 3354 dum
852 3301 943 3372 possis
992 3294 1152 3366 latebamus,
1174 3311 1255 3349 versa
1277 3297 1320 3348 est
1343 3294 1372 3348 in
1395 3293 1504 3348 luctum
1528 3293 1670 3348 cithare!

122 3385 303 3455 conturbare,
324 3402 470 3458 perversos
483 3389 555 3445 nihil
579 3390 658 3446 aliud
679 3397 721 3447 est
734 3407 821 3464 quam
836 3393 942 3463 ferere,
994 3387 1118 3444 cantatio
1129 3387 1158 3442 iu
1173 3388 1372 3459 prolationem,
1383 3391 1413 3442 et
1428 3403 1513 3443 omne
1525 3387 1613 3441 tetius
1627 3401 1670 3458 syr

123 3495 177 3535 nec
194 3486 272 3536 caret
286 3482 420 3553 scrupulo
438 3483 578 3539 societatis
594 3485 710 3542 oecultae
724 3486 774 3558 qui
789 3489 943 3545 manifesto
994 3483 1073 3538 dium
1085 3482 1114 3537 in
1127 3499 1280 3538 maerorem
1296 3482 1463 3537 translatum
1480 3486 1531 3547 est,
1547 3480 1617 3552 quia
1634 3494 1670 3535 11⁰

125 3573 246 3629 facinori
262 3573 369 3630 desinit
387 3575 511 3647 obviare,
530 3576 631 3650 liquet,
645 3578 746 3636 docter
758 3582 942 3654 sanctissime,
994 3583 1037 3632 rat
1049 3579 1083 3631 ut
1104 3577 1133 3631 hi
1146 3576 1196 3649 qui
1218 3593 1320 3648 corpus
1341 3575 1444 3632 Christi
1462 3575 1590 3647 (1110tidi0
1612 3589 1670 3646 Ρῐῡ]

125 3682 271 3723 venenose
285 3669 463 3741 serpentium
477 3670 537 3726 sine
554 3671 738 3744 simplicitate
756 3677 861 3731 astutia
874 3677 944 3733 dum
995 3670 1291 3739 ticiunt01·e‚tantam
1304 3673 1472 3742 paterentur
1487 3669 1671 3740 persecutiou

126 3761 276 3817 manifesta
297 3765 341 3817 est
358 3762 456 3820 dolosa
475 3763 658 3821 inimicorum
685 3767 806 3824 fallacia.
825 3771 944 3827 Suecur·
995 3765 1072 3820 niam
1083 3765 1158 3820 Deus
1168 3769 1264 3821 noster
1271 3766 1391 3820 salutem
1402 3764 1555 3836 providens
1564 3761 1670 3835 generi

126 3855 191 3925 rite,
204 3872 378 3927 quaesumus,
388 3858 541 3931 oppressis,
552 3858 670 3917 liberate
680 3861 869 3920 nesdemanu
878 3882 944 3937 per·
996 3859 1141 3915 mandavit
1150 3859 1362 3932 persecutiones
1370 3876 1427 3913 neu
1438 3858 1607 3931 fieri,ueque
1616 3856 1670 3914 fluo

128 3948 320 4021 sequentium,
334 3953 367 4006 ut
380 3967 445 4006 cum
456 3952 540 4008 beato
551 3953 603 4009 tob
616 3955 747 4011 cantetis:
757 3978 771 4008 u
786 3957 946 4014 Benedictio
996 3954 1108 4023 inferri,
1125 3971 1178 4010 nec
1194 3952 1314 4009 invideri
1325 3953 1518 4009 laborantibus
1532 3953 1564 4006 in
1577 3951 1670 4023 egrol

128 4042 249 4113 perituri
260 4058 348 4113 super
361 4059 408 4099 me
424 4045 566 4116 veniebat,
581 4050 609 4102 et
618 4063 668 4102 cer
680 4048 772 4104 viduae
784 4051 946 4108 consolatus
996 4066 1089 4121 neque
1103 4048 1310 4120 dispensatores
1325 4047 1423 4119 magni
1437 4047 1512 4117 regis
1529 4045 1630 4101 vexari
1641 4060 1670 4101 aa

128 4150 211 4203 sum;
231 4135 344 4207 justitia
368 4136 485 4192 indutus
501 4138 541 4193 fui
560 4143 589 4194 et
608 4141 706 4197 vestivi
718 4158 765 4198 me
780 4143 854 4200 sient
866 4145 948 4201 resti·
998 4143 1148 4214 florescite,
1166 4142 1259 4215 iuquit
1277 4148 1374 4198 sancta
1389 4157 1494 4212 magna
1508 4140 1624 4197 Nicaeae
1635 4156 1670 4213 sp

131 4232 229 4283 mente
242 4232 272 4282 et
289 4226 452 4285 diademate
468 4231 577 4302 judicio
599 4249 682 4305 mee;
699 4236 797 4292 oculus
809 4237 852 4294 fui
872 4256 946 4296 eaeee
997 4239 1085 4294 nolite
1099 4237 1232 4309 persequi
1255 4236 1365 4308 eosqui
1385 4237 1442 4291 lice
1458 4235 1583 4307 perfecte
1606 4233 1670 4291 mini

131 4325 160 4378 et
182 4336 232 4393 pes
252 4321 361 4390 claude,
384 4325 466 4394 pater
486 4340 566 4381 eram
589 4342 761 4401 pauperum,
784 4335 813 4388 et
831 4349 947 4390 causam
997 4333 1107 4388 sincera
1129 4333 1271 4387 voluntate
1292 4330 1343 4386 llei
1356 4327 1472 4401 superni
1492 4329 1629 4385 mandata
1641 4344 1670 4384 cu

131 4431 219 4488 quam
233 4414 394 4470 nesciebam
408 4415 625 4491 diligentissime
640 4421 857 4498 investigabam.
873 4430 946 4486 Con·
999 4429 1028 4483 et
1040 4427 1143 4482 nestris
1158 4425 1269 4497 legibus
1288 4425 1486 4496 subjugantur,
1506 4425 1574 4496 quia
1586 4423 1670 4480 need

129 4509 258 4565 ferebam
265 4509 353 4565 molas
359 4509 449 4583 iniqui
456 4515 485 4567 et
491 4511 527 4568 de
535 4513 667 4572 dentibus
674 4533 773 4575 earum
781 4523 948 4582 auferebam
959 4520 989 4593 D
1001 4521 1071 4577 orde
1088 4520 1194 4592 patitur
1206 4525 1237 4574 ut
1254 4519 1344 4590 iniqui
1358 4524 1386 4574 et
1399 4519 1527 4574 carnales
1545 4518 1670 4590 spiritual

131 4603 259 4691 praedam
280 4605 337 4674 {lob
355 4621 428 4673 xxix,
451 4609 550 4679 latr),
570 4629 585 4658 a
607 4614 636 4665 et
659 4613 777 4686 reliqua.
799 4617 854 4673 Nea
873 4621 951 4676 enirn
1000 4616 1143 4688 quantur;
1165 4614 1257 4669 omnis
1277 4614 1354 4668 enirn
1377 4612 1544 4686 quiresistit
1565 4612 1670 4670 alicui]

134 4714 204 4770 ques
226 4704 275 4753 tua
294 4699 417 4754 maxime
449 4706 595 4774 exspectat
618 4721 697 4777 cura,
720 4708 821 4781 idest,
850 4729 951 4769 omnes
999 4709 1097 4776 tende,
1119 4725 1195 4764 nuuc
1214 4709 1329 4764 celando
1344 4708 1501 4775 venialem,
1526 4708 1666 4764 mentitur

133 4792 258 4865 episcopi
268 4793 411 4866 praecipue
426 4799 508 4851 tuum
523 4799 627 4855 mereri
645 4800 784 4860 debemus
797 4805 950 4877 judicium,
1002 4809 1180 4858 cumcontra
1204 4820 1289 4875 quens
1311 4803 1415 4875 litigat,
1431 4803 1523 4874 etqui
1542 4803 1665 4859 infestus

133 4889 162 4942 et
176 4901 234 4943 nen
255 4885 290 4941 ab
313 4887 376 4944 aliis
399 4887 538 4947 devorari.
563 4893 660 4951 llerito
682 4913 751 4969 erge
772 4916 823 4955 uos
840 4902 952 4958 llemini
1002 4898 1098 4952 omnia
1120 4898 1192 4953 sicut
1211 4896 1378 4968 hestisagit‚
1391 4903 1420 4952 et
1440 4896 1670 4969 insuperlequic

135 4996 220 5036 causa
229 4980 345 5052 respicit
354 4983 524 5053 sacerdotes,
535 4985 558 5041 si
568 4987 682 5044 silentio
694 4991 840 5051 faveamus
851 4998 950 5052 errori.
1002 4994 1055 5047 llos
1077 4992 1154 5047 enim
1165 5008 1326 5060 monemus,
1350 4992 1463 5060 fratres,
1487 4991 1516 5045 in
1543 4990 1668 5063 speculis

135 5073 283 5146 Siquidem
306 5074 498 5146 corripiantur
518 5080 682 5152 hujusmodi
701 5102 753 5141 nee
774 5087 810 5144 sit
830 5088 952 5145 liberum
1003 5087 1081 5156 bere,
1095 5091 1128 5141 ut
1152 5085 1323 5158 inquantum
1342 5085 1461 5157 potestis
1474 5087 1504 5140 et
1524 5085 1666 5140 Dominus

135 5167 176 5224 eis
186 5168 392 5240 provoluntate
402 5169 497 5227 facere
507 5172 661 5247 judicium,
675 5178 906 5238 desinatnoritas
917 5184 954 5238 la·
1004 5180 1123 5249 dederit,
1137 5180 1240 5236 talibus
1254 5186 1352 5236 nestra
1364 5178 1515 5252 apostolica
1533 5181 1670 5252 restraqu

136 5278 244 5318 cessere
254 5266 432 5331 vetustatem,
449 5265 559 5323 desinat
574 5270 760 5328 ecelesiarum
776 5275 902 5346 quietem
912 5277 955 5333 in·
1004 5277 1062 5330 tate
1078 5275 1223 5342 resistatis,
1238 5275 1451 5347 necquisquam
1465 5277 1590 5329 restrum
1605 5273 1670 5329 afra

136 5355 273 5429 quietudo
281 5356 479 5426 turbaranam
491 5366 629 5418 utemnes
642 5367 853 5438 metropolitani
865 5370 955 5426 relre·
1004 5370 1041 5424 lio
1054 5385 1083 5425 se
1096 5368 1255 5438 subtrahat,
1278 5370 1328 5424 sed
1341 5385 1392 5441 pre
1411 5368 1517 5423 viribus
1531 5370 1651 5440 praestet
1665 5384 1670 5422 r

134 5448 207 5522 liqui
216 5449 341 5523 episcopi
352 5468 404 5508 sua
416 5453 489 5523 odia,
502 5460 552 5511 aut
567 5456 704 5514 vindictas
719 5459 749 5515 in
761 5462 885 5535 reliques
898 5466 955 5538 epi·
1004 5468 1076 5523 lum.
1088 5465 1227 5531 Quoniam
1240 5464 1306 5520 lieet
1317 5464 1399 5536 pauci
1415 5463 1486 5530 sitis,
1500 5462 1522 5518 si
1533 5463 1670 5518 unanime

137 5559 236 5615 scopes
246 5561 378 5602 exercere
395 5563 452 5602 non
468 5548 589 5615 valeant,
607 5549 670 5607 ideo
681 5554 850 5613 nominatim
865 5558 895 5614 in
910 5562 955 5617 tti-
1005 5559 1280 5631 nullatenusjustitia
1292 5557 1670 5630 suffragante,1lominoquo

137 5653 218 5692 caena
228 5638 466 5711 synedoexpressi
475 5646 541 5697 suut
549 5642 693 5716 primates,
703 5648 953 5729 qui'reliqueaepi-
1003 5655 1121 5724 ferente,
1133 5653 1347 5726 superabimini,
1360 5653 1427 5725 quia
1436 5651 1580 5707 funiculus
1591 5649 1670 5724 tripla

138 5730 339 5803 scaposaudire
350 5737 379 5788 et
383 5732 513 5804 judicare
522 5734 654 5809 debeant,
666 5757 703 5798 ne
710 5742 769 5800 ulla
778 5742 858 5802 fraus
865 5749 894 5804 in
904 5749 953 5821 J‘u-
1005 5750 1157 5823 rumpitur.
1177 5750 1247 5804 Nam
1270 5748 1292 5802 si
1307 5747 1408 5803 officiis
1424 5744 1610 5802 saecularibus
1630 5744 1670 5803 bu

140 5820 214 5879 dicio
233 5823 429 5898 episcoporum
446 5830 534 5901 possit
554 5830 676 5894 irruere.
695 5837 748 5894 Vos
765 5855 834 5913 erge
858 5843 907 5917 qui
925 5843 956 5903 in
1004 5843 1144 5913 subvenit,
1165 5848 1271 5916 quante
1286 5842 1377 5915 anama
1392 5837 1588 5898 ecclesiasticis
1600 5836 1670 5897 etss
