3870 6150
121 270 177 326 ἰξοῦ
742 268 978 325 bucnerntlun
997 269 1190 326 contactio.
1753 274 1804 333 eto

121 381 197 435 Deus
220 382 282 434 erat
308 376 337 433 in
362 374 473 434 Christo
506 378 648 432 mnndum
676 378 858 434 reconcilians
886 376 939 433 sibi
948 386 978 460 Α
988 395 1044 449 quo
1059 378 1130 432 mihi
1139 379 1307 450 complacui,
1320 380 1414 451 ipsum
1427 381 1523 437 audite
1534 381 1643 453 (natta.
1659 398 1726 450 xvu,
1737 386 1775 454 553
1787 406 1801 439 n

121 476 160 539 (ΙΙ
168 474 232 530 Cor.
243 489 270 541 v,
283 473 337 544 l9);
349 493 363 522 »
380 489 444 544 qum
457 475 554 527 autem
567 471 760 527 reconciliatio
774 477 868 543 posset
879 488 938 528 esse
988 475 1018 525 st
1036 470 1096 526 sine
1118 471 1235 526 veritate
1256 473 1347 527 carnis
1362 489 1420 528 non
1439 477 1644 546 protestaretur
1657 477 1779 532 loannes
1794 494 1801 533 :

120 584 177 640 qua
191 568 320 621 humano
330 566 430 637 generi
442 565 677 637 repropitiaretur
687 567 771 635 Deus,
780 566 803 621 si
816 566 939 620 hominis
990 584 1004 613 ι(
1023 566 1092 619 Ecce
1112 566 1208 635 Agnus
1231 565 1291 634 Dei,
1314 581 1377 621 ecce
1400 567 1449 638 qai
1472 567 1545 622 tollit
1566 574 1681 639 peccata
1701 570 1803 625 mundi
1876 559 1882 567 ’

121 677 237 716 eausam
252 660 394 717 mediator
406 659 456 715 Dei
468 659 678 730 hominumque
691 675 750 715 non
764 658 939 731 susciperet?
988 656 1075 728 (Joon.
1091 674 1110 721 1,
1124 658 1188 729 ret:
1203 680 1216 707 »
1228 657 1289 712 sine
1300 658 1381 713 Verbi
1392 659 1519 729 potentia
1531 676 1591 715 nou
1604 661 1686 717 fleret
1699 664 1803 719 reluta

123 754 183 819 Oua
195 771 265 808 vero
278 753 389 809 ratione
402 753 549 808 veritatem
559 752 722 808 mediatoris
732 752 872 823 impleret,
884 752 939 807 nisi
989 750 1081 818 erano
1095 749 1230 806 debilium
1243 752 1272 806 et
1281 750 1429 806 vivificatio
1443 755 1633 823 mortuorum,
1645 758 1673 810 et
1688 755 1749 811 sine
1759 772 1802 812 ve

123 847 216 919 quiin
231 847 326 903 forma
341 846 389 903 Dei
407 847 581 917 equalisest
602 845 688 913 Patri,
703 845 732 899 in
750 847 845 900 forma
866 845 939 901 servi
987 843 1069 898 ritate
1089 843 1192 914 carnis,
1211 860 1264 899 nec
1281 843 1359 898 cibus
1375 844 1498 914 jejunio,
1518 861 1570 900 nec
1592 863 1708 903 somnus
1729 853 1803 903 esset

123 941 264 1012 particeps
280 945 355 996 esset
375 944 404 995 et
425 940 516 995 nostri
529 944 562 995 ut
581 939 681 994 mortis
693 939 839 994 vinculum
855 939 939 993 unias
989 936 1163 992 necessarius
1185 936 1311 1008 fatigato,
1327 943 1470 1008 postremo
1494 937 1554 993 sine
1570 939 1655 994 Verbi
1674 941 1803 1013 potentia

124 1032 353 1104 prevaricatione
374 1037 562 1100 contractum,
579 1031 662 1086 unius
683 1035 774 1087 morte
793 1031 844 1103 qui
863 1032 940 1086 solus
989 1046 1048 1084 non
1063 1046 1092 1084 se
1104 1029 1240 1086 Dominus
1251 1030 1326 1085 Patri
1340 1030 1524 1101 profiteretur
1537 1031 1688 1103 aequalem,
1699 1038 1728 1090 et
1742 1034 1802 1089 sine

124 1127 209 1181 morti
219 1125 295 1180 nihil
305 1126 405 1181 debuit
417 1126 591 1181 solveretur?
600 1124 705 1180 Effusio
715 1125 869 1196 enimjusti
877 1141 940 1180 sau-
987 1123 1107 1178 veritate
1133 1123 1225 1177 carnis
1247 1140 1304 1177 non
1326 1123 1403 1180 idem
1424 1123 1531 1178 diceret
1556 1126 1668 1180 Patrem
1691 1142 1720 1181 se
1741 1142 1802 1181 esse

125 1218 215 1289 guinis
229 1219 335 1275 Christi
349 1222 406 1273 tam
418 1219 474 1274 luit
491 1218 568 1273 dives
586 1217 622 1272 ad
640 1218 775 1289 pretium,
789 1220 821 1271 ut
836 1218 859 1272 si
871 1218 953 1272 uni-.
988 1216 1139 1286 majorem,
1155 1232 1221 1271 cum
1241 1215 1382 1272 catholica
1398 1216 1470 1271 fides
1489 1221 1644 1289 utrumque
1657 1218 1801 1290 suscipiat,

125 1312 236 1367 versitas
249 1313 428 1383 captivorum
439 1312 468 1365 in
478 1312 697 1382 Redemptorem
706 1327 790 1366 suum
799 1311 938 1378 crederet,
987 1312 1143 1380 utrumque
1173 1309 1317 1377 defendat,
1340 1325 1405 1380 quae
1423 1310 1579 1366 secundum
1596 1311 1803 1368 confessionem

125 1407 231 1460 nubum
251 1405 358 1460 diaboli
375 1406 488 1461 vincula
515 1406 683 1472 retinerent,
704 1405 841 1477 quoniam
867 1405 939 1459 sicut
988 1401 1063 1457 beati
1077 1402 1152 1457 Petri
1168 1402 1288 1474 apostoli
1308 1419 1398 1458 unum
1418 1403 1560 1458 Christum
1579 1404 1628 1459 Dei
1649 1404 1752 1460 Filium
1775 1409 1804 1461 et

125 1497 273 1569 Apostolus
298 1498 366 1552 ait:
394 1498 480 1553 «Ubi
504 1501 601 1551 autem
624 1497 778 1553 abundavit
803 1496 938 1553 delictum
988 1494 1134 1550 hominem
1143 1495 1234 1550 credit
1244 1500 1272 1550 et
1280 1494 1409 1551 verbum.
1421 1497 1555 1562 Quamvis
1565 1497 1661 1568 itaque
1671 1497 1701 1552 in
1710 1498 1760 1553 illo
1768 1514 1803 1552 ex

125 1590 360 1662 superabundavit
382 1591 472 1662 gratia
487 1593 569 1660 (Rom.
590 1607 615 1657 r,
639 1593 693 1660 20).
717 1612 731 1638 »
746 1591 781 1644 Et
800 1607 866 1644 cum
887 1590 939 1644 sub
988 1604 1045 1659 quo
1060 1588 1090 1642 in
1107 1591 1187 1643 utero
1201 1588 1323 1659 Virginis
1336 1588 1462 1644 Verbum
1473 1605 1538 1644 caro
1551 1590 1658 1645 factum
1670 1595 1723 1659 est,
1733 1590 1802 1645 nihil

124 1683 401 1755 peccatipraejudicio
409 1683 468 1738 nati
473 1685 643 1754 potestatem
652 1682 853 1754 acceperintad
858 1682 939 1754 justi·
990 1696 1117 1751 unquam
1131 1680 1158 1734 in
1173 1685 1293 1752 utraque
1306 1681 1398 1736 forma
1409 1682 1516 1753 aliquid
1531 1682 1676 1738 divisionis
1686 1683 1802 1739 exstite-

124 1776 185 1831 tiam
199 1776 379 1842 renascendi,
395 1775 513 1831 validius
526 1776 633 1831 factum
646 1778 689 1831 est
701 1776 811 1831 donum
821 1776 936 1831 liberta·
948 1746 977 1818 Β
989 1773 1071 1841 rit,et
1080 1790 1132 1845 per
1142 1774 1239 1829 omnia
1251 1775 1429 1831 incrementa
1438 1792 1573 1847 corporea
1583 1776 1665 1831 unius
1675 1792 1803 1848 persone

124 1870 155 1923 ta
166 1886 256 1941 quam
268 1869 396 1925 debitum
416 1868 569 1924 servitutis.
586 1869 677 1933 Quam
694 1870 791 1941 itaque
809 1869 839 1924 in
854 1869 939 1939 hujus
987 1866 1094 1922 fuerint
1105 1867 1191 1922 totius
1205 1867 1345 1938 temporis
1358 1869 1493 1924 actiones.
1505 1871 1544 1925 Ea
1553 1869 1614 1940 ipsa
1622 1885 1760 1941 namque,
1770 1875 1804 1925 ut

124 1963 290 2017 sacramenti
310 1962 442 2032 presidio
460 1978 540 2034 spem
555 1961 724 2033 relinquunt
735 1962 785 2033 qui
797 1962 828 2016 in
842 1961 936 2018 Salva·
988 1960 1027 2014 ita
1040 1958 1143 2027 dicam,
1156 1976 1222 2031 quae
1233 1960 1461 2032 inseparabiliter
1470 1962 1545 2017 facta
1559 1966 1626 2017 sunt
1637 1962 1714 2017 nulla
1726 1978 1804 2017 com-

124 2059 180 2110 tore
193 2060 294 2110 nostro
303 2060 411 2126 negant
421 2055 540 2110 humani
551 2055 679 2127 corporis
687 2055 854 2110 veritatem?
868 2054 938 2120 Quis
988 2051 1121 2107 mistione
1139 2052 1351 2121 confundimus,
1370 2053 1422 2108 sed
1440 2054 1518 2125 quod
1540 2054 1677 2126 cujusque
1701 2054 1802 2109 formae

122 2153 168 2213 est,
189 2153 222 2202 ut
249 2149 290 2202 ait
317 2148 476 2218 Apostolus,
497 2147 546 2218 qui
567 2168 581 2196 «
605 2147 723 2203 tradidit
754 2147 938 2218 semetipsiun
987 2145 1024 2200 sit
1039 2160 1073 2200 ex
1088 2161 1209 2216 operum
1224 2145 1361 2216 qualitate
1386 2147 1533 2202 sentimus.
1549 2146 1649 2203 Dicant
1669 2163 1737 2218 ergo
1757 2147 1803 2202 isti

121 2256 169 2310 pro
180 2239 266 2295 nohis
274 2240 449 2295 oblationem
464 2245 493 2295 et
505 2240 627 2294 hostiam
641 2241 697 2295 Deo
711 2240 742 2294 in
751 2239 868 2294 odorem
878 2256 938 2294 sua-
988 2238 1143 2309 hypocritae
1153 2238 1202 2309 qui
1211 2238 1444 2294 caecismentibus
1454 2241 1553 2295 lumen
1567 2240 1802 2312 noluntrecipere

121 2333 229 2387 sitatis?
248 2332 358 2403 (Eptcs.
374 2350 400 2402 v,
416 2333 454 2402 2.)
467 2355 480 2381 >1
502 2335 557 2387 Aut
580 2332 657 2403 quod
679 2348 807 2403 unquam
830 2332 936 2386 sacriti-
988 2331 1112 2386 veritatis
1124 2331 1153 2384 in
1168 2347 1225 2402 qua
1240 2331 1334 2386 forma
1347 2332 1436 2386 crucis
1455 2332 1533 2403 ligno
1554 2333 1691 2388 Dominus
1712 2333 1802 2404 meje-

121 2425 192 2480 cium
208 2425 349 2480 sacratius
363 2424 418 2479 fuit
431 2441 517 2496 qnam
530 2425 609 2496 quod
623 2441 706 2479 verus
728 2430 849 2479 aeternus
862 2426 936 2479 Pon·
987 2424 1068 2479 statis
1082 2423 1209 2478 Christus
1221 2424 1323 2479 affixus
1336 2425 1382 2491 sit,
1396 2425 1471 2494 quod
1483 2425 1605 2496 jacuerit
1617 2426 1647 2480 in
1663 2427 1802 2498 sepulcro,

121 2519 186 2573 tifex
199 2518 285 2572 altari
300 2518 391 2573 crucis
404 2535 456 2590 per
469 2517 696 2573 immolationem
709 2534 767 2573 suae
780 2517 873 2572 carnis
885 2517 938 2571 im·
988 2520 1017 2571 et
1036 2516 1162 2571 revoluto
1185 2517 1279 2588 lapide
1303 2519 1484 2572 monumenti
1499 2535 1564 2589 quae
1583 2519 1666 2573 tertia
1679 2518 1724 2574 die
1739 2534 1803 2573 caro

121 2612 223 2682 posuit.
236 2610 315 2665 Licet
325 2611 355 2665 in
368 2614 522 2682 conspectu
536 2610 649 2665 Domini
664 2611 787 2683 pretiosa
792 2611 938 2681 iustorum
987 2608 1162 2663 resurrexit?
1177 2610 1209 2664 Et
1231 2609 1298 2680 quia
1311 2614 1376 2682 post
1389 2611 1625 2666 resurrectionem
1648 2627 1730 2665 suam
1746 2627 1802 2665 non

122 2720 195 2759 mors
208 2703 275 2770 fuit,
290 2703 396 2758 nullius
410 2707 508 2758 tamen
525 2704 643 2758 insontis
657 2703 758 2758 occisio
777 2703 938 2773 redemptio
987 2702 1136 2756 credentes
1152 2703 1288 2772 quosdam
1308 2701 1459 2774 discipulos
1477 2702 1625 2774 arguebat,
1642 2707 1669 2759 et
1690 2702 1802 2757 haesita·

121 2796 172 2850 fuit
183 2795 299 2850 mundi.
310 2797 487 2867 acceperunt
496 2797 578 2866 justi,
588 2812 647 2850 non
657 2795 799 2850 dederunt
807 2811 935 2850 coronas.
987 2793 1096 2848 tionem
1109 2795 1307 2851 cunctantium
1324 2795 1489 2850 confutabat
1499 2812 1564 2851 cum
1576 2795 1682 2851 diceret
1693 2812 1699 2850 :
1712 2818 1726 2844 «
1738 2796 1803 2850 Pal·

122 2889 158 2943 De
169 2888 344 2945 fortitudine
357 2888 486 2943 fidelium
502 2889 630 2960 exemplo
641 2888 708 2942 nata
720 2892 786 2942 sunt
796 2887 937 2959 patientiae
987 2889 1052 2958 pate
1065 2890 1094 2941 et
1109 2886 1202 2942 videte
1216 2887 1284 2959 quia
1297 2888 1413 2961 spiritus
1434 2905 1549 2944 carnem
1565 2892 1594 2943 et
1606 2905 1668 2943 ossa
1680 2905 1736 2943 non
1753 2890 1802 2943 ha·

123 2998 176 3037 non
185 2981 400 3051 donajustitiae,
412 2981 569 3052 singulares
578 2980 684 3052 quippe
697 2980 727 3034 in
738 2980 855 3050 singulis
864 2996 938 3034 mor·
985 2979 1043 3047 bet,
1059 2979 1131 3034 sicut
1151 2997 1198 3034 me
1211 2980 1344 3036 videbitis
1365 2981 1470 3036 habere
1487 2984 1560 3052 (Luc.
1578 2998 1651 3049 xxiv,
1666 2981 1720 3052 39),
1738 3004 1751 3031 a
1775 2984 1805 3036 et

121 3079 160 3129 tes
173 3075 305 3140 fuerant,
316 3089 370 3128 nec
380 3073 496 3129 alterius
508 3073 660 3145 quisquam
670 3072 800 3128 debitum
815 3089 867 3128 suo
878 3073 935 3129 fine
947 3105 974 3178 C
986 3072 1111 3143 apostolo
1130 3073 1248 3128 rhome
1269 3091 1275 3128 ε
1299 3096 1313 3121 «
1333 3074 1409 3129 lnfer
1433 3091 1551 3130 manum
1571 3078 1648 3128 tuam
1672 3075 1702 3128 in
1729 3076 1803 3128 latus

122 3166 263 3238 persolvit,
277 3182 344 3221 cum
360 3165 447 3220 Vilius
470 3165 596 3221 hominis
613 3182 684 3220 unus
704 3165 779 3220 solus
800 3166 937 3221 Dominus
986 3181 1097 3233 meum,
1127 3169 1156 3220 et
1187 3166 1251 3221 vide
1280 3183 1382 3220 manus
1410 3184 1489 3222 meas
1515 3171 1544 3221 ct
1571 3168 1668 3239 pedes,
1688 3171 1717 3222 et
1745 3167 1803 3222 noli

122 3264 212 3316 noster
224 3261 305 3315 lesus
322 3259 449 3314 Christus
464 3259 514 3330 qui
527 3274 593 3313 vere
613 3263 674 3313 erat
690 3274 780 3329 agnus
799 3259 935 3314 immacu·
987 3275 1047 3314 esse
1069 3258 1242 3329 incredulus,
1267 3260 1315 3314 sed
1337 3259 1426 3315 fidelis
1449 3260 1536 3331 (Jocn.
1562 3278 1607 3328 rr,
1628 3262 1682 3330 27),
1699 3284 1712 3310 »
1736 3263 1803 3332 qnia

121 3352 188 3408 latus
200 3353 356 3422 exstiterit,
369 3352 400 3406 in
414 3368 471 3423 quo
486 3367 587 3407 omnes
597 3350 734 3419 crucifixi,
749 3368 849 3407 omnes
864 3368 937 3406 mor·
986 3352 1085 3423 utique
1096 3353 1325 3408 manifestatione
1339 3354 1465 3424 corporis
1479 3353 1521 3407 sui
1532 3353 1593 3424 jam
1606 3354 1803 3408 hereticorum

123 3447 173 3514 tui,
203 3461 307 3501 omnes
339 3445 459 3516 sepulti,
489 3459 590 3499 omnes
622 3449 688 3500 sunt
723 3444 809 3501 etiam
848 3446 936 3500 susci·
986 3445 1137 3500 mendacia
1160 3445 1333 3512 destruebat,
1347 3451 1379 3500 ut
1403 3446 1534 3501 universa
1557 3447 1677 3501 Ecclesia
1699 3446 1803 3501 Christi

122 3538 350 3610 rannemirus
368 3539 429 3608 ipse
452 3537 564 3594 dicebat
579 3554 585 3592 :
602 3559 616 3585 «
630 3537 657 3594 Si
672 3538 808 3593 exaltatus
822 3538 904 3592 fuero
920 3555 937 3593 a
985 3536 1148 3592 innovanda
1163 3538 1285 3593 doctoris
1302 3539 1357 3593 hoc
1372 3539 1498 3594 nonsibi
1521 3539 1663 3595 dubitaret
1681 3538 1802 3594 credon-

123 3635 203 3699 terra,
218 3632 320 3687 omnia
334 3631 447 3685 traham
469 3631 503 3685 ad
518 3631 661 3701 meipsum
677 3631 761 3702 (Jocn.
779 3648 830 3700 nn,
848 3631 902 3702 32),
920 3652 934 3680 »
986 3630 1066 3697 dum,
1079 3631 1157 3701 quod
1169 3632 1292 3703 apostoli
1306 3635 1491 3702 susceperant
1502 3632 1725 3704 predicandum,
1735 3649 1767 3687 ac
1780 3632 1803 3685 si

123 3724 197 3780 tides
209 3724 320 3780 etenim
329 3723 490 3793 justificans
510 3723 626 3793 impios,
642 3728 670 3778 et
683 3739 782 3778 creans
793 3723 885 3793 justos
899 3722 935 3777 ad
987 3723 1016 3776 in
1039 3726 1149 3776 tantam
1170 3723 1264 3778 lucem
1284 3724 1409 3778 veritatis
1432 3724 1564 3778 tenebras
1586 3741 1649 3778 suas
1669 3725 1802 3780 haeretica

123 3816 305 3872 humanitatis
320 3820 440 3871 retracta
455 3815 638 3887 perticipium
652 3815 682 3870 in
696 3816 744 3871 illo
758 3815 879 3887 acquirit
891 3833 934 3870 sa·
986 3814 1126 3869 obturatio
1147 3831 1207 3870 non
1227 3816 1373 3887 relinquit,
1388 3816 1539 3871 ostendant
1557 3816 1633 3871 unde
1647 3816 1699 3871 sibi
1722 3833 1802 3887 spem

125 3909 217 3978 luem,
235 3909 263 3964 in
285 3925 342 3980 quo
360 3910 437 3964 solus
457 3909 543 3963 homo
559 3924 588 3961 se
609 3908 718 3964 invenit
738 3909 935 3979 innocentem,
986 3907 1051 3962 vitea
1068 3907 1255 3979 polliceantur
1267 3912 1391 3975 aeternae,
1405 3907 1442 3962 ad
1458 3924 1545 3980 quam
1559 3907 1615 3963 nisi
1627 3926 1678 3980 per
1691 3909 1801 3964 media-

125 4002 237 4058 tiberum
259 4002 370 4057 habens
393 4017 445 4073 per
468 4002 591 4072 gratiam
611 4001 662 4056 Dei
675 4000 710 4055 de
725 4002 786 4072 ejus
809 4002 937 4073 potentia
986 4005 1078 4055 torem
1099 4000 1148 4055 Dei
1170 4004 1198 4056 et
1217 4001 1366 4057 hominum
1388 4001 1536 4056 hominem
1551 4003 1646 4056 lesum
1658 4001 1801 4056 Christum

127 4094 245 4165 gloriari,
256 4094 415 4166 quicontra
427 4094 541 4149 hostem
551 4094 671 4149 humani
681 4094 833 4165 generisin
844 4094 937 4148 carnis
988 4110 1044 4148 non
1057 4097 1151 4165 potest
1164 4093 1316 4164 perveniri.
1331 4094 1409 4149 Sicut
1428 4094 1505 4148 enim
1527 4094 1565 4149 ait
1585 4095 1686 4149 beatus
1703 4096 1803 4149 Petrus

126 4193 222 4244 nostrae
245 4187 408 4243 humilitate
432 4204 609 4259 congressus,
626 4187 669 4242 his
689 4187 835 4242 victoriam
857 4203 937 4242 suam
987 4187 1130 4257 apostolus
1144 4202 1151 4240 :
1164 4207 1179 4235 u
1189 4188 1245 4242 Nec
1257 4190 1301 4243 est
1311 4187 1388 4242 aliud
1399 4203 1506 4242 nomen
1519 4187 1617 4242 datum
1625 4187 1802 4255 hominibus,

127 4281 227 4348 tribuit,
242 4281 273 4336 in
298 4296 423 4352 quorum
438 4296 556 4351 corpore
576 4280 777 4351 triumphavit,
790 4280 857 4335 licet
869 4295 937 4350 ergo
987 4278 1039 4333 sub
1057 4278 1127 4334 coelo
1143 4279 1173 4333 in
1189 4296 1246 4350 quo
1265 4285 1396 4351 oporteat
1416 4296 1469 4334 nos
1492 4280 1582 4334 salvos
1600 4279 1802 4349 lieri(Act.1v,

129 4374 152 4426 in
165 4391 222 4429 uno
239 4374 359 4429 Domino
374 4376 470 4428 nostro
485 4375 550 4427 lesu
565 4373 675 4427 Christo
692 4388 758 4427 vero
780 4373 830 4427 Dei
851 4377 936 4443 atque
990 4374 1041 4440 lt),
1057 4392 1070 4420 ι)
1082 4388 1136 4426 nec
1150 4375 1193 4427 est
1205 4373 1364 4444 redemptio
1376 4372 1542 4444 captivitatis
1554 4373 1697 4441 humanae,
1709 4373 1763 4427 nisi
1773 4373 1802 4427 in

129 4465 244 4522 hominis
257 4467 317 4522 filio
333 4467 414 4522 Verbi
436 4470 465 4520 et
483 4466 578 4520 carnis
600 4472 656 4520 una
676 4481 798 4537 persona
812 4466 857 4535 sit,
875 4466 977 4541 quael)
988 4464 1124 4535 sanguine
1139 4465 1201 4534 ejus
1214 4465 1264 4536 qui
1278 4464 1357 4520 dedit
1368 4465 1555 4537 semetipsum
1576 4465 1803 4535 redemptionem

130 4558 347 4632 inseparabiliter
375 4563 460 4631 atque
487 4559 617 4613 indivisae
641 4575 808 4614 communes
835 4558 939 4613 habeat
987 4573 1040 4627 pro
1055 4557 1196 4627 omuibus,
1212 4560 1241 4612 et
1258 4559 1318 4629 qui,
1335 4559 1407 4612 sicut
1421 4558 1555 4629 predicat
1569 4557 1711 4629 apostolus
1730 4559 1802 4612 Pau-

131 4653 257 4720 actiones,
274 4651 470 4722 intelligendae
484 4656 580 4727 tamen
594 4655 660 4706 sunt
676 4650 804 4721 ipsorum
818 4667 937 4722 operum
988 4649 1050 4703 lus:
1065 4671 1079 4698 a
1088 4650 1198 4705 Cumin
1208 4650 1300 4705 forma
1308 4650 1356 4705 Dei
1367 4655 1440 4705 essct
1448 4666 1506 4704 non
1516 4649 1645 4721 rapinam
1653 4649 1804 4704 arbitratus

130 4747 279 4815 qualitates.
300 4746 335 4799 Et
348 4743 387 4799 sie
403 4761 477 4800 verae
489 4744 555 4799 lidei
568 4743 808 4814 contemplatione
823 4760 938 4798 cernen·
987 4746 1071 4797 estse
1085 4759 1146 4798 esse
1157 4744 1296 4814 aequatem
1309 4745 1376 4810 Deo,
1388 4743 1437 4798 sed
1449 4743 1634 4814 semetipsum
1650 4743 1805 4798 exinanivit

130 4836 187 4892 dum
199 4842 242 4894 est
257 4838 295 4893 ad
309 4854 374 4908 quae
393 4838 566 4910 provehatur
579 4836 723 4891 humilitas
740 4836 844 4906 carnis,
859 4839 888 4892 et
901 4836 937 4890 ad
987 4833 1110 4891 formam
1122 4836 1196 4892 servi
1208 4837 1359 4907 accipiens,
1374 4836 1404 4890 in
1419 4835 1638 4891 similitudinem
1651 4837 1803 4892 hominum

129 4945 181 5000 que
192 4933 348 4988 inclinetur
361 4930 480 4986 altitudo
495 4930 619 4999 Deitatis,
637 4929 713 5000 quod
728 4929 765 4983 sit
782 4929 858 5000 qnod
872 4946 937 4984 caro
987 4928 1076 4984 factus
1086 4933 1115 4982 et
1127 4928 1226 4984 habitu
1236 4929 1368 4984 inventus
1377 4932 1408 4983 ut
1420 4929 1517 4984 homo.
1527 4928 1693 4984 Humiliavit
1703 4932 1806 4984 semet-

129 5024 181 5080 sine
196 5026 289 5081 Verbo
305 5041 363 5079 non
378 5024 448 5096 agit,
462 5029 491 5079 et
503 5023 579 5095 quod
595 5023 632 5077 sit
649 5022 723 5093 quod
739 5021 862 5076 Verbum
877 5022 937 5077 sine
988 5020 1081 5092 ipsum
1090 5022 1181 5076 factus
1193 5022 1329 5077 obediens
1341 5022 1417 5077 Patri
1430 5039 1521 5093 usquc
1533 5023 1569 5077 ad
1582 5027 1716 5091 mortem,
1729 5038 1803 5077 mor-

129 5131 203 5173 came
217 5134 277 5173 non
290 5118 389 5172 efficit.
400 5116 467 5172 Sine
483 5116 567 5170 Verbi
577 5115 655 5169 enim
668 5115 797 5186 potentia
811 5131 862 5169 nec
873 5131 937 5169 con·
986 5116 1045 5168 tem
1060 5119 1156 5169 autem
1170 5114 1276 5185 crucis;
1292 5119 1409 5186 propter
1425 5115 1502 5187 quod
1523 5119 1552 5170 et
1575 5117 1649 5171 Deus
1672 5113 1804 5169 exaltarit

128 5209 223 5280 ciperet
235 5211 334 5282 Virgo,
346 5226 399 5265 nec
408 5212 534 5280 pareret,
545 5211 574 5263 et
583 5208 645 5262 sine
656 5208 775 5262 veritate
789 5206 880 5261 carnis
890 5207 937 5263 ob
986 5207 1078 5274 illurn,
1095 5211 1124 5263 et
1138 5208 1254 5263 donavit
1272 5208 1313 5263 illi
1333 5225 1438 5264 nomen
1458 5209 1534 5280 quod
1556 5213 1597 5263 est
1618 5223 1705 5279 super
1718 5220 1803 5260 omne

128 5303 214 5358 rolirta
225 5303 331 5375 pannis
347 5303 466 5358 infantia
478 5302 667 5373 nonjaceret.
679 5301 747 5356 Sine
760 5300 845 5357 Verbi
857 5300 934 5356 enim
987 5317 1101 5367 nomen,
1125 5305 1158 5356 ut
1181 5301 1211 5356 in
1235 5301 1352 5357 nominc
1373 5303 1438 5356 Jesu
1456 5319 1548 5365 ,omne
1573 5317 1650 5372 genu
1674 5300 1803 5354 flectatur

128 5398 242 5462 potentia
256 5397 484 5452 nonadorarent
499 5394 571 5466 Magi
594 5410 716 5466 puerum
739 5394 820 5449 stella
843 5393 935 5449 indice
986 5394 1152 5462 coelestium,
1178 5394 1357 5451 terrestrium
1384 5398 1412 5450 et
1436 5394 1626 5450 infernorum.
1649 5394 1684 5446 Et
1708 5389 1801 5444 omnis

129 5485 310 5560 declaratum,
321 5487 608 5546 sinereritatecarnis
620 5486 937 5557 nonjubereturtrans·
986 5487 1083 5560 lingua
1104 5488 1273 5544 confiteatur
1285 5488 1351 5560 quia
1370 5488 1507 5544 Dominus
1526 5488 1605 5541 lesus
1623 5483 1748 5539 Christus
1770 5483 1800 5536 in

129 5578 228 5639 lernin
240 5586 395 5655 aegiptum
415 5600 487 5654 puer
500 5586 528 5637 et
546 5581 581 5636 ab
601 5580 719 5636 Herodis
740 5580 936 5651 persecutione
985 5581 1080 5653 gloria
1112 5586 1155 5637 est
1185 5582 1236 5637 Dci
1268 5581 1357 5636 Patris
1388 5582 1497 5650 (Philip.
1526 5596 1556 5646 n,
1581 5577 1668 5647 6-11).
1692 5596 1707 5629 »
1730 5576 1800 5631 Cum

131 5675 237 5732 subduci
252 5694 259 5732 :
275 5677 336 5732 sine
351 5676 435 5732 Verbi
449 5675 581 5748 potentia
593 5691 652 5730 non
664 5674 770 5730 diceret
783 5690 836 5730 vox
847 5674 936 5730 Patris
986 5689 1054 5746 ergo
1083 5691 1157 5730 unus
1185 5675 1222 5731 sit
1248 5675 1386 5730 Dominus
1418 5674 1496 5728 Jesus
1524 5670 1651 5728 Christus
1677 5672 1706 5726 et
1728 5685 1801 5725 verre

133 5767 206 5825 missa
222 5770 260 5827 do
277 5772 349 5828 coelo
364 5787 370 5826 :
388 5793 402 5821 ιι
418 5769 467 5826 llic
492 5772 534 5825 est
556 5767 640 5824 filius
665 5783 746 5823 meus
765 5767 885 5823 dilectus
907 5768 936 5824 in
986 5768 1101 5825 Deitatis
1127 5784 1261 5844 veraeque
1288 5764 1477 5825 humanitatis
1501 5764 1625 5838 inipso
1648 5780 1715 5820 aaa
1733 5777 1821 5835 pror-
