3870 6150
157 270 208 326 863
607 258 748 318 ΑΡΡΕΝΙ).
769 261 813 318 ΑΙ)
832 258 912 318 SAEC.
933 258 977 317 ΙΧ.
988 290 1023 302 -
1042 259 1163 317 Ismeni
1182 260 1395 319 MERCATORlS
1795 267 1844 320 aas

158 386 275 441 reddam
296 387 409 454 peccata
431 380 558 453 primum
573 379 701 450 infilius,
718 383 795 434 tenet
808 395 855 434 eos
877 379 975 450 utique
985 380 1143 467 Amultam
1158 396 1234 453 saepe
1249 380 1381 435 nutriunt
1400 379 1602 453 pestilentiam,
1616 380 1689 437 dum
1704 383 1841 437 austerio·

157 483 310 549 antequam
329 492 382 548 per
396 475 612 547 generationem
634 473 670 529 ad
691 474 900 529 Testamentum
916 474 972 528 No·
1024 489 1086 529 rem
1100 473 1278 529 dissimulant
1296 474 1431 531 adhibere
1449 476 1630 531 medicinam.

157 588 223 626 runi
244 569 383 641 incipiant
407 569 560 641 pertinere,
576 568 652 640 quod
674 567 886 622 Testamentum
905 582 973 638 pro·
1060 567 1135 623 LVll.
1155 598 1189 607 -
1203 568 1250 622 dd
1262 571 1399 625 uniuersos
1411 572 1546 641 episcopos
1556 585 1608 641 per
1620 569 1812 641 Campaniam.

157 663 338 736 phetebatur,
352 679 417 717 cum
434 663 575 718 diceretur
587 677 639 733 per
651 660 834 727 Ezechielem,
854 676 913 714 non
928 675 973 713 ac·
1061 660 1115 714 Lao
1126 660 1263 715 universis
1275 661 1415 733 episcopis
1429 679 1480 734 per
1490 663 1690 736 Campaniam,
1699 663 1844 720 ὃαωιιιιιιιι

157 762 290 828 capturos
311 755 384 811 tilios
399 760 514 828 peccata
525 759 676 827 pareutum
691 769 819 822 suorum,
834 769 886 807 nec
902 751 973 807 ulte·
1025 752 1183 810 Picenium.

157 851 216 906 rius
225 851 353 906 futuram
362 850 482 905 iulsrael
491 848 659 921 parabolam
669 847 762 902 illam:
773 869 787 897 ιι
796 848 976 902 Patresman-
1061 847 1163 918 ldagna
1175 847 1377 919 indignatione
1393 865 1585 920 commoveor,
1598 854 1627 906 et
1643 850 1739 906 multo
1754 850 1844 906 dolore

157 946 332 1001 ducaverunt
353 959 436 999 uvam
453 942 596 1012 acerbam,
612 945 640 997 et
661 941 760 997 dentes
784 939 908 994 filiorum
922 939 973 994 ob·
1026 941 1188 1011 contristor,
1196 943 1273 1013 quod
1283 943 1420 1014 quosdam
1435 959 1467 998 ex
1478 943 1556 1000 vobis
1568 944 1698 1016 comperi
1713 960 1777 1001 esse
1785 960 1844 1016 apo

157 1041 323 1110 stupescunt
337 1037 400 1108 (ier.
415 1053 488 1105 xxxi,
500 1037 554 1103 29).
568 1058 581 1085 u
600 1036 665 1091 ldeo
680 1036 757 1090 enim
772 1051 920 1106 quousque
934 1050 976 1088 re·
1026 1035 1130 1090 stolicm
1143 1034 1302 1090 traditionis
1325 1036 1437 1106 oblitos,
1453 1043 1482 1092 et
1502 1038 1597 1093 studio
1619 1038 1665 1093 sui
1680 1038 1789 1092 erroris
1805 1038 1841 1092 in·

158 1132 293 1198 nascitur,
311 1134 343 1185 ut
355 1131 480 1185 solvatur
492 1130 522 1183 in
536 1146 571 1185 eo
585 1128 725 1200 quidquid
738 1127 845 1199 peccati
858 1130 901 1183 est
911 1142 976 1182 cum
1026 1131 1128 1198 tenms,
1137 1131 1169 1183 ut
1179 1133 1284 1200 prater
1294 1131 1408 1185 Paschae
1418 1130 1534 1199 festum,
1543 1131 1589 1186 cui
1598 1132 1662 1186 sola
1669 1132 1843 1186 Pentecoste

157 1243 215 1298 quo
238 1223 372 1279 nascitur.
389 1225 460 1278 Nam
476 1226 591 1295 peccata
609 1238 674 1294 quae
686 1222 771 1277 ,mdc
790 1221 903 1293 agendo
924 1236 974 1291 po·
1026 1221 1190 1277 solemnitas
1207 1228 1397 1294 comparatur,
1412 1224 1535 1280 audeant
1547 1224 1666 1279 sibimet
1680 1241 1743 1280 non
1757 1224 1842 1296 aliqua

158 1324 218 1374 stea
227 1317 457 1385 committuntur,
471 1321 589 1388 possunt
602 1321 630 1371 et
640 1314 805 1387 paenitendo
816 1314 918 1384 sanari,
927 1313 978 1368 sic·
1026 1315 1159 1371 humanae
1169 1315 1343 1371 infirmitatis
1354 1319 1517 1373 necessitate
1529 1323 1667 1390 cogente,
1679 1318 1732 1373 sed
1740 1318 1800 1373 sola
1810 1319 1844 1373 in·

158 1418 191 1466 ut
202 1413 289 1467 etiarn
313 1414 376 1483 post
390 1410 563 1482 baptismum
577 1409 639 1464 lieri
653 1409 791 1464 videmus.
808 1411 846 1462 Ac
859 1423 911 1479 per
925 1407 977 1462 hoc
1026 1408 1193 1480 disciplinati
1212 1409 1319 1464 arbitrii
1335 1410 1478 1479 libertate,
1490 1412 1538 1482 jus
1556 1411 1745 1483 baptismatis
1759 1411 1843 1466 vindi·

159 1523 217 1561 non
232 1517 275 1562 est
287 1505 414 1561 instituta
428 1492 619 1575 regeneratio,
630 1503 684 1558 nisi
694 1502 762 1574 quia
770 1502 869 1557 vitiosa
879 1504 921 1557 est
931 1517 978 1572 ge·
1026 1519 1099 1569 care,
1109 1502 1323 1559 etinnatalibus
1333 1507 1491 1577 martyrum
1500 1521 1626 1577 quorum
1635 1505 1845 1561 linisaliterhe

160 1600 281 1670 naratio,
290 1616 379 1671 usque
389 1598 461 1654 adeo
472 1604 503 1653 ut
516 1599 602 1653 etiam
612 1597 647 1652 de
658 1596 785 1668 legitimo
793 1594 977 1650 matrimonio
1025 1597 1316 1670 noranduscstquam
1326 1597 1387 1653 dies
1400 1598 1553 1654 Dominicis
1567 1599 1724 1671 passionis,
1737 1616 1845 1671 regere

158 1697 324 1766 procreatus
336 1692 431 1747 dieat:
447 1712 461 1744 ιι
477 1694 507 1748 ln
522 1690 717 1763 iniquitatibus
734 1694 886 1761 conceptus
901 1705 975 1757 sitm,
1026 1689 1145 1745 rationis
1154 1690 1297 1747 celebrare
1311 1693 1455 1764 mysteria,
1464 1709 1496 1747 ac
1507 1694 1567 1748 sine
1577 1693 1645 1747 ullis
1655 1693 1843 1764 spiritualium

159 1793 187 1844 et
201 1788 229 1842 in
244 1787 365 1859 peccatis
380 1791 471 1841 mater
484 1803 532 1840 me
545 1786 573 1840 in
590 1788 672 1841 utero
690 1784 760 1839 aluit
774 1784 856 1853 (Psoi.
872 1800 896 1852 ι,
911 1785 948 1853 6).
959 1804 973 1832 ιι
985 1764 1014 1837 Β
1025 1783 1234 1839 eruditionibus
1248 1786 1501 1857 praeparationum,
1511 1787 1550 1841 ita
1563 1786 1685 1842 rudibus
1700 1792 1732 1842 et
1741 1787 1845 1859 imperi

159 1883 254 1953 Neque
280 1881 326 1935 hic
354 1879 423 1934 dixit
449 1879 608 1951 iniquitate,
633 1878 676 1932 rel
702 1878 731 1932 in
758 1881 886 1949 peccato,
911 1892 976 1931 cum
1026 1878 1061 1932 tis
1077 1877 1188 1934 tradere
1203 1882 1424 1950 sacramentum,
1438 1883 1471 1935 ut
1487 1880 1562 1935 circa
1579 1880 1770 1936 renovandos
1784 1880 1845 1936 nihil

158 1976 213 2030 hoc
239 1978 315 2030 recte
340 1974 395 2028 dici
420 1977 523 2045 posset,
547 1972 596 2028 sed
621 1971 786 2043 iniquitates
807 1975 835 2025 et
859 1973 976 2042 peccata
1027 1970 1156 2026 doctrina
1183 1972 1383 2041 ecclesiastica,
1406 1973 1479 2028 nihil
1504 1974 1673 2029 exorcismis
1705 1975 1843 2047 impositio

159 2070 253 2123 dicere
277 2067 388 2136 maluit,
405 2067 473 2138 quia
488 2071 517 2121 et
531 2066 560 2120 in
581 2065 630 2121 illo
650 2081 709 2120 uno
729 2064 804 2136 quod
824 2064 853 2118 in
876 2079 976 2118 omnes
1026 2080 1178 2133 manuum,
1192 2066 1266 2121 nihil
1279 2066 1340 2137 ipsa
1358 2067 1468 2140 jejunia
1480 2067 1582 2139 quibus
1597 2070 1679 2123 vetus
1696 2067 1785 2124 homo
1798 2068 1841 2123 de·

159 2162 289 2216 homines
304 2159 495 2231 pertransivit,
509 2162 596 2231 atque
608 2163 666 2213 tam
681 2173 821 2228 magnum
841 2160 884 2212 est
896 2162 927 2212 ut
941 2172 975 2211 eo
1026 2158 1154 2226 struitur,
1167 2164 1336 2230 operentur3
1352 2177 1446 2233 neque
1461 2161 1491 2216 in
1505 2165 1585 2218 tanto
1599 2161 1745 2234 mysterio
1759 2162 1844 2217 salutis

159 2260 327 2320 mutaretur,
342 2258 371 2308 et
384 2257 600 2308 converteretur
612 2252 641 2307 in
655 2251 852 2307 necessitatem
877 2250 976 2306 mortis
1027 2251 1161 2308 humanae
1185 2253 1262 2307 nulla
1288 2253 1350 2324 ejus
1377 2253 1433 2310 diei
1460 2255 1599 2311 habeatur
1625 2257 1772 2328 exceptio,
1794 2271 1843 2327 quo

159 2350 286 2404 humana
307 2351 418 2418 natura,
441 2347 514 2402 sicut
536 2362 621 2419 supra
643 2345 774 2413 disserui,
795 2344 977 2416 reperiuntur
1027 2344 1120 2416 ipsum
1134 2345 1242 2401 donum
1256 2354 1298 2401 est
1311 2347 1456 2403 conditum
1471 2349 1702 2406 renascentibus.
1712 2349 1843 2405 Admone

157 2445 241 2515 plura
256 2447 370 2514 peccata
388 2445 416 2497 et
437 2440 493 2496 alia
513 2443 679 2514 parentum,
696 2455 759 2511 quae
779 2455 837 2494 non
860 2441 977 2509 possunt
1027 2455 1091 2493 mus
1106 2440 1204 2511 igitur,
1219 2445 1247 2495 et
1264 2456 1321 2495 non
1337 2440 1399 2496 sine
1420 2442 1545 2513 periculo
1567 2446 1658 2498 status
1682 2459 1786 2499 comm
1800 2444 1843 2515 qui

159 2539 511 2606 mutarenaturam,reatu
522 2531 903 2605 tamenobligantfilios,nisi
916 2547 977 2602 gra-
1027 2533 1088 2588 haec
1107 2533 1215 2588 faciunt
1236 2536 1437 2606 protestamur,
1454 2542 1485 2591 ut
1497 2536 1532 2591 ab
1546 2536 1599 2592 hac
1621 2538 1842 2609 praesumptione

159 2630 231 2685 tulta
245 2631 336 2701 gratia
346 2634 375 2685 et
385 2628 580 2684 misericordia
590 2626 873 2682 divinasubveniant.
885 2628 977 2696 Apar—
1027 2631 1159 2695 cessetur,
1179 2633 1208 2682 et
1229 2643 1370 2684 summam
1392 2629 1467 2684 hanc
1488 2630 1779 2704 potentissimamque
1800 2631 1842 2685 liei

159 2726 224 2779 vulo
236 2725 423 2780 enimrecens
435 2730 512 2790 nato,
523 2738 614 2792 usque
628 2720 662 2776 ad
677 2719 855 2790 decrepitum
867 2734 976 2785 senem,
1028 2720 1149 2792 gratiam
1163 2737 1219 2776 non
1233 2722 1287 2776 nisi
1303 2723 1332 2777 in
1347 2723 1473 2778 Paschali
1498 2730 1526 2779 et
1547 2725 1733 2781 Pentecostcs
1746 2725 1791 2781 die
1803 2725 1843 2780 de·

158 2817 315 2888 quamlibet
328 2816 453 2888 corporis
468 2819 583 2870 atatem
598 2816 712 2884 gerant,
724 2812 797 2867 sicut
809 2811 904 2866 nullus
914 2826 978 2883 pre
1027 2814 1215 2869 siderantibus
1230 2820 1259 2870 et
1272 2816 1452 2871 credentibus
1462 2817 1625 2886 conferatis,
1634 2823 1774 2875 manente
1783 2833 1844 2890 quo

159 2910 301 2966 bibendus
315 2914 357 2965 est
370 2926 387 2964 a
399 2909 550 2980 baptismo,
566 2908 606 2962 ita
617 2908 710 2961 nullus
724 2911 766 2962 est
779 2905 830 2976 qui
844 2922 902 2961 non
916 2920 977 2976 pec·
1027 2908 1097 2962 libet
1110 2911 1239 2979 tempore
1254 2910 1382 2981 gravium
1395 2911 1598 2966 necessitatum
1611 2929 1644 2967 ac
1654 2913 1841 2983 periculorum

159 3009 222 3059 cato
243 3003 380 3058 moriatur
400 3001 431 3057 in
453 3001 605 3074 baptismo.
623 2999 679 3056 Sed
697 2998 809 3071 parvuli
833 2998 975 3070 originali,
1027 3000 1254 3057 consideratione
1270 3001 1428 3058 secundum
1442 3019 1530 3076 quam
1543 3008 1675 3076 oporteat
1694 3006 1840 3067 subreniri,

159 3098 282 3169 majores
297 3101 394 3152 autem
410 3096 497 3152 etiam
516 3095 560 3148 his
578 3093 711 3149 omnibus
728 3091 891 3147 moriuntur
909 3107 975 3163 pec·
1027 3110 1064 3149 ne
1079 3094 1240 3151 conditione
1254 3096 1368 3151 mortali
1386 3101 1525 3152 coarctata
1543 3097 1701 3154 infirmitas
1720 3115 1840 3156 nemen·

160 3193 229 3248 catis
250 3205 428 3263 quascunque
452 3190 525 3244 male
547 3187 667 3242 vivendo
687 3186 821 3242 addidere
846 3184 883 3240 ad
906 3136 1070 3242 illuderia
1080 3188 1248 3244 liberatione
1269 3189 1427 3258 fraudetur,
1444 3207 1509 3247 cum
1528 3197 1640 3247 serrata
1654 3194 1739 3261 tsicut
1753 3193 1839 3265 perlo-
1887 3250 1890 3263 ι

159 3286 238 3359 quod
254 3284 398 3341 nascendo
421 3287 546 3338 traxere.
568 3280 732 3337 Cavendum
747 3296 816 3352 ergo
832 3277 976 3333 dilectioni
1026 3282 1083 3337 cuti
1095 3282 1205 3355 sumus)
1219 3283 1341 3338 duarum
1356 3285 1555 3341 tautummodo
1568 3286 1760 3343 festivitatum
1774 3303 1842 3343 rese

159 3383 216 3435 tuae
229 3383 272 3434 est
290 3392 453 3449 magnaque
472 3374 619 3447 diligentia
643 3373 860 3446 providendum,
875 3389 911 3426 ne
924 3388 977 3443 per
1025 3377 1130 3440 rentia,
1140 3380 1258 3449 propter
1271 3379 1362 3433 multa
1375 3378 1502 3451 pericula
1514 3379 1734 3448 sitcavendum,
1744 3397 1780 3436 ne
1789 3380 1840 3435 cui-

160 3472 325 3544 hujusmodi
337 3470 468 3526 homines
482 3468 618 3523 exstincta
630 3466 740 3523 dudum
751 3465 976 3521 scandalasusci·
1027 3486 1114 3541 quam
1129 3477 1179 3526 aut
1190 3471 1371 3543 indesperata
1386 3472 1565 3544 aegritudine,
1579 3474 1674 3530 autin
1687 3475 1841 3531 hostilitatis

161 3571 268 3634 tantur,
279 3571 308 3621 et
320 3565 356 3620 de
370 3564 464 3619 exciso
479 3564 547 3618 olim
561 3563 694 3634 dogmate
709 3559 816 3631 aliquid
824 3560 853 3614 in
863 3559 976 3631 provin·
1028 3564 1151 3631 incursu,
1167 3567 1216 3619 aut
1230 3565 1261 3619 in
1276 3565 1378 3620 timore
1391 3567 1535 3639 naufragii
1550 3584 1604 3641 per
1616 3570 1781 3626 sacerdotes
1791 3571 1838 3625 llo·

160 3662 204 3716 eia
214 3660 345 3732 eJusdem
353 3658 420 3714 mali
432 3673 554 3730 germen
567 3656 683 3726 oriatur,
694 3652 770 3726 quod
779 3670 837 3709 non
847 3654 976 3708 salumin
1027 3657 1098 3711 mini
1112 3658 1291 3729 regeneratio
1303 3661 1472 3730 denegetur.
1484 3661 1512 3717 si
1527 3661 1591 3734 quis
1606 3678 1675 3718 vero
1688 3668 1754 3736 post
1765 3664 1840 3720 intes.

159 3754 300 3810 radicibus
325 3752 382 3807 suis
406 3756 523 3821 crescat,
538 3750 587 3805 sed
609 3750 694 3804 etiam
720 3751 824 3802 sanctae
847 3746 975 3801 Ecclesia
1027 3750 1282 3807 dictamineadem
1291 3752 1377 3809 fuerit
1386 3756 1568 3826 usurpatione
1580 3755 1840 3831 detectm,digmm

160 3849 287 3905 ⁵0b⁰¹0m
302 3864 413 3903 V01121¹⁰
427 3846 471 3900 ⁸111
486 3844 579 3900 01¹⁰?ss
594 3842 712 3898 inficial-
728 3841 781 3906 Qui
795 3846 935 3897 correctos
947 3855 977 3895 se
1026 3844 1187 3916 pertinaciae
1200 3861 1258 3900 suae
1274 3845 1379 3901 incidet
1396 3846 1552 3918 ultionem,
1568 3849 1709 3922 quoniam
1723 3850 1842 3907 ostendit

160 3943 249 4000 rideri
270 3943 369 3997 volunt
390 3941 425 3996 ab
451 3939 530 3994 omni
557 3937 718 4010 suspicione
746 3951 775 3990 se
798 3937 932 4006 purgent,
950 3939 978 3989 et
1027 3955 1056 3994 se
1069 3941 1153 4010 turpe
1168 3940 1265 4011 potius
1279 3939 1393 3996 lucrum
1407 3958 1495 4014 quam
1505 3942 1655 4014 religionis
1670 3945 1840 4001 culturum

160 4037 319 4093 obediendo
337 4035 419 4089 nohis
441 4032 570 4105 praebent
595 4048 625 4085 se
639 4046 700 4086 esse
714 4034 835 4085 nostros.
850 4030 977 4092 Quorum
1027 4037 1176 4088 sectatum.
1192 4033 1269 4088 illam
1283 4034 1369 4090 etiam
1384 4040 1486 4091 contra
1506 4036 1697 4109 apostolicam
1719 4040 1840 4113 regulam

159 4131 183 4186 si
196 4130 348 4201 quisquam
362 4126 521 4182 salubribus
538 4125 686 4197 praeceptis
707 4123 867 4179 satisfacere
881 4122 976 4177 datre·
1026 4126 1290 4198 presumptionem,
1307 4143 1393 4199 quam
1416 4146 1509 4202 nuper
1530 4133 1634 4203 agnovi
1648 4150 1666 4188 a
1679 4133 1841 4206 quibusdem

160 4223 252 4290 clarit,
266 4222 324 4277 sire
345 4222 392 4276 illc
412 4220 539 4285 clericus,
556 4219 613 4273 sive
635 4218 672 4273 sit
686 4217 784 4283 laicus,
798 4216 832 4270 ab
848 4215 977 4270 Ecclesia
1028 4219 1125 4276 illicita
1138 4221 1321 4293 usurpatione
1342 4224 1492 4293 committi,
1507 4225 1601 4280 modis
1623 4228 1761 4284 omnibu,
1781 4243 1840 4284 con·

161 4317 294 4372 societate
308 4316 438 4387 pellatur,
454 4328 489 4367 ne
503 4311 631 4384 perditor
646 4311 751 4366 animm
766 4326 825 4364 suec
835 4309 918 4364 saluti
932 4311 975 4363 in·
1027 4314 1113 4370 stituo
1134 4315 1304 4371 submoveri.
1319 4318 1357 4371 lle
1374 4319 1540 4389 paenitentia
1552 4318 1686 4377 videlicet
1698 4338 1793 4395 quae.
1812 4320 1840 4376 fl.

160 4411 282 4467 sidietur
296 4408 406 4465 alienae.
429 4408 506 4462 illam
527 4421 640 4478 quoque
655 4412 766 4476 partem
785 4402 977 4459 eceleiastiea
1028 4407 1138 4463 delibus
1150 4410 1320 4482 postulatur,
1335 4427 1371 4466 ne
1385 4412 1421 4468 de
1433 4412 1612 4485 singulorum
1625 4430 1736 4486 genere
1748 4414 1842 4471 libellis

161 4505 318 4578 disciplina
340 4519 397 4576 qua
418 4502 486 4557 olim
509 4518 526 4555 a
545 4499 648 4555 sanctis
671 4498 799 4554 Patribus
815 4502 843 4553 et
866 4497 1017 4585 anobisp
1029 4503 1133 4573 scripta
1146 4503 1284 4574 professio
1299 4505 1410 4577 publice
1425 4506 1569 4578 recitetur,
1583 4524 1651 4563 cum
1667 4514 1765 4566 reatus
1782 4526 1840 4566 con-

161 4616 235 4673 soepe
253 4599 398 4655 decretum
418 4600 470 4664 est,
491 4599 523 4651 ut
544 4594 639 4649 necin
663 4593 872 4666 presbyteratus
888 4590 979 4663 gradu
1028 4596 1212 4651 scientiarum
1226 4598 1349 4654 sufficiat
1357 4599 1425 4655 solis
1437 4599 1632 4657 sacerdotibus
1645 4602 1773 4659 indicare
1781 4620 1840 4660 eon·

162 4711 214 4750 nec
227 4694 257 4749 in
271 4691 438 4748 diaconatus
451 4689 563 4759 ordine,
578 4704 629 4743 nec
643 4689 672 4742 in
685 4686 871 4758 subsequenti
886 4685 978 4741 officio
1027 4689 1150 4744 fassione
1160 4697 1281 4748 secreta.
1291 4692 1510 4758 Quamvisenim
1519 4694 1672 4767 planitudo
1681 4697 1751 4753 fidei
1760 4697 1843 4753 ride.-

161 4785 504 4845 clericorumahEcclesia
514 4783 650 4855 cuiquam
665 4781 787 4836 transire
797 4780 833 4835 sit
842 4779 977 4848 liberum,
1027 4789 1149 4838 teresse
1171 4785 1318 4841 laudabilis
1338 4803 1402 4860 que
1425 4793 1542 4860 propter
1553 4788 1603 4845 liei
1617 4788 1757 4847 timorem
1776 4789 1842 4865 apud

162 4889 193 4938 ut
203 4885 232 4937 in
244 4882 389 4951 integrum
400 4894 523 4948 revoces,
534 4877 732 4933 admonemus.
740 4877 773 4932 Et
784 4873 978 4945 unusquisque
1028 4876 1160 4932 homines
1179 4878 1345 4936 erubescere
1366 4897 1425 4937 uon
1444 4885 1565 4951 seretur,
1580 4886 1682 4940 mmen
1704 4886 1771 4958 quia
1793 4899 1843 4940 nor

163 4993 221 5032 non
247 4974 402 5029 ambitione
430 4973 551 5040 illectus,
577 4987 633 5026 non
657 4969 812 5043 cupiditate
835 4967 977 5035 seductus,
1029 4971 1159 5026 omnium
1180 4972 1347 5044 hujusmodi
1372 4981 1439 5030 sunt
1457 4980 1572 5048 peccata
1593 4981 1628 5033 ut
1648 4995 1686 5035 ea
1709 4974 1842 5052 peniten-

162 5087 219 5126 non
231 5067 414 5142 persuasione
429 5066 579 5122 hominum
594 5064 776 5135 depravatus,
791 5062 829 5117 ibi
845 5062 892 5117 ubi
905 5060 979 5117 ordi·
1028 5065 1097 5120 tiam
1119 5070 1242 5137 poscunt
1265 5085 1325 5123 non
1350 5067 1470 5125 timeant
1490 5070 1646 5144 publicare,
1672 5078 1844 5131 remoratur

161 5170 245 5220 natus
268 5168 310 5217 est
332 5162 504 5233 perseveret.
530 5161 570 5213 lta
590 5161 622 5212 ut
637 5157 738 5229 siquis
762 5172 812 5211 sua
835 5171 976 5228 quaerens,
1029 5159 1256 5231 improbabiliter
1277 5164 1461 5236 consuetudo,
1476 5181 1512 5220 ue
1531 5165 1615 5220 multi
1636 5183 1654 5221 a
1676 5168 1842 5240 poenimtie

159 5277 218 5316 non
231 5274 295 5331 quae
310 5258 374 5313 lesu
388 5253 503 5322 Christi,
518 5252 553 5307 ad
567 5250 713 5307 ecclesiam
727 5265 808 5305 suam
821 5248 915 5304 redire
928 5266 977 5305 ne·
1028 5252 1163 5308 remediis
1184 5258 1345 5327 arceantur,
1361 5256 1432 5313 dum
1456 5264 1506 5315 aut
1525 5259 1711 5331 erubescunt,
1725 5266 1776 5318 aut
1788 5276 1841 5318 me.

161 5352 290 5426 glexerit,
304 5354 333 5405 et
343 5350 378 5405 ab
394 5346 511 5403 honoris
524 5344 680 5418 privilegio,
695 5350 723 5400 et
737 5361 754 5399 a
769 5342 978 5398 communionis
1028 5350 1113 5402 tuunt
1129 5348 1250 5404 inimicis
1267 5350 1325 5405 suis
1340 5367 1391 5407 sua
1413 5352 1488 5408 facta
1509 5368 1647 5423 reserare,
1663 5357 1768 5429 quibus
1782 5370 1841 5429 poe-

160 5433 271 5503 rinculo
287 5445 426 5500 habeatur
447 5447 609 5498 extraneus.
624 5440 684 5494 lton
699 5443 795 5493 autem
810 5436 920 5491 dubitet
934 5435 977 5490 di·
1027 5446 1094 5496 sunt
1107 5442 1205 5513 legum
1219 5444 1434 5501 constitutiones
1448 5448 1576 5518 percelli.
1589 5448 1703 5507 Sufficit
1714 5449 1842 5507 animilia

160 5542 245 5597 lectio
267 5545 315 5596 tua
334 5555 384 5593 nos
400 5537 422 5591 si
437 5537 478 5606 (ut
493 5551 552 5590 oon
572 5532 753 5603 arbitramur)
768 5530 896 5602 neglecta
916 5530 976 5585 fue·
1028 5534 1373 5609 confessioqueprimum
1381 5540 1844 5609 lieootfertur,tuncetiamsaeee

160 5638 226 5704 rint,
241 5650 304 5706 quae
318 5648 370 5704 pro
384 5629 510 5687 custodia
525 5642 680 5694 canonum,
696 5629 724 5680 et
743 5641 796 5696 pro
816 5624 881 5679 fidel
903 5624 977 5680 inte·
1028 5627 1087 5683 doti
1097 5646 1148 5700 pro
1161 5628 1270 5686 delictis
1282 5633 1484 5703 pmnitentiuni
1499 5640 1632 5708 peccator
1645 5637 1844 5696 maiam

150 5725 457 5801 gritatedacernimus,
467 5720 663 5778 vehementius
672 5718 899 5787 commovendos,
912 5718 979 5790 quia
1027 5721 1103 5777 enim
1118 5721 1235 5779 demum
1249 5725 1344 5796 plures
1358 5726 1395 5782 ad
1410 5728 1608 5801 poenitentiam
1627 5734 1764 5805 potami
1780 5746 1841 5805 pro·

133 5820 312 5876 rutenorum
321 5820 461 5878 ordinum
470 5818 565 5895 culpae
574 5817 609 5876 ad
619 5812 982 5890 nullosmegisreterandae
1028 5816 1137 5885 uocari,
1149 5818 1281 5890 sipoputi
1296 5820 1413 5877 auribus
1431 5839 1488 5879 non
1503 5822 1668 5896 publicetur
1678 5824 1848 5885 sementia

117 5915 200 5982 sunt,
219 5916 363 5986 quemad
379 5915 500 5975 desides
518 5915 768 5993 negligentesque
784 5917 925 5984 rectores,
940 5909 992 5986 qui
1042 5909 1215 5969 conhtentu.
