3870 6150
127 228 181 284 aas
738 230 1188 292 uasaurlumucounaono.
1761 199 1815 300 seo

128 336 300 407 pertrahant
314 337 345 393 in
359 336 483 395 minam.
498 340 566 396 Data
583 339 945 413 aomae,ine0nei1i0epi-
956 352 987 427 Α
997 358 1054 399 ιιοιι
1067 343 1153 415 Virgo
1169 344 1324 415 generavit,
1340 345 1433 418 potuit
1458 362 1528 420 ergo
1548 347 1633 421 Virgo
1653 348 1813 424 concipere,

125 445 280 502 scoporum
294 431 449 505 octogiuta,
464 433 516 489 suh
541 433 587 488 die
602 438 699 490 octavo
722 434 786 490 ldus
808 434 945 501 Ianuarii,
996 453 1053 492 non
1068 436 1162 508 potuit
1176 437 1261 510 Virgo
1280 455 1428 511 generare,
1442 457 1509 497 cum
1531 458 1645 514 semper
1659 447 1813 517 conceptus

122 528 192 594 post
217 525 395 583 constrictum
415 526 535 595 Arcadii,
556 527 685 600 Augusti,
708 533 736 584 et
758 527 891 584 Bautouis
912 528 945 584 lV
995 530 1146 602 praecedat,
1169 534 1270 604 partus
1297 537 1447 606 sequatur3
1472 535 1523 591 sed
1544 537 1568 591 si
1591 537 1726 594 doctrinis
1756 555 1812 595 non

123 619 261 677 consulis.
995 623 1119 680 creditur
1156 625 1348 696 sacerdotum,
1381 628 1512 685 credatur
1544 631 1664 686 oraculis
1696 630 1811 702 Christi,

216 740 293 801 uem,
306 742 467 812 mmmm
482 743 667 812 episcoporum
683 741 721 796 ad
735 739 855 795 eumdem
995 717 1130 774 credatur
1142 719 1261 775 monitis
1274 721 1441 790 angelorum
1455 721 1630 780 dicentium:
1645 746 1659 775 «
1671 727 1741 792 Quia
1753 742 1812 783 nou

465 814 603 870 siricium.
995 815 1039 866 est
1057 811 1232 883 impossibile
1254 814 1331 885 apud
1356 814 1447 870 licum
1469 832 1555 874 omne
1567 818 1686 875 verbum
1700 819 1776 891 (Luc.
1791 836 1811 888 1,

161 902 351 960 Dilectissimo
381 906 499 962 Domino
531 905 613 963 fratri
642 906 752 971 S1u1cro,
778 906 944 973 Aueuosrus,
995 907 1049 975 37),
1064 926 1077 955 a
1093 906 1225 961 credatur
1239 907 1368 979 symbolo
1382 910 1590 980 apostolorum,
1602 912 1678 984 quod
1690 913 1813 969 Ecclesia

121 995 256 1065 Senarus,
273 998 431 1067 Bassravrs,
448 1005 477 1056 et
490 1000 594 1056 caeteri.
994 1000 1124 1054 Romana
1136 1000 1305 1056 intemerata
1318 1018 1432 1073 semper
1441 1003 1562 1060 custodit
1574 1009 1602 1061 et
1614 1010 1715 1062 servat.
1725 1007 1811 1064 Audi-

164 1093 394 1165 Recognovimus
403 1094 511 1151 litteras
520 1092 662 1150 sanctitati
674 1096 731 1148 turs
742 1091 812 1147 boni
823 1091 944 1165 pastoris
994 1092 1033 1146 vit
1044 1092 1129 1147 ldaria
1144 1109 1242 1148 vocem
1252 1094 1357 1165 augeli,
1372 1100 1401 1150 et
1415 1112 1480 1168 quaa
1494 1096 1605 1153 dixerat
1618 1102 1684 1155 aute
1695 1116 1702 1154 :
1714 1118 1728 1151 ι(
1740 1101 1813 1164 Quo-

120 1189 495 1262 excubias,quidiligeuter
508 1187 691 1243 commissam
700 1185 753 1241 tibi
761 1186 878 1257 januam
889 1201 946 1241 ser-
993 1186 1081 1241 modo
1096 1187 1145 1241 tlet
1159 1185 1254 1242 istud?
1270 1188 1362 1258 libid„
1377 1191 1420 1260 34)
1435 1212 1448 1238 »
1463 1207 1522 1246 nou
1534 1190 1592 1246 llde
1616 1193 1812 1264 generationis
1871 1200 1874 1205 '

120 1289 220 1351 ves,et
228 1281 470 1356 piasollicitudiue
478 1279 667 1339 Christoovile
676 1279 818 1335 custodias
828 1278 943 1351 diguus,
994 1279 1183 1352 interrogans,
1197 1281 1344 1352 respondit
1364 1286 1520 1354 posteat«
1543 1285 1613 1341 Ecce
1632 1285 1733 1341 aneilla
1755 1288 1810 1343 llo-

120 1395 212 1452 quem
223 1395 289 1434 oves
297 1376 411 1433 Domini
422 1376 541 1431 audiant
552 1379 581 1431 et
594 1377 758 1447 sequautur,
768 1372 869 1428 etideo
877 1372 945 1444 quia
994 1372 1074 1442 mini,
1084 1374 1230 1446 contingat
1243 1375 1315 1430 mihi
1325 1376 1482 1432 secuudum
1495 1378 1614 1434 verbum
1626 1382 1708 1435 tuum
1720 1379 1811 1450 (leid,

119 1472 227 1528 novisti
241 1471 361 1527 oviculas
375 1469 489 1539 Christi,
503 1470 585 1541 lupos
598 1467 682 1526 facile
699 1466 902 1539 deprehendis,
916 1469 945 1521 et
993 1467 1047 1535 38).
1064 1487 1077 1515 u
1094 1469 1157 1523 llaec
1170 1472 1213 1522 est
1230 1469 1313 1541 Virgo
1326 1487 1391 1541 quae
1412 1470 1443 1526 iu
1468 1474 1548 1527 utero
1571 1472 1710 1546 concepit,
1724 1473 1811 1547 Virgo

120 1565 251 1622 occurris
261 1563 342 1636 'quasi
356 1562 492 1636 providus
502 1565 597 1635 pastor
611 1577 646 1616 ne
661 1559 721 1615 istis
733 1558 873 1615 morsibus
882 1574 945 1630 per·
994 1577 1058 1632 quae
1071 1561 1182 1633 peperit
1195 1561 1297 1630 tilium,
1314 1563 1353 1618 sic
1369 1563 1447 1619 enim
1471 1565 1665 1636 scriptumest
1681 1583 1688 1622 ε
1705 1587 1719 1620 u
1740 1569 1810 1623 Ecce

120 1659 201 1715 tidiae
210 1675 269 1714 suae
278 1656 358 1713 ferali
367 1656 476 1712 ululatu
487 1655 667 1711 Dominicum
682 1654 753 1710 ovile
765 1653 942 1725 dispergant,
992 1654 1079 1725 Virgo
1093 1654 1123 1708 iu
1146 1659 1226 1709 utero
1246 1656 1399 1729 concipiet,
1413 1661 1442 1712 et
1463 1658 1555 1729 pariet
1578 1658 1667 1715 filium
1682 1660 1745 1730 (lec.
1760 1678 1810 1731 vn,

122 1752 276 1808 laudamus
288 1751 351 1818 hoc,
367 1749 483 1806 domine
502 1750 592 1804 irater
603 1747 685 1804 nobis
707 1746 898 1815 dilectissime,
913 1732 980 1805 etB
995 1747 1048 1816 ll),
1062 1769 1076 1798 u
1093 1764 1151 1803 non
1167 1749 1244 1803 euim
1269 1753 1472 1822 concepturam
1496 1753 1696 1809 tantummodo
1716 1754 1810 1826 Virgi-

122 1852 187 1902 toto
203 1845 381 1901 celebramus
400 1843 515 1899 aflectu.
538 1844 594 1899 Nec
609 1842 748 1897 miramur
764 1841 787 1895 si
807 1841 941 1912 luporum
992 1856 1068 1907 nem,
1085 1840 1134 1895 sed
1150 1848 1178 1897 et
1190 1842 1348 1913 parituram
1364 1843 1509 1915 Virginem
1527 1845 1608 1900 dixit.
1624 1847 1692 1911 Quae
1714 1853 1811 1903 autem

120 1940 236 1995 rabiem
250 1956 319 2010 grex
340 1937 453 1993 Domini
472 1936 648 2009 perhorruit,
663 1935 694 1990 iu
716 1935 820 2008 quibus
838 1934 942 1989 Christi
992 1936 1035 1988 est
1058 1933 1108 1988 illa
1130 1940 1215 2006 porta
1237 1937 1362 1992 exterior
1386 1937 1421 1993 ad
1450 1938 1594 1995 Orientem
1621 1957 1684 2011 apua
1710 1945 1811 1996 manet

120 2050 223 2090 vocem
239 2050 297 2088 uou
311 2031 485 2104 recognovit.
503 2030 630 2103 Agrestis
651 2030 728 2086 euim
755 2029 878 2084 ululatus
899 2031 942 2084 est
990 2027 1095 2097 clausa,
1112 2030 1141 2084 et
1163 2045 1258 2098 nemo,
1273 2031 1375 2102 iuquit,
1392 2033 1573 2102 pertransivit
1600 2050 1652 2106 per
1670 2050 1745 2102 eam,
1760 2035 1811 2090 sed

121 2128 236 2183 nullam
250 2126 421 2198 virginitatis
437 2124 568 2198 gratiam,
582 2123 694 2179 uultum
710 2121 844 2177 castitatis
864 2120 940 2176 ordi·
991 2120 1066 2175 solus
1077 2120 1150 2176 licus
1161 2122 1247 2177 lsrael
1259 2123 1390 2180 transivit
1401 2141 1453 2198 per
1465 2141 1528 2181 eam
1539 2125 1647 2199 (Erech.
1659 2144 1731 2197 xurv,
1743 2144 1763 2194 ι,
1771 2128 1809 2198 2),

122 2237 193 2278 uem
212 2236 369 2287 reservare,
384 2219 545 2292 promiscue
559 2217 658 2272 omnia
669 2216 740 2271 velle
754 2215 939 2285 contundere,
991 2230 1085 2269 nonne
1101 2214 1162 2269 hmo
1174 2218 1257 2287 porta
1269 2216 1355 2272 ldaria
1371 2222 1422 2287 est,
1434 2235 1486 2290 per
1497 2236 1584 2291 quam
1596 2221 1627 2277 iu
1640 2222 1716 2277 hunc
1729 2238 1811 2277 mun·

123 2315 304 2371 diversorum
319 2313 423 2386 gradus
436 2312 585 2384 abrogare,
597 2311 766 2366 maritorum
782 2312 811 2364 et
822 2325 942 2381 pauper·
990 2308 1058 2363 omn
1081 2308 1256 2382 Redemptor
1271 2311 1406 2367 intravit?
1423 2314 1486 2369 Haec
1508 2317 1551 2369 est
1572 2317 1657 2386 porta
1677 2316 1808 2386 justitiae,

122 2410 213 2464 tatem
228 2407 384 2480 quamdam
396 2405 552 2462 coelestium
575 2403 841 2460 remunerationum
855 2402 940 2457 indu·
991 2402 1063 2456 sicut
1076 2402 1136 2472 ipse
1144 2401 1231 2458 dixit:
1245 2425 1259 2453 u
1270 2403 1338 2459 Sine
1352 2421 1404 2460 uos
1415 2406 1534 2479 implere
1545 2424 1661 2464 omnem
1666 2409 1810 2480 justitiam

122 2519 199 2570 cere,
213 2501 296 2574 quasi
307 2500 417 2558 Christo
433 2516 490 2555 una
505 2500 541 2554 sit
555 2499 651 2570 palma
674 2513 762 2570 quam
783 2495 893 2566 tribuit,
908 2512 940 2551 ao
991 2494 1099 2567 (Metti.
1115 2512 1155 2565 ιιι,
1173 2500 1225 2566 lb).
1242 2518 1255 2546 e
1270 2499 1333 2553 llaec
1350 2502 1430 2570 porta
1444 2506 1486 2557 est
1509 2502 1594 2556 llario
1609 2501 1646 2557 de
1660 2519 1718 2575 qua
1739 2503 1808 2559 scri·

123 2613 183 2651 nou
198 2594 315 2667 plurimi
329 2594 477 2650 abundent
497 2592 573 2648 tituli
592 2590 788 2664 premiorum,
805 2589 941 2645 simulant
990 2593 1070 2660 ptum
1084 2594 1127 2644 est
1143 2607 1149 2645 :
1164 2591 1235 2654 Quia
1257 2592 1394 2648 Dominus
1418 2595 1599 2664 pertransivit
1619 2612 1695 2664 eam,
1712 2601 1741 2652 et
1754 2597 1810 2653 erit

123 2707 153 2745 se
167 2690 215 2744 isti
233 2705 292 2744 nou
314 2689 422 2744 donare
445 2686 587 2759 conjugio,
602 2685 652 2741 sed
672 2701 736 2757 quae
762 2686 855 2757 potest
877 2682 941 2738 laus
990 2683 1085 2737 clausa
1099 2688 1163 2754 post
1175 2688 1301 2755 partum,
1316 2685 1383 2758 quia
1397 2686 1481 2759 Virgo
1497 2693 1527 2743 et
1539 2689 1669 2761 concepit
1682 2694 1711 2745 et
1722 2707 1810 2763 pepe·

124 2801 188 2839 esse
200 2783 338 2855 conjugii,
352 2781 375 2837 si
391 2782 469 2837 nulla
484 2779 654 2853 virginitatis
667 2783 711 2836 est
723 2778 834 2850 gloria?
846 2793 940 2849 neque
990 2775 1036 2831 rit.
1053 2776 1128 2840 Quid
1140 2781 1235 2833 autem
1249 2777 1427 2848 incredibile,
1439 2779 1462 2835 si
1475 2784 1574 2836 contra
1589 2798 1674 2839 usum
1689 2783 1808 2856 originis

123 2895 193 2934 vero
220 2894 275 2932 nos
302 2893 443 2948 negamus
466 2874 672 2930 sanctificatum
699 2890 715 2929 a
742 2871 852 2929 Christo
879 2886 941 2926 esse
989 2870 1127 2925 naturalis
1140 2871 1251 2943 peperit
1263 2872 1360 2940 llario,
1376 2877 1405 2929 et
1416 2874 1502 2945 Virgo
1517 2878 1677 2946 permanet,
1692 2877 1808 2949 quaudo

124 2971 304 3044 conjugium,
319 2970 415 3026 divina
434 2985 501 3025 voce
518 2968 649 3024 dicente:
666 2968 785 3023 «Erunt
805 2965 889 3021 ambo
911 2964 941 3020 in
990 2968 1089 3019 contra
1103 2980 1189 3019 usum
1203 2969 1312 3020 naturae
1328 2987 1341 3016 u
1357 2983 1438 3024 mare
1452 2967 1525 3022 vidit
1538 2973 1566 3024 et
1581 2969 1666 3041 sugit,
1677 2975 1763 3043 atque
1779 2971 1809 3026 in

125 3082 182 3120 una
204 3081 290 3120 carue
313 3065 385 3135 (Gen.
407 3080 437 3130 ιι,
450 3063 505 3132 rt),
523 3082 537 3111 a
564 3065 593 3117 et
614 3061 644 3115 in
665 3076 724 3116 uuo
753 3058 866 3131 spiritu,
891 3057 940 3113 sed
950 3100 979 3175 C
991 3056 1098 3112 iontem
1109 3074 1192 3113 suum
1200 3058 1329 3114 iordanis
1340 3060 1451 3116 fluenta
1464 3064 1721 3132 remearuntffsel.
1731 3080 1832 3133 cxru,·

124 3159 203 3233 prius
227 3159 281 3225 est,
304 3157 380 3229 quod
402 3156 460 3212 nati
482 3171 590 3222 sumus,
617 3171 705 3226 quam
735 3152 812 3226 quod
834 3151 938 3222 allecti,
991 3151 1058 3221 3).»
1081 3151 1143 3206 Νοιι
1161 3168 1230 3223 ergo
1251 3152 1362 3210 excedit
1379 3154 1465 3210 iidem
1486 3156 1561 3227 quod
1580 3156 1667 3229 Virgo
1687 3158 1808 3231 peperit,

125 3254 271 3325 multoque
279 3251 458 3324 prestantius
471 3248 557 3305 divini
571 3247 664 3319 operis
674 3246 842 3319 mysterium
853 3261 941 3319 quam
992 3245 1108 3315 quando
1117 3245 1250 3317 legimus,
1258 3247 1332 3318 quod
1342 3251 1423 3320 petra
1429 3249 1537 3304 vomuit
1547 3265 1644 3321 aquas,
1654 3254 1683 3306 et
1692 3251 1722 3305 in
1733 3253 1809 3308 muri

126 3346 259 3402 humanae
273 3344 436 3417 fragilitatis
456 3342 624 3399 remedium.
638 3343 704 3397 lure
717 3339 851 3395 laudatur
864 3339 942 3394 bona
991 3337 1114 3409 speciem
1129 3338 1217 3392 maris
1229 3338 1309 3394 unda
1322 3340 1445 3396 solidata
1458 3345 1515 3408 est3
1530 3359 1588 3397 nou
1602 3343 1713 3399 excedit
1722 3343 1810 3399 tidem

127 3456 206 3507 uxor,
221 3439 272 3494 sed
292 3438 393 3495 melius
417 3437 463 3509 pia
476 3437 557 3508 virgo
578 3436 739 3507 prefertur,
754 3433 864 3489 dicente
884 3432 938 3487 llo·
990 3430 1067 3502 quod
1079 3431 1166 3485 homo
1178 3431 1263 3486 exivit
1276 3433 1311 3487 de
1325 3432 1450 3505 Virgine,
1466 3436 1581 3506 quando
1594 3440 1679 3508 petra
1701 3436 1810 3493 tonum

125 3533 223 3589 mino:
243 3555 256 3583 a
271 3532 326 3597 Qui
342 3531 440 3604 jungit
460 3529 600 3603 virginem
624 3545 705 3585 suam
722 3527 795 3582 bene
819 3525 899 3595 iacit,
912 3529 941 3582 et
991 3524 1134 3597 profluum
1147 3525 1301 3595 scaturivit,
1311 3525 1420 3582 terrum
1431 3545 1613 3602 superaquas
1623 3530 1741 3598 natavit,
1752 3547 1811 3587 am·

126 3628 173 3700 qui
194 3644 255 3682 nou
275 3625 373 3698 jungit
394 3625 497 3683 melius
516 3624 584 3681 iacit
598 3623 619 3693 (l
633 3625 693 3682 Cor.
709 3637 757 3688 vn,
771 3623 826 3688 38).
842 3641 856 3669 »
876 3621 940 3674 llaec
990 3617 1097 3672 bulavit
1113 3618 1201 3674 homo
1216 3635 1410 3692 superaquas.
1427 3623 1501 3693 Ergo
1524 3624 1547 3678 si
1569 3623 1717 3680 hominem
1731 3624 1810 3680 unda

126 3721 201 3777 enim
223 3720 330 3792 cogitat
347 3736 411 3792 quae
433 3720 482 3774 Dei
510 3722 586 3787 sunt,
601 3717 648 3771 illa
670 3732 733 3789 quaa
755 3714 871 3781 muudi,
893 3713 941 3768 illa
990 3711 1121 3783 portavit,
1150 3728 1207 3768 uon
1238 3713 1329 3785 potuit
1356 3714 1506 3771 hominem
1535 3717 1620 3789 Virgo
1646 3719 1810 3790 generare?

125 3814 321 3887 conjugalibus
341 3812 460 3869 vinculis
481 3812 613 3884 colligata
627 3813 678 3878 est,
693 3811 753 3865 haec
774 3807 865 3863 libera
879 3807 940 3862 vin·
990 3806 1120 3875 atquem
1134 3804 1305 3861 homiuem?
1317 3807 1353 3862 de
1364 3824 1422 3880 quo
1435 3809 1574 3881 legimus:
1586 3834 1600 3861 a
1612 3812 1646 3866 Et
1657 3811 1746 3867 mittit
1756 3811 1810 3867 illis

125 3910 273 3978 culorum;
287 3907 335 3962 illa
346 3907 397 3962 sub
410 3907 484 3978 lege,
500 3906 551 3960 ista
564 3905 615 3959 suh
628 3903 729 3976 gratia.
746 3903 855 3957 Bonum
872 3916 940 3955 eou-
990 3897 1125 3953 Dominus
1146 3899 1297 3955 hominem
1318 3901 1368 3972 qui
1386 3902 1477 3957 salvos
1499 3903 1582 3960 laciet
1604 3921 1663 3975 eos,
1679 3909 1707 3961 et
1726 3909 1810 3961 notus

121 4003 237 4075 jugium
269 4017 327 4073 quo
358 4005 400 4056 est
429 4000 545 4054 iuventa
571 3997 720 4071 posteritas
756 3993 941 4051 successionis
991 3991 1044 4046 erit
1056 3991 1192 4048 Dominus
1206 3993 1344 4065 AEgyptiis
1358 3994 1421 4064 (lse.
1438 4012 1496 4063 ιιι,
1513 4000 1557 4066 20,
1570 3999 1702 4069 tltulu
1716 4000 1810 4055 Veteri

125 4097 271 4162 humana,
291 4095 340 4150 sed
363 4093 465 4149 melior
489 4092 650 4164 virginitas,
673 4105 834 4162 perquam
859 4086 939 4159 regni
991 4085 1087 4156 itaque
1119 4086 1299 4142 Testamento
1330 4087 1410 4160 virga
1445 4090 1628 4147 Hebraeorum
1653 4108 1705 4164 per
1730 4109 1811 4148 mare

124 4189 246 4245 coelestis
263 4186 418 4244 haereditas
440 4187 575 4259 acquisita
597 4190 625 4241 et
646 4183 802 4240 caelestium
823 4182 940 4237 merito·
990 4178 1070 4234 duxit
1088 4179 1256 4234 exercitum.
1281 4182 1311 4236 lu
1335 4183 1413 4238 Novo
1433 4184 1616 4241 ‘testamento
1628 4185 1714 4258 Virgo
1735 4186 1811 4259 regis

124 4300 188 4338 rum
202 4287 315 4353 reperta
336 4280 486 4346 successio,
501 4277 717 4351 permulierem
737 4291 806 4331 cura
831 4290 940 4329 succes·
990 4272 1055 4326 aula
1080 4273 1199 4328 coelestis
1223 4273 1311 4330 electa
1334 4280 1377 4331 est
1398 4275 1435 4331 ad
1457 4277 1588 4334 salutem.
1615 4279 1690 4343 Quid
1713 4283 1810 4336 autem
1870 4334 1872 4339 ,

124 4379 170 4446 sit,
196 4392 249 4449 per
269 4375 415 4447 Virginem
438 4374 514 4428 salus
536 4372 640 4427 evenit.
665 4370 794 4442 Denique
818 4368 941 4440 speciale
991 4365 1078 4419 etiam
1106 4366 1250 4422 viduitatis
1288 4371 1448 4425 attexamus
1491 4372 1644 4442 praeconia,
1678 4389 1743 4428 curn
1781 4374 1811 4429 in

124 4471 178 4525 sibi
191 4470 300 4526 donum
312 4468 467 4541 virginitati
480 4467 607 4523 Christus
621 4465 717 4537 elegit,
730 4467 758 4519 et
767 4459 1157 4546 integritatileivaugelio,
1184 4464 1248 4530 post
1278 4461 1403 4532 Virginis
1435 4463 1653 4520 celeberrimum
1683 4470 1811 4537 partum,

126 4580 233 4619 munus
258 4561 396 4629 exhibuit,
417 4565 502 4633 atque
523 4560 553 4614 in
576 4576 605 4614 se
629 4556 845 4631 representavit
865 4555 944 4628 quod
992 4555 1073 4606 duna
1085 4551 1169 4607 uduo
1181 4553 1362 4626 subrogetur,
1377 4571 1441 4627 quae
1465 4556 1573 4612 vixerat
1596 4574 1662 4613 cum
1680 4559 1741 4615 viro
1759 4577 1811 4616 suo

124 4657 214 4729 elegit
228 4656 258 4710 in
272 4660 372 4711 matre.
388 4655 501 4719 Quanta
512 4653 636 4709 amentia
647 4652 826 4707 funestorum
840 4650 944 4705 latran-
992 4644 1074 4699 annis
1107 4650 1216 4717 septem
1245 4663 1262 4701 a
1286 4646 1449 4719 virginitate
1481 4665 1540 4712 sua,
1573 4654 1602 4705 et
1634 4652 1695 4707 haec
1725 4653 1812 4710 vidua

126 4751 211 4818 tium,
224 4753 258 4805 ut
274 4749 361 4804 iidem
383 4748 511 4805 dicerent
534 4745 678 4802 Christum
699 4761 734 4800 ex
748 4743 858 4816 virgine
883 4759 942 4797 nou
993 4737 1076 4792 annis
1089 4739 1132 4794 84·
1152 4759 1165 4787 (ι
1179 4739 1247 4803 Qua
1261 4755 1320 4794 1¹⁰ss
1333 4739 1495 4797 discedebat
1506 4761 1523 4797 a
1534 4745 1642 4816 templo
1652 4745 1771 4818 jejnniis
1784 4753 1812 4803 et

126 4843 248 4914 potuisse
273 4841 414 4915 generari,
433 4842 481 4914 qui
507 4844 636 4895 asserunt
659 4855 694 4893 ex
718 4837 839 4892 muliere
860 4835 944 4891 editis
994 4830 1236 4887 obsecrationibus
1249 4832 1373 4889 servieus
1387 4833 1432 4890 die
1444 4851 1476 4890 ac
1486 4838 1675 4909 nocteilLuc.
1688 4856 1719 4909 ιι,
1729 4841 1811 4912 top»

127 4937 261 4993 humanis
274 4936 402 5008 partibus
416 4935 539 5007 virgines
551 4948 732 5008 permanere.
744 4930 814 4985 Aliis
826 4931 945 5002 praestat
993 4924 1091 4980 ldcrito
1100 4923 1140 4979 ab
1154 4924 1210 4979 illis
1225 4924 1348 4981 viduitas
1368 4926 1532 5001 despicitur,
1548 4947 1613 5003 qua
1628 4932 1700 4989 solet
1712 4933 1810 4990 obser·

128 5047 198 5103 ergo
212 5031 340 5087 Christus
349 5029 424 5101 quod
438 5029 490 5083 sibi
505 5028 603 5083 dicunt
614 5030 751 5099 praestare
768 5039 826 5078 non
840 5022 941 5095 potnit,
992 5034 1057 5073 vare
1072 5016 1194 5088 jejunia,
1208 5019 1311 5090 quibus
1324 5037 1354 5075 sa
1370 5020 1470 5078 dolent
1492 5023 1537 5080 isti
1560 5025 1655 5098 aliquo
1682 5029 1811 5099 tempore

128 5125 175 5180 ille
188 5140 257 5179 vero
279 5139 392 5178 carnem
418 5122 457 5176 sic
480 5121 614 5193 suscepit,
630 5124 658 5175 et
682 5119 720 5174 sic
743 5118 829 5172 homo
852 5117 943 5172 tactus
993 5126 1053 5168 esse
1068 5116 1236 5180 maceratos,
1253 5118 1282 5168 et
1305 5115 1450 5187 propriam
1472 5118 1645 5176 ulciscuntur
1663 5119 1810 5192 injuriam,

128 5224 179 5286 est,
195 5240 209 5267 u
224 5221 256 5272 ut
268 5217 415 5272 hominem
440 5215 604 5283 redimeret,
618 5217 704 5285 atque
718 5229 735 5266 a
747 5215 841 5266 morte
861 5225 942 5265 revo·
993 5203 1223 5277 quotidianisque
1246 5206 1391 5276 conviviis,
1414 5225 1524 5283 usuque
1546 5212 1664 5268 luxuriae
1682 5211 1810 5267 lahorem

126 5317 215 5381 caret,
230 5311 348 5367 invitato
361 5315 458 5366 tamen
472 5308 553 5381 quasi
570 5308 643 5363 lieus
654 5321 775 5362 munere
786 5304 862 5359 venit
873 5302 945 5358 inte·
993 5296 1172 5354 abstinentiae
1186 5300 1351 5371 propulsare
1365 5301 1537 5373 desiderant,
1551 5304 1599 5377 qui
1619 5302 1692 5359 nihil
1706 5304 1811 5360 rectius

125 5407 191 5476 rim,
217 5408 249 5459 uf
273 5403 516 5476 quemadmdum
541 5401 650 5457 dixerat
676 5417 682 5457 ;
709 5421 722 5448 a
745 5400 815 5454 Ecce
841 5396 944 5452 facum
993 5391 1102 5447 faciunt
1116 5406 1203 5462 quam
1215 5392 1291 5464 quod
1305 5392 1360 5467 ipsi
1376 5411 1405 5451 se
1418 5413 1469 5451 suo
1483 5413 1532 5452 ore
1547 5396 1810 5465 condemnent,sad

126 5498 224 5555 omnia
255 5514 329 5554 nova
356 5498 448 5570 (Apoe.
464 5513 521 5563 ιιι,
542 5498 578 5564 5),
603 5515 617 5546 n
642 5499 726 5566 partu
754 5488 944 5547 immaculatae
994 5486 1084 5540 ileum
1100 5488 1233 5540 metuunt
1243 5502 1280 5542 ne
1292 5485 1322 5542 in
1337 5487 1398 5543 istis
1413 5488 1480 5544 illud
1490 5489 1635 5560 jejunium
1647 5493 1808 5561 reputetur.

124 5593 249 5665 Virginis
260 5596 434 5658 nasceretur,
451 5596 479 5646 et
501 5591 573 5645 sicut
595 5589 799 5660 scriptumest,
814 5583 942 5639 credere·
993 5578 1107 5651 Eligant
1120 5577 1197 5650 quod
1211 5579 1319 5650 volunt,
1334 5580 1356 5635 si
1369 5581 1526 5653 aliquando
1540 5582 1742 5654 jejunaverint,
1759 5601 1809 5657 ge-

125 5691 173 5741 tnr
194 5687 332 5741 nobiscum
354 5688 423 5741 Deos
446 5684 511 5753 (Iso.
535 5699 581 5748 vn,
604 5683 657 5738 tlt.
673 5679 727 5735 Sed
750 5679 785 5733 de
810 5677 854 5731 via
878 5691 944 5748 per·
994 5677 1058 5727 rant
1073 5687 1142 5743 ergo
1158 5670 1226 5726 honi
1243 5673 1308 5728 tacti
1323 5674 1365 5728 sni
1381 5673 1588 5744 penitentiam.
1604 5675 1633 5732 Si
1651 5693 1808 5750 nunquam,

124 5779 268 5838 versitatis
296 5778 456 5855 produntur
481 5776 575 5837 dicere
599 5794 606 5832 :
631 5775 714 5848 Virgo
738 5770 880 5847 concepit,
896 5768 945 5827 sed
994 5781 1075 5822 suam
1088 5779 1157 5837 crgo
1171 5764 1225 5840 ipsi
1239 5765 1494 5841 intemperantiam
1510 5769 1701 5842 et,1uxuriam
1722 5774 1809 5832 couti·
