3870 6150
126 214 212 290 mr'
575 222 857 287 umnnrnsm
902 233 930 284 u
968 211 1361 290 ssnmmummmumn

127 342 283 407 tellectum,
300 339 433 395 adversus
446 357 492 393 eos
508 341 556 410 qui
570 340 685 395 deitatis
695 341 755 411 ejus
770 342 941 424 dominatio·
953 352 983 424 Α
993 342 1116 412 demque
1135 342 1226 396 lilium
1242 342 1369 397 confiteri
1390 342 1540 397 Dominum
1563 347 1680 399 nostrun

126 451 193 489 nem
209 433 340 488 nituntur
356 433 526 504 demergere
543 433 755 506 Scripturarum
773 435 941 492 testimoniis
992 435 1135 491 Christum
1149 451 1274 490 consona
1287 452 1354 491 voce
1367 437 1520 492 edocemus
1530 437 1680 508 pariterpe

124 527 237 598 plenius
248 526 470 581 manifestantes.
991 529 1126 586 eumdem
1139 529 1169 583 in
1183 529 1289 584 deitate
1302 531 1400 595 ileum,
1415 535 1447 585 et
1453 530 1602 585 hominem
1616 546 1680 586 vern

159 623 279 691 Propter
299 636 348 674 eos
370 636 437 675 sane
463 621 513 692 qui
535 621 755 693 dispensationis
772 624 940 693 mysterium
991 625 1057 678 dem
1069 640 1105 677 ox
1113 623 1209 678 anima
1218 623 1350 679 rationali
1359 628 1387 678 et
1397 641 1528 696 corpore,
1540 624 1680 680 secundm

125 717 236 769 tentant
251 730 448 785 corrumpere,
465 719 494 769 et
515 731 621 786 purum
641 715 791 771 hominem
805 731 875 786 esse,
892 718 941 788 qui
991 721 1079 773 tatem
1095 717 1179 772 unius
1192 733 1257 773 cum
1271 719 1353 773 Patre
1367 720 1488 787 natum,
1504 718 1680 775 secundum}

123 811 275 862 «casanola
301 807 387 862 Maria
411 807 527 879 Virgine
555 811 637 863 natus
666 814 719 879 est,
747 809 942 882 imprudenter
990 815 1080 865 tatem
1091 812 1224 866 eumdem
1238 811 1322 866 unius
1336 816 1448 866 naturae
1469 811 1630 879 nobiscnm,
1643 827 1680 884 pe

125 901 281 974 divulgant,
294 901 451 957 beatissimi
470 902 613 972 quondam
633 903 728 975 Cyrilli
744 903 941 959 Alexandrinae
992 905 1115 959 similem
1130 905 1212 960 nobis
1226 904 1332 977 absque
1347 908 1478 976 peccato;
1494 911 1560 960 ante
1571 905 1678 960 saecula

125 997 254 1052 Ecclesim
274 996 428 1051 sacerdotis
449 995 599 1067 synodicas
621 997 753 1068 epistolas
765 1001 824 1052 tem
837 999 873 1053 ad
887 999 940 1053 Ne·
993 1015 1025 1052 ex
1041 1001 1123 1054 Patre
1145 1003 1246 1054 natum
1270 998 1428 1053 secundum
1441 998 1630 1068 divinitatem,
1642 999 1673 1053 in

124 1090 244 1145 sterium
258 1106 345 1162 quam
359 1090 395 1144 ad
409 1094 528 1144 ceteros
540 1106 590 1160 per
603 1091 749 1146 Orientem
761 1108 903 1163 congruas
914 1097 943 1146 ct
992 1092 1047 1147 mis
1069 1109 1135 1148 vero
1156 1092 1254 1148 diebus
1276 1092 1409 1147 eumdem
1432 1096 1551 1163 propter
1573 1108 1627 1146 nos
1640 1096 1671 1148 et

98 1230 102 1241 .
124 1183 393 1238 sibiconsentientes
401 1183 523 1255 suscepit
537 1183 574 1237 ad
587 1184 813 1240 confutationem
823 1185 939 1257 quidem
993 1184 1680 1253 nostramsalutemhominemlactum3huncunu

125 1277 299 1333 Nestorianae
312 1277 456 1342 amentiae,
472 1277 545 1332 etad
561 1277 828 1349 interpretationem
844 1295 942 1333 corum
994 1278 1117 1350 demque
1129 1279 1271 1334 Christum
1285 1277 1387 1333 Filium
1402 1278 1558 1332 Dominum
1570 1279 1680 1350 unigen

125 1370 175 1441 qui
193 1369 327 1442 religioso
349 1370 408 1424 zelo
431 1369 561 1425 salutaris
584 1371 705 1442 symboli
725 1371 845 1444 cupiunt
864 1372 944 1427 intel-
994 1372 1064 1427 duas
1076 1376 1201 1440 naturas,
1216 1372 1375 1439 inconfuse,
1387 1372 1617 1441 immutabiliter,
1631 1372 1680 1427 ind

124 1465 239 1518 lectum.
261 1462 368 1528 Quibus
389 1466 418 1519 et
443 1463 593 1536 epistolam
614 1465 702 1520 sancti
729 1482 762 1520 ac
787 1465 944 1521 beatissimi
994 1466 1197 1537 separabiliter,
1220 1465 1464 1536 cognoscendum,
1485 1465 1515 1519 in
1535 1467 1613 1520 nullo
1639 1482 1680 1521 na

126 1557 225 1627 primae
238 1556 312 1613 sedis
330 1555 535 1628 archiepiscopi
555 1557 655 1613 Leonis
678 1559 812 1630 scriptam
830 1559 867 1613 ad
882 1558 942 1613 Fla·
995 1558 1170 1615 differentias
1178 1563 1297 1631 propter
1306 1559 1446 1615 unitatem
1455 1559 1680 1631 perimendas,n

126 1651 240 1705 vianum
255 1654 360 1705 sanctae
372 1650 575 1706 recordationis
586 1651 844 1723 archiepiscopum,
853 1653 887 1707 ad
897 1670 944 1723 pe·
994 1659 1053 1708 tem
1065 1654 1141 1707 salva
1156 1653 1302 1725 utriusque
1325 1655 1435 1708 naturae
1459 1653 1634 1725 proprietate
1654 1655 1680 1707 el

126 1748 286 1804 timendam
301 1747 461 1819 Eutychetis
472 1748 693 1820 malignitatem,
709 1766 832 1822 quaeque
846 1750 944 1822 magni
954 1716 983 1789 B
995 1751 1115 1802 coeunte
1129 1762 1262 1817 persona,
1276 1763 1395 1818 unoque
1409 1750 1484 1801 statu
1498 1749 1680 1801 concurrent<

127 1840 200 1897 Petri
215 1841 389 1898 confessioni
404 1842 627 1898 concordantem
642 1859 825 1900 communem
842 1861 942 1917 quum·
995 1839 1105 1894 duabus
1120 1839 1249 1911 personis
1270 1840 1465 1911 partiendum,
1480 1840 1523 1894 vel
1547 1838 1680 1895 dividend

127 1936 192 1991 dam
204 1948 331 2006 pugnam
343 1935 543 1991 consistentem
560 1941 719 1992 contraeas
733 1938 781 2010 qui
798 1954 856 1993 non
870 1943 955 1995 recte
996 1950 1085 1988 unum
1097 1932 1577 2003 eumdemquefilinmunigenitum
1588 1933 1680 1987 neum

128 2029 335 2101 glorificantad
351 2028 598 2085 confirmationem
621 2031 767 2086 catholica.
788 2031 943 2103 religionis,
995 2027 1149 2083 nominum
1163 2029 1258 2082 lesum
1273 2027 1430 2096 Christum,
1449 2027 1521 2080 sicut
1543 2025 1577 2079 ah
1599 2041 1680 2081 error<

129 2123 275 2177 evidenter
287 2122 440 2192 subjunxit.
459 2123 530 2176 Nam
544 2139 591 2178 eos
605 2124 655 2193 qui
669 2125 698 2177 in
712 2125 785 2178 duos
798 2125 871 2180 illios
886 2125 943 2179 dis·
992 2116 1089 2190 ¹phelti!
1106 2117 1140 2172 de
1156 2133 1200 2183 ⁶⁰2
1214 2120 1243 2172 θῑ
1257 2116 1317 2187 59⁵0
1331 2132 1383 2170 11⁰³
1396 2115 1529 2185 ffildilib
1550 2121 1579 2170 et
1600 2115 1680 2172 ¹¹⁰¹)ss

130 2214 305 2286 pensationis
318 2215 471 2269 [lominica
491 2215 660 2286 mysterium
677 2217 805 2272 scindere
819 2219 944 2273 moliun-
996 2212 1167 2281 symb0lum-
1186 2210 1233 2264 His
1243 2209 1339 2281 itaque
1348 2225 1412 2263 cum
1423 2209 1501 2263 omni
1517 2209 1643 2280 undique
1655 2225 1680 2265 ⁸1

129 2312 177 2362 tur
192 2306 336 2375 exsecrati,
353 2311 382 2361 et
395 2307 504 2378 eosqui
519 2308 679 2379 passibilem
692 2309 867 2365 divinitatem
879 2311 945 2365 uni·
996 2312 1024 2361 et
1048 2304 1194 2376 diligentia
1223 2319 1241 2357 a
1268 2303 1348 2357 nobis
1373 2302 1521 2368 ordinatis,
1546 2302 1646 2357 statuit
1666 2319 1680 2357 s

131 2399 220 2470 geniti
236 2400 296 2455 Filii
312 2400 420 2455 audent
438 2416 565 2456 asserere
579 2402 614 2456 de
632 2401 753 2457 concilio
765 2403 946 2460 sacerdotum
997 2386 1161 2453 universalis
1183 2397 1306 2468 synodus
1325 2397 1411 2451 alium
1433 2396 1518 2450 fidem
1543 2396 1612 2450 nulli
1637 2396 1680 2451 liu

129 2494 251 2566 repellIt,
277 2498 306 2549 et
329 2494 370 2550 eis
394 2494 442 2565 qui
465 2495 493 2550 in
517 2494 625 2550 duabus
646 2496 755 2551 naturis
766 2497 869 2553 Christi
885 2515 946 2568 per·
996 2492 1081 2559 sileri,
1100 2496 1149 2545 aut
1170 2491 1303 2557 scribere,
1329 2497 1378 2544 aut
1402 2491 1514 2555 docere,
1537 2493 1587 2543 aul
1608 2488 1680 2545 dicet

128 2587 301 2655 mistionem,
315 2589 357 2645 vel
372 2588 567 2644 confusionem
581 2594 831 2661 argumentantur,
848 2592 943 2647 adver·
997 2586 1050 2650 Qui
1069 2590 1164 2640 aulem
1178 2584 1283 2639 student
1296 2600 1438 2655 exponere
1459 2583 1546 2637 aliam
1564 2582 1680 2651 fidem:

128 2686 216 2737 satur.
240 2685 274 2737 Et
295 2683 345 2753 qui
367 2683 510 2738 coelestem
530 2688 579 2738 eut
601 2683 716 2739 alterius
730 2685 868 2757 cujusque
884 2686 946 2740 suh·
996 2681 1146 2746 terreant
1164 2677 1358 2734 docerealiud
1379 2678 1549 2748 symbolum,
1571 2675 1680 2732 volenti

129 2775 262 2830 stantiam
277 2775 396 2831 existere
410 2778 533 2831 formum
555 2777 626 2831 servi
642 2793 730 2848 quam
752 2794 787 2833 ex
808 2778 888 2833 nohis
902 2796 945 2833 as·
995 2773 1067 2828 verti
1078 2773 1115 2827 ad
1130 2771 1278 2827 scientiam
1288 2771 1426 2838 veritatis,
1436 2788 1469 2825 cr
1481 2770 1645 2841 gentilibus,
1654 2786 1680 2825 er

129 2868 260 2939 sumpsit,
274 2869 441 2924 insaniendo
458 2873 599 2936 asserunt,
617 2872 715 2940 procul
730 2869 836 2942 abjicit.
852 2874 885 2928 Et
899 2888 946 2927 eos
996 2867 1040 2922 vel
1054 2867 1196 2921 haereticis
1206 2865 1431 2938 quibuscunque,
1451 2864 1473 2918 si
1493 2864 1610 2935 quidem
1626 2864 1680 2935 epis

131 2961 181 3032 qui
190 2961 260 3016 duas
269 2965 336 3016 ente
347 2954 551 3017 adunationem
559 2967 677 3019 naturas
688 2964 801 3019 Domini
811 2965 944 3035 delirant,
996 2960 1090 3016 clerici
1104 2959 1221 3027 inerint,
1232 2959 1341 3014 alienos
1354 2975 1414 3014 esse
1429 2959 1576 3030 episcopos
1586 2959 1622 3013 ab
1636 2958 1681 3030 epi

130 3070 220 3111 unam
231 3072 299 3110 vero
310 3059 374 3127 post
384 3056 590 3112 adunationem
601 3057 777 3128 confingunt,
786 3059 947 3114 anathema·
997 3060 1025 3110 et
1037 3056 1128 3109 cleros
1140 3071 1157 3107 a
1170 3054 1255 3108 clerc.
1278 3053 1305 3107 Si
1324 3069 1390 3106 vero
1407 3052 1540 3107 monachi
1554 3051 1599 3106 vel
1613 3051 1680 3107 laici

130 3147 204 3203 tizat.
232 3149 446 3205 consentientes
469 3151 572 3205 sanctis
597 3151 726 3206 Patribus
751 3168 842 3207 uuum
868 3169 946 3207 enm-
997 3150 1153 3204 anathema
1162 3146 1234 3201 fieri.

491 3458 688 3524 ChPlTULA
710 3458 884 3526 EJUSDEM
906 3443 1253 3523 CHALCEDONENSIS
1276 3451 1453 3519 CONClLll.

167 3641 191 3691 l.
212 3639 249 3692 lle
274 3637 428 3693 canonibus
452 3637 677 3710 uniuscujusque
697 3637 807 3695 concilii
828 3650 983 3724 censer-C
1034 3642 1074 3692 tn.
1090 3637 1171 3701 Quod
1188 3648 1369 3706 nequaquam
1383 3630 1493 3685 duobus
1507 3628 1680 3701 metropolite

130 3730 239 3786 vendis.
996 3731 1088 3786 vincia
1102 3729 1252 3785 dividatur.
1455 3793 1461 3799 ¹

165 3827 191 3878 2.
211 3824 292 3890 Quod
303 3841 359 3881 non
371 3826 606 3898 oportetctericos
617 3826 946 3900 autmonachospraedia
1032 3823 1096 3897 73
1111 3826 1152 3878 l3.
1168 3821 1252 3887 ernd
1263 3834 1319 3874 non
1330 3821 1461 3889 oporteat
1468 3820 1619 3872 extraneos
1627 3816 1680 3873 cler

130 3917 275 3974 secularia
289 3921 334 3973 vel
350 3936 448 3974 causas
462 3920 613 3992 suscipere.
997 3915 1235 3972 commendatitiis
1247 3912 1348 3968 litteris
1362 3909 1534 3965 ministrare.

166 4014 192 4067 3.
212 4013 294 4077 Quod
306 4029 364 4067 non
380 4016 508 4083 oporteat
528 4014 673 4085 episcopos
694 4018 744 4068 aut
758 4013 900 4085 ‹moslihot
912 4029 946 4066 cx
1036 4011 1076 4066 tt.
1090 4007 1171 4074 Quod
1187 4023 1245 4063 non
1258 4007 1341 4061 liceat
1356 4003 1459 4059 clerico
1468 4017 1588 4058 uxorem
1599 4004 1680 4057 secte

130 4106 206 4160 clero
218 4121 268 4176 per
282 4105 416 4175 pecunias
426 4106 571 4160 ordinare.
997 4103 1136 4175 accipere,
1157 4099 1211 4155 nisi
1235 4099 1307 4155 forte
1327 4097 1515 4178 spondeathsc
1542 4095 1578 4149 ad
1605 4110 1680 4150 verm

166 4192 192 4246 l.
213 4193 252 4246 De
266 4192 376 4247 honore
395 4194 543 4249 monachis
557 4200 749 4266 competente,
765 4199 793 4252 et
806 4200 839 4251 ut
853 4196 947 4251 nullus
996 4196 1102 4253 venire.
1472 4181 1497 4217 ⁸·

131 4299 230 4339 eorum
245 4287 334 4340 tentet
350 4286 539 4342 ecclesiastica
559 4292 610 4341 aut
627 4290 771 4344 secularia
786 4288 947 4360 inquietare
1034 4297 1075 4347 15.
1093 4292 1131 4345 lle
1144 4288 1309 4345 diaconissis
1321 4285 1500 4352 mulieribus,
1510 4283 1586 4356 quod
1598 4281 1681 4338 nonli

132 4378 255 4449 negotia,
272 4394 325 4434 nec
343 4379 469 4435 alienum
484 4396 596 4436 servum
622 4385 727 4453 preter
741 4381 945 4438 conscientiam
997 4383 1240 4459 qrradragenarias
1255 4381 1391 4437 ordinari.

132 4471 245 4528 Domini
256 4473 317 4545 ejus
327 4473 480 4546 suscipere.
1035 4484 1076 4535 ta.
1092 4481 1131 4535 lle
1146 4475 1295 4533 monachis
1308 4475 1350 4530 vel
1364 4472 1465 4546 puellis
1476 4474 1533 4527 lteo
1544 4469 1658 4541 dicatis,
1672 4486 1680 4525 r

166 4573 192 4623 5.
213 4567 295 4633 Quod
307 4585 365 4624 non
386 4569 472 4624 liceat
484 4569 618 4642 episcopo
633 4552 683 4626 aut
694 4570 810 4626 cuilibet
823 4586 855 4625 er
871 4571 946 4625 clem
997 4575 1082 4629 liccat
1095 4573 1135 4628 eis
1148 4571 1256 4641 nuptiis
1265 4569 1360 4641 jungi.
1616 4625 1618 4629 .

131 4659 165 4713 de
182 4660 235 4715 alie
250 4662 284 4717 ad
298 4662 382 4718 aliam
396 4663 517 4719 transire
531 4663 685 4720 civitatem.
864 4694 874 4713 ο
1035 4672 1077 4723 17.
1094 4668 1132 4721 lle
1145 4663 1272 4720 ccelesiis
1287 4663 1316 4718 in
1330 4660 1470 4734 parochiis
1483 4674 1536 4732 per
1548 4658 1680 4731 triginter

167 4757 192 4808 6.
212 4754 291 4818 Quod
309 4772 366 4811 non
382 4759 494 4828 oportet
513 4758 639 4814 absolute
653 4758 795 4830 quoslibet
809 4757 945 4814 ordinari.
997 4760 1128 4834 episeopo
1142 4756 1250 4814 habitis
1264 4757 1307 4811 vel
1320 4755 1463 4837 renovatis
1472 4753 1600 4809 urbibus.

167 4851 192 4901 Ἰ.
214 4848 251 4901 lle
273 4848 382 4904 clericis
401 4855 429 4905 et
450 4852 598 4908 monachis
612 4853 641 4908 in
658 4868 710 4908 suo
727 4853 872 4926 proposito
888 4868 946 4906 non
1035 4858 1076 4910 t8.
1094 4855 1133 4908 lle
1149 4849 1357 4920 conspiratione
1371 4840 1550 4917 clericorum,
1568 4845 1680 4918 quothr

131 4941 321 4996 innuentibus.
998 4952 1066 5006 irtus
1080 4949 1202 5004 dicunt.

166 5038 191 5089 8.
214 5035 252 5088 lle
268 5035 375 5090 clericis
394 5037 442 5109 qui
461 5040 569 5095 suntin
584 5036 741 5112 parochiis,
758 5022 986 5107 monasteriis,D
1035 5046 1077 5100 tlt.
1092 5038 1195 5108 Quod
1208 5036 1332 5104 oporteat
1340 5053 1389 5106 per
1400 5033 1679 5108 provinciasbisine

129 5131 214 5200 alque
246 5129 387 5199 martyriis
414 5146 477 5202 quie
502 5133 553 5187 sub
578 5131 727 5205 potestate
752 5131 945 5204 episcoporum
998 5135 1167 5192 cilialicri.

130 5220 347 5293 uniuscujusque
360 5222 480 5279 civitatis
494 5226 628 5282 existunt.
1034 5233 1077 5286 20.
1089 5233 1178 5297 Quo
1188 5223 1206 5277 d
1217 5218 1328 5273 minime
1342 5221 1439 5276 clericis
1446 5223 1473 5277 in
1482 5222 1563 5277 aliam
1572 5224 1680 5279 civitate

162 5318 189 5370 tt.
209 5314 289 5380 Quod
312 5332 368 5370 non
392 5321 518 5389 oporteat
539 5319 654 5376 clericis
683 5320 873 5389 praetermisso
893 5319 948 5391 epi·
999 5326 1126 5396 migrare.
1159 5310 1334 5376 'elocatum
1354 5313 1450 5384 eisqui
1471 5332 1518 5384 pro
1538 5315 1680 5387 persecuti:

126 5424 210 5480 scopo
223 5409 258 5464 ad
268 5409 413 5466 secularia
422 5410 528 5482 judicia
541 5427 728 5471 commeare.
999 5419 1074 5490 prins
1088 5403 1283 5474 anfiscrint
1296 5402 1417 5460 civitates.

162 5493 1680 5587 mmmwmmmfflmmwfflfflmmm

123 5592 294 5654 ministrare,
1001 5602 1097 5675 quales
1111 5597 1178 5664 ,ᾂ
1185 5586 1289 5647 elteant
1300 5582 1394 5682 suscipi
1407 5584 1435 5638 in
1446 5587 1642 5646 accusationem.

160 5691 200 5741 ll.
220 5691 298 5754 Quod
309 5709 364 5750 non
374 5699 497 5767 oporteat
507 5698 622 5772 egenis
640 5693 952 5770 epistolcmtribui,ho-
1036 5699 1081 5752 th.
1096 5680 1243 5755 0¹1⁰&
1253 5690 1307 5730 ”⁰¹¹
1317 5673 1501 5777 hfflatllll'ltli
1511 5684 1570 5750 ll⁰⁵l
1584 5687 1680 5739 morit!

121 5779 258 5838 nestiores
279 5791 372 5844 eutem
390 5791 661 5852 commendatitiis
675 5787 775 5847 titteris
788 5796 952 5869 approhare.
1004 5791 1080 5864 scopi
1100 5792 1217 5840 res
1227 5769 1260 5826 ad
1272 5780 1331 5820 eum
1341 5769 1501 5833 pertinentes
1509 5771 1638 5844 tillim·-
