3870 6150
201 238 267 294 tivo
297 209 302 214 ’
645 235 787 290 tirrano.
808 235 851 288 rut
871 235 950 289 sec.
972 233 1015 286 u.
1030 260 1064 272 -
1084 232 1205 287 isrooat
1226 230 1437 287 utuacaroats
1821 230 1873 282 vltis

199 348 296 402 stolica
310 345 376 400 sede
388 345 440 398 sihi
453 344 578 399 affirmat
590 359 651 398 esso
671 358 845 410 concessum,
861 342 939 414 quod
956 358 1017 396 non
1028 340 1235 426 Adireximus,
1253 356 1312 395 non
1326 339 1393 411 quia
1404 338 1491 409 digna
1513 340 1580 392 suut
1597 333 1776 408 paternitate
1787 338 1875 405 seha,

201 438 403 495 estimavimus
427 455 535 505 verum,
550 437 617 509 quia
639 436 771 508 synodus,
788 438 816 491 et
839 436 970 503 Ecclesia,
987 434 1018 489 in
1070 436 1117 492 sed
1130 452 1182 508 pro
1198 433 1302 490 iudicio
1317 431 1462 489 chantatis
1481 435 1510 486 et
1524 430 1701 486 obedientiae
1723 427 1877 495 deuotionis,

202 549 259 604 qua
280 537 364 587 natus
386 534 415 586 et
437 531 560 587 nutritus
586 532 637 598 fui,
653 530 683 585 id
709 533 761 598 est,
780 530 808 583 in
832 528 1020 584 transmarina
1069 530 1099 585 id
1114 533 1167 599 est,
1178 528 1326 584 vuillosam
1339 543 1437 593 unam,
1449 529 1478 580 et
1490 525 1605 599 argenti
1621 528 1649 578 et
1661 522 1877 579 amitantillum.

202 625 332 694 Saxonis,
345 624 544 696 Lugdunensis
557 624 680 696 synodus
694 625 723 678 in
738 623 838 695 primis
849 640 865 677 a
875 622 1019 694 discipulis
1070 627 1190 681 Dextera
1203 621 1315 679 Domini
1327 625 1505 694 protegente,
1521 620 1701 676 incolumem
1713 617 1813 684 valere,
1823 617 1878 672 etin

202 720 293 775 sancti
308 719 449 790 Gregorii,
463 719 492 773 id
514 722 552 773 est
568 718 738 790 Augustino,
756 717 917 784 Laurentio,
929 717 1018 785 lusto,
1069 718 1179 775 Christo
1193 716 1331 788 prolicere
1344 713 1549 771 beatitudiuem
1563 716 1696 769 vestram
1707 710 1879 782 inlougitud‘s

202 815 317 882 blilleto,
339 813 570 884 archiepiscopis,
588 813 740 867 constituto
756 818 784 865 et
805 810 936 866 ordinata
955 810 1018 877 fuit,
1069 829 1137 868 nem
1153 812 1265 867 dierum
1283 812 1423 882 optemus

203 909 288 963 talem
311 907 440 978 copulam
462 910 491 960 et
505 906 723 960 matrimonium
746 904 904 959 maximum
920 902 1018 971 scelus,
1107 909 1144 961 Te
1164 906 1236 960 Deus
1251 904 1387 960 altitonus
1408 905 1505 958 sancta
1523 904 1678 958 conservet
1693 901 1725 955 in
1745 900 1804 955 aede
1818 900 1880 955 sedis

203 1005 231 1056 et
253 1001 404 1067 incestum,
420 1005 447 1055 et
472 999 609 1055 horribile
634 998 784 1069 flagitium,
807 1001 836 1051 ot
860 996 1019 1052 damnabile
1072 999 1236 1072 apostolicas
1263 1004 1403 1054 rectorem
1424 997 1454 1050 in
1476 1000 1609 1068 tempora
1630 996 1734 1066 longa,
1760 994 1881 1049 mehillua

203 1094 347 1166 piaculum
360 1094 423 1148 fratri
434 1110 465 1149 er
480 1092 648 1147 auctoritato
662 1096 767 1146 sanctas
781 1091 936 1162 Scriptura
947 1090 1021 1162 judi-
1072 1099 1186 1165 gratum
1208 1093 1322 1166 populis
1343 1092 1472 1147 doctrina
1494 1106 1547 1162 per
1566 1089 1683 1159 orbem,
1708 1089 1881 1160 perficiatque

201 1189 316 1244 cabant.
346 1189 523 1260 Quapropter
555 1187 711 1258 paternitas
737 1189 830 1241 vestra
862 1184 1021 1256 hujusv'rei
1071 1189 1128 1244 Deo
1142 1188 1261 1258 dignum
1274 1186 1322 1259 pia
1341 1185 1432 1257 gratia
1451 1185 1565 1241 Christi.
1589 1182 1752 1255 Splendida
1769 1181 1882 1254 perficiat

202 1283 350 1338 veritatem
364 1282 444 1337 nobis
458 1281 584 1335 iudicare
598 1297 658 1336 uon
678 1280 860 1351 dedignetur,
876 1284 906 1334 ot
926 1277 1019 1334 Ecole·
1071 1284 1176 1338 florens
1204 1298 1255 1336 sua
1282 1280 1388 1353 gaudia
1411 1280 1507 1346 blater,
1536 1283 1624 1351 atque
1652 1277 1759 1334 domus
1784 1277 1881 1332 homiui

203 1377 251 1432 siae
266 1375 468 1442 sacerdotibus,
480 1376 521 1430 vel
536 1376 643 1448 populo
655 1374 816 1430 Christiano
828 1373 895 1427 indc
909 1373 1022 1427 scanda-
1072 1378 1185 1433 latetur
1197 1375 1280 1444 plebe
1298 1374 1429 1430 secunda.

204 1472 239 1537 la,
254 1470 298 1525 vel
318 1470 478 1537 schismata,
495 1469 539 1524 vel
555 1469 621 1523 novi
637 1484 748 1523 errores
770 1483 827 1521 non
853 1467 981 1521 oriantur
994 1471 1023 1522 et
1246 1469 1369 1540 Epistola
1387 1468 1525 1524 totone
1539 1469 1577 1522 od
1594 1469 1726 1524 Wittom.

203 1569 394 1619 concrescant.
412 1565 446 1617 Et
461 1564 526 1634 (quia
541 1562 670 1617 carnales
684 1561 827 1628 homiues,
839 1561 947 1626 idiotae,
961 1559 1022 1614 Ala·
1108 1563 1292 1619 Dilectissimo
1306 1562 1388 1617 nobis
1402 1562 1501 1617 Wrrrn
1516 1565 1624 1616 sanctie
1642 1561 1777 1617 Ecclesiae
1792 1561 1881 1615 limba-

203 1657 368 1726 mannire]
391 1656 562 1727 bauguarvi,
577 1656 622 1710 vel
643 1655 754 1724 Franci,
770 1655 793 1707 si
814 1654 894 1725 juxta
918 1654 1022 1707 Roma·
1073 1676 1150 1714 rana
1164 1661 1316 1713 zaomnms
1331 1673 1415 1728 papa.

204 1768 272 1807 nam
288 1751 388 1807 urbem
409 1750 514 1821 aliquid
527 1750 619 1804 facere
634 1748 766 1818 viderint,
780 1763 815 1803 ex
832 1748 875 1801 his
888 1725 1061 1817 peccatis,ss
1110 1753 1230 1808 nomino
1259 1756 1431 1823 cooperante
1457 1754 1485 1806 ot
1512 1766 1684 1805 sermonem
1712 1750 1883 1804 confirmante

203 1862 267 1918 quae
281 1862 334 1900 nos
348 1844 544 1917 prohibemus,
558 1843 666 1898 licitum
681 1847 709 1897 et
720 1857 885 1897 concessum
901 1857 917 1894 a
932 1856 1022 1895 sacer·
1076 1847 1170 1916 (liare,
1183 1862 1238 1914 rvr,
1248 1845 1293 1917 20)
1304 1846 1340 1900 ad
1350 1844 1524 1900 dilatandam
1534 1842 1760 1900 Christianitatis
1769 1844 1853 1914 legem
1861 1849 1883 1898 et

203 1938 316 1995 dotibus
343 1955 403 1993 esse
428 1940 543 2009 putant,
566 1941 595 1991 et
616 1937 685 1992 dum
711 1935 793 1990 nobis
816 1933 1023 2007 improperium
1073 1940 1239 1997 orthodoxia
1253 1939 1319 1996 fidoi
1333 1938 1486 2006 tramitem,
1497 1938 1533 1993 ad
1547 1936 1716 1993 docendum
1730 1938 1810 2009 jnrta
1821 1937 1881 2008 qnod

205 2033 355 2106 deputant,
369 2031 422 2086 sibi
438 2031 604 2087 scandalum
618 2031 683 2086 vitm
696 2030 849 2101 accipiunt,
862 2028 934 2082 sicut
943 2028 1023 2082 afhr·
1074 2034 1211 2107 prodient
1219 2036 1317 2088 sancta
1327 2034 1388 2087 haec
1396 2033 1532 2100 Romana,
1540 2031 1587 2086 oui
1598 2032 1662 2086 [leo
1674 2031 1880 2102 auctoreprasi·

47 2145 53 2153 “
150 2204 152 2210 ᾗ
204 2131 285 2183 mant
297 2143 327 2182 ὅθ
341 2125 441 2181 vidisse
466 2124 549 2178 {mnis
563 2124 683 2196 Singulis
705 2124 734 2178 i¹1
762 2125 889 2178 ROmassa
901 2121 982 2188 ¹1be
997 2123 1025 2176 θῑ
1075 2129 1184 2195 demus,
1195 2125 1542 2183 Ecclesiainnotuitnobis
1555 2125 1759 2181 sanctissimus
1771 2142 1801 2180 ac
1814 2142 1879 2179 rere·

202 2223 284 2293 juxta
310 2219 462 2275 Ecclesiam
491 2218 581 2272 sancti
607 2218 694 2283 Petri,
723 2217 751 2271 in
785 2216 829 2271 die
858 2215 900 2270 vel
931 2218 1024 2281 nocie,
1074 2219 1879 2292 rendissimnsfrateretcoepiscopusnoster,Bonifacius,

206 2314 321 2387 quando
344 2314 462 2368 Kalend.
477 2311 604 2368 ianuarii
624 2311 742 2380 intrant,
757 2325 936 2382 pagamrum
957 2325 1023 2362 0⁰11·
1075 2332 1204 2388 nupersc
1213 2314 1370 2370 decrevisse
1378 2312 1879 2384 etordinasseinGermaniaepartihus

206 2407 357 2465 suetudine
375 2407 477 2462 choros
501 2407 604 2462 ducere
623 2422 676 2478 per
698 2405 806 2476 plateas
830 2409 858 2458 et
881 2402 1023 2457 acclama·
1077 2409 1252 2482 episcopales
1264 2408 1356 2476 sedes,
1367 2409 1416 2464 ubi
1429 2409 1640 2480 preestvestra
1652 2407 1817 2474 dilectio,et
1827 2423 1879 2478 pro·

204 2503 298 2558 tiones
310 2502 367 2556 ritu
382 2501 543 2574 gentilium,
558 2505 586 2555 et
600 2498 774 2554 cantationes
788 2497 940 2568 sacrilegas
950 2496 1024 2551 ccle-
1076 2503 1198 2559 vinciam
1208 2504 1238 2558 in
1249 2507 1306 2559 tres
1316 2502 1443 2558 divisisse
1454 2501 1618 2573 parochias;
1633 2517 1694 2573 quo
1709 2501 1879 2573 cognitorum

206 2598 301 2666 brare,
311 2599 340 2651 ct
355 2613 471 2651 mensas
484 2595 534 2649 illa
547 2595 592 2649 die
606 2595 650 2648 vcl
663 2597 746 2648 nocte
762 2592 883 2663 dapibus
896 2606 1025 2659 onerare,
1076 2614 1184 2676 magua
1195 2597 1382 2653 exsultatione
1395 2595 1515 2651 estensis
1524 2594 1561 2649 ad
1571 2594 1670 2650 sidera
1679 2594 1881 2666 palmis,illumi·

207 2696 234 2747 ct
246 2692 357 2746 nullum
370 2691 406 2745 de
418 2691 504 2744 domo
514 2706 565 2744 sua
577 2689 686 2760 ignem,
698 2687 742 2741 vel
754 2684 1027 2753 ferramentum,ch
1078 2690 1436 2747 natorietdatoriomniom
1446 2690 1597 2756 bonorum,
1606 2687 1735 2744 Domino
1744 2688 1882 2744 DeoetSat

208 2784 316 2857 aliquid
330 2783 475 2839 commodi
490 2783 583 2838 vicino
608 2798 658 2835 suo
679 2784 814 2852 praestare
829 2779 912 2834 velle.
927 2778 1028 2833 Dicunt
1078 2785 1168 2841 vatori
1184 2789 1280 2840 nostro
1293 2786 1360 2840 lesu
1379 2783 1491 2840 Christo
1510 2783 1615 2854 gratias
1630 2783 1760 2854 egimus,
1771 2784 1818 2855 qui
1831 2783 1884 2836 facit

207 2894 320 2950 quoque
335 2895 364 2933 se
378 2877 480 2932 vidisse
504 2876 543 2930 ibi
566 2875 699 2929 mulieres
719 2889 830 2944 pagano
849 2871 906 2926 ritu
926 2870 1027 2944 phyla-
1078 2878 1452 2952 ntraqnoonornllipttesm,
1464 2876 1886 2948 ld),Flagitavitaotemanobis

208 2971 296 3025 cloria
309 2976 338 3026 ct
353 2971 499 3041 ligaturas,
511 2972 540 3023 et
552 2968 581 3022 iu
596 2966 729 3035 brachiis,
744 2969 773 3020 ct
784 2965 915 3020 cruribus
931 2964 1029 3036 ligatas
1079 2990 1131 3045 pro
1151 2973 1208 3029 ania
1232 2972 1344 3045 syllabis
1363 2972 1424 3045 jani
1449 2972 1540 3027 diotos
1562 2971 1765 3028 sanctissimos
1784 2973 1833 3039 vir,
1847 2987 1887 3044 prr

209 3065 367 3132 heberaei
389 3062 500 3136 publico
521 3061 558 3116 ad
572 3060 754 3116 vendendum
775 3059 887 3114 venales
902 3058 937 3113 ad
952 3074 1029 3113 com·
1080 3067 1262 3139 apostolloarn
1282 3066 1481 3122 anctoritatem
1499 3068 1606 3120 vostras
1625 3064 1795 3121 confirmari
1813 3065 1888 3122 sedas,

208 3158 369 3231 parandum
383 3156 445 3213 aliis
466 3155 578 3210 offerre.
602 3155 670 3218 Qum
694 3153 792 3209 omnia
809 3169 842 3208 oo
865 3151 942 3224 quod
966 3151 1032 3206 ibia
1080 3163 1133 3217 pro
1148 3177 1205 3234 qno
1220 3165 1250 3215 et
1268 3177 1320 3215 nos
1341 3159 1451 3216 ardenti
1467 3159 1572 3226 animo,
1587 3162 1616 3214 et
1638 3159 1739 3215 divino
1758 3161 1889 3232 iuvamina

209 3252 376 3317 earnuhbus,
392 3254 420 3304 et
439 3248 639 3320 insipientibus
661 3248 805 3314 videntur,
819 3245 901 3302 uobis
916 3245 962 3301 hic
975 3245 1030 3299 im·
1080 3272 1112 3310 oo
1126 3254 1293 3311 anctoritate
1305 3253 1381 3309 beati
1392 3253 1478 3323 Petri,
1489 3252 1691 3324 apostolorum
1702 3253 1890 3326 principiani

210 3345 375 3419 properium
395 3349 423 3399 et
446 3343 685 3415 impedimentum
709 3340 921 3414 predicationis
936 3340 1030 3396 etdo·
1081 3350 1147 3405 data
1172 3352 1248 3405 osta
1270 3348 1327 3403 ileo
1350 3351 1379 3403 et
1405 3347 1549 3403 salvatore
1574 3351 1678 3404 nostro
1704 3349 1773 3404 lesu
1796 3349 1891 3404 constr

209 3441 308 3496 ctrinae
318 3439 528 3513 perficiuntlie
536 3436 640 3492 talibus
648 3436 855 3508 aithpostolus,
865 3434 1030 3506 increpans:
1083 3443 1191 3515 ligandi
1212 3441 1397 3513 solvendique
1421 3444 1545 3513 potestas
1562 3441 1675 3512 (Morta.
1700 3459 1758 3513 rvr,
1781 3445 1822 3514 19)
1838 3458 1891 3514 pec·

211 3533 308 3609 289
324 3555 337 3584 a
353 3533 417 3588 Dies
432 3531 594 3596 observatis,
609 3536 637 3585 ot
651 3534 794 3600 tempora.
808 3529 905 3583 Timeo
917 3545 954 3583 ue
971 3527 1032 3582 sine
1084 3543 1144 3592 rota
1168 3537 1318 3592 hominnm
1343 3536 1372 3590 in
1396 3536 1464 3591 coelo
1486 3537 1515 3590 et
1538 3535 1568 3589 in
1593 3539 1686 3606 terra,
1702 3537 1893 3593 confirmanus

142 3675 145 3681 ,
211 3645 294 3683 causa
306 3627 495 3682 laboraverim
508 3626 538 3679 in
547 3624 627 3680 vobis
639 3625 721 3693 (Psoi.
733 3626 824 3691 1V,l0,
838 3624 914 3693 11).»
925 3623 958 3676 El
968 3638 1032 3677 san·
1084 3636 1170 3704 atque
1192 3631 1295 3686 solidas
1318 3633 1607 3702 permanerevestras
1631 3631 1811 3704 episcopales
1830 3632 1892 3687 sedes

212 3727 273 3776 ctus
289 3721 462 3793 Augustinus
475 3720 548 3774 dixit
560 3736 566 3773 ι
579 3720 649 3773 Nam
664 3718 713 3790 qui
733 3716 877 3788 praedictis
899 3716 991 3784 malis,
1004 3715 1034 3770 id
1085 3726 1237 3792 sontiates,
1257 3724 1470 3791 interdicentes,
1488 3723 1575 3795 ipsius
1598 3725 1745 3797 principis
1768 3726 1892 3798 apostolo·

213 3820 265 3883 cst,
276 3815 417 3882 carnis,et
431 3813 544 3880 divinis,
555 3818 583 3868 et
593 3811 832 3883 aruspicibus,vel
842 3810 1034 3882 phylacteriis,
1085 3836 1150 3875 roni
1172 3819 1338 3874 anotoritato
1354 3835 1370 3872 a
1384 3818 1519 3889 prasenti
1540 3817 1681 3873 omnibns
1699 3823 1730 3874 et
1750 3819 1781 3875 in
1800 3821 1894 3876 tntnras

213 3917 242 3966 ct
254 3910 316 3966 ahis
330 3908 505 3982 quibuslibet
525 3907 653 3979 auguriis
670 3905 833 3973 crediderit,
849 3905 901 3959 etsi
912 3904 1034 3976 jejunet,
1086 3912 1294 3986 generationes,
1313 3915 1344 3966 ut
1358 3911 1452 3966 nullus
1474 3911 1578 3967 audeat
1592 3915 1699 3968 contra
1713 3914 1845 3974 eamdem
1857 3929 1893 3967 ve·

215 4005 269 4061 otsi
298 4007 369 4074 oret,
397 4003 449 4058 etsi
474 4001 586 4074 jugiter
616 4000 653 4055 ad
690 3999 823 4055 ecclesias
857 4003 960 4068 currat,
985 3997 1036 4053 etsi
1087 4012 1175 4062 atram
1197 4006 1293 4062 venire
1316 4005 1613 4076 ordinationemque,
1635 4006 1782 4079 dignante
1803 4009 1895 4063 lteoex

214 4102 309 4171 largas
327 4098 519 4169 eleemffiyssafl
541 4096 638 4162 facistis
655 4096 706 4150 elsi
730 4093 928 4165 corpusculum
953 4108 1036 4147 suum
1086 4103 1183 4157 nostra
1195 4099 1384 4172 praeceptione
1394 4099 1424 4154 in
1435 4098 1513 4153 vobis
1525 4099 1601 4154 facta
1615 4103 1673 4169 est,
1684 4105 1714 4156 et
1727 4100 1784 4157 hoc
1796 4099 1896 4157 interdi-

216 4194 246 4247 in
271 4192 351 4248 omni
374 4190 527 4246 afflictione
554 4187 730 4255 cruciaverit,
757 4187 829 4242 nihil
852 4185 878 4240 ei
900 4186 1035 4256 proderit,
1087 4200 1193 4265 nantas,
1209 4194 1345 4249 ntnallns
1364 4193 1468 4248 audeat
1486 4192 1567 4264 juata
1583 4198 1756 4250 sanctornm
1772 4209 1895 4251 oanonnn

215 4284 342 4357 quandiu
353 4283 560 4356 sacrilegiailla
571 4299 628 4336 non
640 4281 798 4353 reliquerit.
809 4279 1037 4350 Nerusiistaspa-
1087 4288 1280 4358 traditionem,
1296 4303 1328 4344 er
1350 4286 1407 4342 alio
1429 4286 1593 4358 episcopatu
1618 4287 1734 4344 ibidem
1754 4288 1895 4354 transferri,

215 4378 317 4452 ganias
331 4377 491 4450 paternitas
504 4381 596 4432 vestra
619 4376 658 4430 ibi
672 4375 701 4429 in
714 4376 842 4430 Romana
858 4374 927 4429 urbe
940 4373 1035 4445 prohi-
1089 4384 1139 4436 aot
1152 4382 1286 4437 ordinare
1297 4380 1472 4452 episcopum,
1482 4384 1685 4451 postvestram
1697 4382 1736 4438 de
1749 4383 1803 4439 hoe
1811 4383 1896 4438 seculo

215 4473 319 4543 buerit,
336 4477 364 4528 et
378 4472 431 4527 sibi
447 4470 619 4540 mercedem,
635 4474 664 4524 et
675 4467 757 4523 nobis
770 4468 929 4523 marimum
944 4467 1074 4544 profe-1)
1086 4476 1291 4542 ovooationoni,
1309 4474 1363 4529 nisi
1376 4474 1399 4528 is
1412 4474 1461 4545 qni
1474 4463 1637 4545 apostolicas,
1664 4479 1775 4532 nosti-io
1797 4475 1897 4532 maisin

215 4573 292 4623 ctum
300 4568 330 4622 in
340 4566 468 4622 doctrina
479 4564 666 4620 ecclesiastica
676 4562 813 4635 perficiet.
821 4561 953 4633 Episcopi
968 4578 1038 4633 quo·
1087 4570 1142 4625 illis
1153 4568 1340 4640 potestatibus
1356 4567 1570 4640 praesentaverit
1582 4566 1689 4624 vicem.
1702 4569 1763 4626 Sed
1776 4587 1827 4626 nec
1839 4583 1899 4625 nnus

216 4680 271 4733 quc
289 4659 491 4733 etpresbyteri
516 4658 630 4730 generis
653 4659 838 4726 Francorum,
855 4655 905 4728 qui
922 4655 1039 4711 fuerunt
1088 4663 1203 4719 alterius
1228 4661 1377 4735 parochias
1399 4660 1547 4727 invadere,
1568 4664 1618 4715 aut
1640 4663 1784 4720 Ecclesiae
1805 4664 1899 4720 subtra·

217 4757 348 4825 adulteri,
372 4761 400 4811 et
422 4756 610 4811 fornicatores
634 4753 776 4821 acerrimi,
800 4767 872 4823 cruos
893 4751 924 4817 in
947 4751 1037 4822 gradu
1088 4758 1156 4812 liare
1175 4760 1341 4829 prasumat.
1357 4756 1440 4826 Nam,
1457 4755 1533 4826 quod
1559 4771 1615 4809 non
1639 4756 1834 4826 credimtrs‚si
1851 4755 1900 4828 qu'u

220 4851 409 4922 episcopatus,
424 4850 465 4904 vel
484 4848 654 4921 presbyterii
676 4846 893 4902 fornicationum
912 4842 965 4911 filii
977 4845 1038 4899 nati
1090 4851 1135 4905 illo
1150 4851 1236 4905 fuerit
1259 4849 1308 4921 qni
1330 4854 1431 4905 contra
1453 4849 1525 4904 hauc
1547 4852 1674 4904 vestram
1689 4853 1898 4923 praoopdonen

219 4948 355 5016 arguunt,
373 4943 551 4998 revenientes
563 4942 598 4997 ab
616 4941 769 5013 apostolica
782 4939 859 5009 sede,
875 4939 973 4995 dicunt
985 4938 1038 4993 sibi
1089 4945 1243 4999 temerario
1267 4960 1336 4998 ausu
1357 4943 1453 4998 venire
1473 4943 1638 5010 tentaverit,
1655 4944 1729 5000 sciat
1754 4962 1784 5001 se
1808 4952 1899 5000 aetcmo

220 5041 381 5094 Romanum
395 5038 559 5108 pontificem
573 5036 717 5092 licentiam
726 5034 836 5090 dedisse
847 5033 1038 5088 ministerium
1090 5038 1140 5093 Dci
1150 5038 1259 5110 judicio
1278 5036 1468 5092 anathematis
1481 5035 1593 5090 vinculo
1608 5052 1673 5092 esse
1687 5038 1864 5094 innodatum.
1875 5033 1897 5089 Si

219 5133 377 5205 episcopale
392 5131 421 5185 in
437 5131 559 5185 Ecclesia
578 5130 751 5186 ministrare.
767 5130 841 5193 Quos
856 5130 955 5183 contra
970 5142 1037 5180 con·
1089 5133 1152 5203 qais
1171 5147 1238 5186 vero
1260 5131 1414 5202 apostolica
1436 5131 1589 5186 servaverit
1611 5135 1776 5205 praecepta,
1793 5139 1822 5189 ot
1842 5147 1897 5186 nor·

218 5227 374 5294 tendimus,
384 5226 451 5298 quio
464 5225 651 5296 apostolicam
667 5224 762 5279 sedem
779 5238 961 5295 nequaquam
973 5236 1039 5275 con·
1088 5242 1167 5280 mam
1179 5227 1265 5280 rectae
1279 5231 1306 5280 et
1319 5224 1487 5280 onhodoxe
1500 5223 1567 5279 ndei
1585 5225 1677 5281 fuerit
1688 5231 1845 5293 assecutus,
1859 5225 1897 5279 bs·

219 5327 264 5376 tra
277 5322 389 5376 decreta
405 5335 548 5375 canonum
561 5318 720 5372 audivimus
732 5317 885 5388 judicasse.
900 5317 963 5370 Haec
977 5331 1037 5369 om·
1089 5318 1258 5374 nedictionis
1280 5319 1402 5390 gratiam
1423 5321 1627 5389 consequatur.
1644 5320 1685 5376 [ie
1697 5325 1815 5386 cataro,
1830 5316 1898 5391 peni·

222 5415 277 5482 nia,
292 5415 407 5470 domine
428 5412 603 5481 charissime,
616 5417 769 5484 propterca
782 5411 861 5465 vobis
881 5414 948 5464 nota
967 5408 1036 5463 faci·
1088 5417 1134 5467 tus
1148 5412 1275 5467 divinam
1291 5429 1427 5483 rogamus
1450 5411 1645 5481 clementiam,
1663 5419 1694 5469 ut
1715 5415 1865 5470 confirmet
1876 5414 1898 5463 st

222 5525 296 5579 suus,
314 5514 344 5564 ut
355 5514 455 5564 vestrae
471 5506 647 5563 auctoritatis
667 5522 836 5577 responsum
853 5504 955 5559 talibus
969 5502 1038 5558 dare
1088 5506 1254 5561 corroboret
1268 5506 1321 5559 hoe
1331 5505 1408 5576 quod
1423 5509 1557 5577 operatus
1569 5508 1613 5560 est
1626 5506 1772 5564 Dominus
1785 5507 1816 5563 in
1825 5503 1898 5560 roho.

221 5603 372 5672 possimus,
397 5605 428 5656 ut
454 5620 507 5676 per
529 5601 671 5657 carilefum
694 5604 794 5654 vestrm
817 5597 952 5653 doetrinae
973 5613 1039 5652 oves
1089 5601 1123 5654 Et
1136 5600 1259 5656 charitas
1274 5599 1336 5668 Dei,
1353 5599 1444 5671 gratia
1459 5604 1488 5654 et
1506 5615 1560 5670 pax
1577 5614 1647 5655 vera
1664 5600 1703 5656 sit
1724 5618 1792 5659 eum
1813 5598 1898 5672 spiritu

221 5695 350 5752 Ecclesiae
364 5713 422 5751 non
438 5696 622 5766 seducantur,
637 5694 684 5749 sed
699 5693 758 5764 lupi
771 5709 890 5762 rapaces
904 5690 1037 5747 commoti
1088 5696 1195 5748 vestro.
1212 5692 1387 5747 Sanctissimi
1402 5695 1431 5749 et
1448 5691 1623 5748 dilectissimi
1644 5693 1743 5763 nobis,
1756 5698 1815 5751 toto
1826 5706 1897 5747 cuna·

218 5796 245 5841 ot
260 5789 383 5861 superati
401 5794 527 5862 pereant.
548 5779 657 5845 interea
675 5786 843 5843 miluuscula
860 5802 945 5859 parva
960 5784 1037 5841 vobis
1089 5787 1167 5844 minc
1184 5787 1325 5843 elaborate
1339 5803 1391 5860 pro
1405 5786 1461 5844 nde
1479 5786 1595 5858 Christi,
1611 5794 1643 5844 et
1660 5787 1698 5845 ad
1720 5785 1897 5849 mm'nteriuur
