3870 6150
58 253 108 308 uo
693 243 928 306 nncaerscruu
947 246 1140 307 concerno.
1177 214 1182 227 '
1694 258 1745 313 reo

55 358 154 415 uenire
166 361 198 413 et
208 356 349 432 quidquid
363 355 477 414 noxium
491 358 535 412 est
545 356 712 413 auctoritate
721 357 876 430 apostolica
885 372 916 445 Α
925 361 1022 414 tamon
1035 358 1089 430 ipsi
1101 358 1181 430 digni
1191 363 1220 415 et
1232 359 1495 432 irreprehensibiles
1508 361 1702 433 apparuerint,
1714 368 1744 420 st

55 452 203 524 corrigere
216 456 244 508 et
256 452 419 508 emendare.
431 451 473 507 Ad
488 452 542 507 hoc
557 451 634 507 enim
649 451 751 506 divinus
764 451 877 524 dispen-
926 452 994 509 actis
1008 452 1160 508 docuerint
1171 453 1291 524 publicis
1303 455 1383 509 omni
1394 471 1424 510 se
1437 471 1532 511 carere
1544 455 1704 528 suspicione
1714 461 1744 513 et

56 547 177 603 sationis
193 546 317 618 provisio
332 547 436 619 gradus
451 550 480 602 et
498 546 621 603 diversos
636 545 784 603 constituit
798 546 877 602 ordi·
925 545 1086 616 inimicitia,
1102 552 1130 602 et
1147 546 1428 619 irreprehensibilem
1446 548 1532 606 fidem
1550 551 1742 606 conversatio-

55 658 106 696 nes
127 657 191 696 esse
213 640 369 708 distinctos,
392 645 424 696 ut
448 640 518 695 dum
542 640 732 696 reverentiam
752 639 878 695 minores
926 657 1050 714 nemque
1069 640 1183 697 ducere.
1199 641 1312 696 Nemini
1330 642 1406 697 enim
1422 643 1457 698 de
1472 659 1502 699 se
1516 643 1644 700 confesso
1663 644 1742 700 credi

56 733 218 805 potioribus
227 733 406 802 exhiberent,
416 737 444 789 et
453 733 577 805 potiores
586 733 744 789 minoribus
753 732 877 789 dilectio
925 738 1018 807 potest
1032 752 1117 807 super
1129 735 1239 791 crimen
1257 734 1393 804 alienum,
1409 737 1543 809 quoniam
1558 737 1650 793 omnis
1665 738 1741 810 ejus·

57 844 124 884 nem
134 827 876 899 impenderent,unaconcordiaetieretexdiversitnte
926 845 983 901 quc
1008 829 1051 884 rei
1073 829 1211 885 confessio
1233 828 1392 901 periculosa
1413 834 1473 900 cst,
1497 833 1526 885 et
1549 831 1660 886 admitti
1682 848 1742 888 non

57 921 249 992 contextio,et
257 925 332 978 recte
340 921 500 977 officiorum
508 920 878 994 generareturadministre-
926 922 1020 977 debet.
1033 922 1172 979 Similiter
1181 923 1268 978 alieni
1278 923 1382 979 erroris
1392 924 1499 979 socium
1511 925 1555 980 uel
1565 941 1582 980 a
1592 925 1636 979 sui
1644 924 1742 982 rolun·

57 1017 95 1070 tio
109 1016 304 1087 singulorum.
320 1015 416 1087 Neque
430 1014 509 1073 enim
519 1015 688 1071 universitas
700 1015 755 1069 alia
767 1019 878 1088 poterat
927 1016 997 1071 tarie
1017 1017 1154 1088 propositi
1176 1016 1290 1073 tramite
1312 1018 1504 1087 recedentem,
1521 1022 1571 1073 aut
1588 1017 1672 1074 sacris
1692 1035 1742 1091 pa·

56 1110 167 1165 ratione
178 1109 341 1177 subsistere,
352 1109 406 1164 nisi
416 1108 579 1181 hujusmodi
590 1125 714 1181 magnus
722 1125 788 1164 eam
799 1107 877 1166 diffe·
925 1113 1003 1165 trum
1014 1110 1121 1182 regulis
1131 1116 1159 1166 et
1171 1110 1421 1167 constitutionibus
1429 1111 1650 1179 inobedientem,
1658 1113 1742 1167 susci-

56 1204 157 1259 rentiae
180 1203 253 1259 ordo
276 1201 412 1258 servaret.
434 1202 508 1268 Quia
528 1219 595 1258 vero
617 1206 747 1258 creatura
767 1203 797 1259 in
817 1220 877 1259 uno
925 1221 993 1276 pere
1018 1221 1075 1259 non
1097 1221 1261 1277 possumus,
1281 1222 1335 1260 nec
1357 1206 1510 1275 debemus,
1534 1220 1585 1260 nec
1605 1205 1742 1277 impetere

57 1297 382 1370 eademqueaequalitate
389 1296 543 1369 gubernari
550 1296 695 1353 vclrirere
705 1314 762 1352 non
770 1300 874 1370 potest,
926 1303 1003 1354 recte
1017 1299 1164 1355 credentes
1177 1300 1221 1354 uel
1240 1306 1404 1356 sanctorum
1420 1302 1538 1355 Patrum
1553 1298 1743 1355 sanctionibus

58 1391 218 1447 coelestium
235 1389 402 1446 militiarum
422 1390 567 1462 exemplar
588 1407 642 1447 nos
663 1390 788 1459 instruit,
808 1392 877 1463 quie
926 1392 1155 1465 obtemperantes
1174 1395 1383 1465 permittimus,
1408 1394 1476 1465 quia
1497 1393 1617 1448 infames
1640 1408 1742 1449 omues

57 1486 124 1539 dum
144 1483 206 1540 sint
226 1484 332 1557 angeli,
354 1485 411 1540 sint
434 1484 601 1556 archangeli
621 1484 712 1557 liquet
731 1485 796 1557 quia
819 1502 877 1541 non
927 1503 987 1541 csse
1000 1503 1160 1558 censemus,
1176 1487 1225 1559 qui
1240 1504 1323 1543 suam
1340 1491 1390 1544 eut
1401 1487 1590 1543 Christianam
1606 1487 1741 1558 praevari-

58 1578 182 1650 equales
199 1581 275 1646 sunt,
291 1578 340 1633 sed
355 1577 386 1633 in
401 1581 542 1650 potestate
555 1584 584 1634 et
597 1578 697 1634 ordine
712 1580 785 1634 sicut
802 1578 877 1634 nosti
926 1585 1025 1635 centur
1033 1581 1389 1653 legem,autepostolicam
1397 1582 1441 1638 vel
1450 1582 1609 1653 regularem
1618 1580 1743 1637 libenter

58 1672 151 1728 differt
162 1673 238 1728 alter
247 1673 282 1729 ab
295 1673 396 1729 altem.
406 1673 434 1730 Si
447 1691 515 1746 ergo
528 1677 664 1732 intereos
677 1673 726 1746 qui
740 1673 802 1729 sine
812 1689 877 1745 pec-
925 1678 1101 1746 postponunt
1113 1675 1323 1732 auctoritatem.
1338 1677 1402 1731 Hoec
1416 1676 1521 1747 itaque,
1535 1675 1622 1730 irater
1637 1676 1743 1732 charis·

57 1771 117 1821 cato
131 1771 203 1822 sunt
215 1766 270 1822 ista
282 1769 394 1823 constat
408 1784 468 1824 esse
484 1768 637 1838 distinctio,
648 1767 712 1840 quis
725 1766 875 1822 bominum
885 1752 913 1826 Β
925 1767 1005 1835 sime,
1015 1784 1080 1840 qnae
1089 1785 1141 1840 pro
1152 1767 1254 1825 affectu
1262 1769 1443 1825 sacerdotalis
1453 1769 1577 1824 nominis
1587 1772 1616 1823 et
1622 1769 1742 1825 honoris

56 1861 161 1915 abnuat
170 1859 411 1917 buicselibenter
420 1860 599 1934 dispositioni
611 1859 875 1917 submitteretllinc
924 1861 1131 1933 impendimus,
1156 1863 1208 1918 tihi
1227 1863 1340 1935 tuisque
1359 1861 1478 1920 subditis
1497 1867 1526 1918 et
1549 1862 1682 1918 omnibus
1695 1869 1740 1919 te·

56 1952 162 2009 etenim
175 1969 234 2025 pax
245 1957 275 2010 et
283 1953 407 2010 charitas
416 1955 625 2012 mntnasericc
635 1954 873 2025 complectuntur,
924 1954 1021 2010 nenda
1043 1958 1073 2010 et
1091 1955 1152 2011 aliis
1170 1955 1331 2012 nuntianda
1354 1960 1439 2028 atque
1459 1955 1639 2029 praedicanda
1657 1972 1741 2012 man·

55 2051 84 2103 et
101 2051 202 2103 manet
216 2047 304 2103 firma
316 2048 475 2105 concordie
490 2049 518 2105 in
536 2050 647 2107 alterna
661 2051 690 2104 et
701 2049 758 2104 Deo
773 2047 876 2119 placita
925 2048 1040 2117 damus,
1063 2050 1167 2121 quibus
1191 2053 1220 2106 et
1241 2049 1331 2121 pietas
1352 2049 1389 2104 ad
1412 2049 1581 2117 utilitatem,
1601 2054 1630 2105 et
1650 2049 1688 2104 sit
1703 2050 1742 2105 ad

56 2141 210 2198 dilectione
218 2141 375 2199 sinceritas.
387 2142 459 2208 Quia
470 2142 560 2215 igitur
569 2141 798 2215 unumquodque
807 2146 876 2197 tunc
923 2142 1050 2199 fructum
1066 2143 1191 2200 dilectio.
1207 2144 1286 2199 Unde
1302 2143 1493 2216 objurgando,
1508 2141 1660 2211 hortando,
1675 2159 1740 2199 sua-

55 2235 207 2292 salnbriter
225 2237 383 2308 completur
399 2235 536 2309 officium,
558 2253 624 2292 cum
642 2236 730 2292 tuerit
749 2251 823 2291 unus
839 2235 876 2290 ad
926 2237 1222 2308 dend0,blandiend0,
1230 2237 1413 2306 consolando,
1424 2236 1558 2310 prodesse
1567 2237 1669 2310 quibus
1679 2253 1743 2309 pos·

56 2346 140 2402 quem
153 2330 249 2402 possit
260 2345 408 2386 recurrere
421 2331 601 2404 prepositus.
615 2331 655 2389 De
669 2329 794 2386 ecclesiis
807 2345 875 2401 ergo
925 2348 1024 2387 sumus
1039 2331 1219 2389 festinemus.
1237 2331 1347 2404 tingue
1365 2334 1462 2388 nostra
1481 2330 1565 2387 bonis
1581 2332 1743 2388 fomentum

56 2423 238 2496 parochianis
255 2424 332 2480 unde
352 2423 536 2497 apostolicam
554 2425 649 2481 sedem
664 2424 810 2480 consulere
825 2438 873 2477 vo·
925 2425 970 2496 sit,
982 2426 1077 2499 pravis
1087 2429 1213 2482 aculeus.
1224 2426 1359 2482 Tumidos
1368 2425 1514 2494 retundat,
1524 2425 1610 2481 iratos
1618 2425 1741 2498 mitiget,

56 2516 142 2586 luisti,
163 2517 291 2590 qualiter
308 2517 366 2573 sint
383 2517 574 2575 custodiendae
593 2535 645 2591 per
662 2517 876 2574 cordubensem
924 2519 1022 2593 pigros
1039 2524 1165 2591 exacuet,
1186 2520 1298 2577 desides
1316 2520 1457 2576 hortando
1478 2519 1641 2591 succendet,
1662 2519 1742 2575 rein-

57 2612 237 2683 prorinciam
260 2628 293 2668 ac
314 2611 473 2669 dividendae
496 2613 699 2682 sacerdotibus,
724 2610 795 2668 nihil
818 2615 876 2667 tue
926 2614 1069 2684 gientibus
1092 2615 1227 2683 suadeat,
1247 2613 1353 2686 asperis
1374 2613 1556 2682 blandiatur,
1579 2613 1742 2686 desperatos

58 2705 189 2761 charitati
208 2706 312 2761 melius
335 2706 416 2762 nobis
437 2706 551 2763 videtur
571 2706 714 2774 intimare,
736 2721 824 2778 quam
844 2708 877 2760 ut
925 2707 1096 2778 consoletur,
1112 2712 1143 2764 nt
1164 2708 1230 2780 qtria
1246 2707 1376 2764 doctores
1394 2706 1527 2778 dicimur,
1547 2706 1623 2762 riam
1641 2706 1743 2763 salutis

58 2799 183 2873 sequaris
196 2799 276 2873 quod
287 2816 340 2857 nos
352 2799 383 2855 in
398 2801 525 2857 Romana
538 2800 662 2856 Ecclesia
675 2815 767 2872 nuper
782 2798 875 2871 egisse
926 2800 1123 2874 gradientibus
1136 2802 1327 2858 ostendamus.
1338 2801 1433 2858 Simus
1444 2801 1474 2857 in
1485 2799 1614 2857 custodia
1625 2800 1743 2873 vigilan·

58 2894 248 2967 oognoscitnr.
259 2893 396 2951 Ecclesiae
406 2911 474 2952 vero
487 2894 612 2967 singulas
624 2893 744 2967 singulis
755 2892 875 2966 presby·
925 2900 977 2967 tes,
988 2896 1098 2952 aditum
1108 2901 1205 2952 contra
1215 2895 1303 2952 bostis
1313 2895 1429 2951 insidias
1442 2894 1554 2951 solliciti
1567 2894 1741 2951 muniamus.

58 2988 119 3043 teris
132 2987 282 3056 dedimus,
295 2986 442 3061 parochias
454 2993 483 3044 et
496 2987 659 3045 coemeteria
668 2985 708 3043 eis
718 2985 875 3058 divisimus,
925 2990 960 3045 Et
971 2989 994 3045 si
1008 2991 1124 3062 quando
1137 2990 1280 3063 perditam
1294 3005 1376 3046 ovem
1388 2990 1424 3046 de
1435 2989 1593 3045 commissis
1607 2989 1743 3061 gregibus

58 3083 101 3137 aed
123 3082 286 3154 unicnique
300 3081 349 3154 jus
370 3082 519 3155 proprium
537 3082 641 3138 habere
655 3079 816 3151 statuimus,
836 3079 876 3135 ite
884 3125 913 3201 c
925 3099 1007 3140 error
1019 3083 1180 3154 abduxerit,
1197 3086 1256 3140 toto
1275 3084 1353 3140 illam
1372 3083 1474 3139 annisu
1489 3083 1526 3139 ad
1542 3082 1638 3139 caulas
1651 3082 1742 3138 domi·

58 3175 190 3231 udehoet
211 3181 245 3231 ut
261 3175 356 3231 nullus
376 3176 491 3232 alterins
511 3175 651 3249 parochias
670 3175 807 3231 terminos
826 3177 876 3229 aut
925 3177 1002 3233 nioas
1017 3194 1151 3235 rovocare
1166 3177 1383 3247 contendamus,
1396 3180 1430 3232 ut
1442 3177 1478 3234 de
1493 3175 1613 3250 pastoris
1625 3175 1744 3233 nomine

56 3268 96 3341 jin
106 3269 241 3337 invadat,
254 3269 305 3326 sed
317 3271 515 3344 unusquisque
527 3269 586 3326 suis
602 3267 735 3326 terminis
751 3269 788 3324 sit
804 3285 873 3323 con·
924 3271 1001 3345 quod
1013 3271 1163 3342 hebemus,
1174 3288 1233 3328 non
1249 3271 1421 3345 supplicium
1437 3271 1488 3326 sed
1504 3271 1656 3343 praemium
1672 3269 1738 3343 44

57 3366 158 3432 tentus,
175 3368 205 3419 et
218 3363 313 3420 taliter
332 3363 479 3420 ecclesiam
498 3366 527 3419 et
544 3362 658 3436 plebem
672 3361 724 3417 sibi
739 3362 874 3419 commis·
924 3381 1141 3439 consequamur.
1149 3366 1219 3435 Quia
1227 3382 1294 3439 crgo
1302 3366 1332 3420 in
1340 3363 1633 3421 bisomnibusdirinae
1643 3362 1743 3435 gratias

58 3474 113 3513 sam
138 3456 295 3528 custodiat,
317 3461 434 3514 utente
453 3456 579 3513 tribunal
600 3456 702 3513 oetemi
715 3455 821 3529 judicis
840 3472 875 3512 ex
924 3459 1100 3531 adjutorium
1114 3476 1184 3533 opus
1199 3465 1251 3528 est,
1268 3458 1473 3532 omnipotentis
1485 3457 1534 3513 liei
1547 3456 1667 3512 assiduis
1679 3472 1744 3529 pre·

57 3552 189 3608 omnibus
202 3551 258 3607 sibi
269 3551 427 3607 commissis
439 3551 579 3608 rationem
594 3550 695 3607 reddat
709 3555 738 3607 et
757 3565 814 3606 non
824 3550 873 3622 ju·
924 3553 1003 3609 cibus
1018 3553 1203 3609 clementiam
1213 3549 1372 3623 exoremus,
1381 3555 1521 3626 quatenus
1534 3551 1571 3607 ad
1584 3551 1646 3607 baec
1660 3549 1743 3606 nobis

59 3646 171 3717 diciurrn
187 3645 241 3701 sed
258 3646 380 3718 gloriam
393 3662 446 3718 pro
461 3646 519 3701 suis
531 3645 641 3701 actibus
654 3643 784 3717 accipiat.
798 3644 875 3699 Hanc
925 3645 1071 3719 operanda
1083 3649 1113 3702 et
1124 3647 1195 3702 velle
1207 3646 1317 3702 tribuat
1328 3651 1357 3702 et
1366 3662 1449 3718 posse
1458 3647 1607 3713 concedat,
1617 3647 1703 3718 atque
1711 3642 1742 3700 in

59 3756 170 3814 quoqne
182 3755 329 3809 normam,
342 3739 517 3809 charissime,
530 3745 559 3796 te
571 3743 600 3796 et
616 3754 717 3795 omnes
730 3738 876 3810 episcopos
925 3755 958 3794 ee
977 3756 1031 3795 nos
1044 3739 1089 3794 ria
1110 3756 1175 3796 cum
1188 3739 1283 3795 fructu
1300 3739 1369 3795 boni
1388 3738 1481 3811 operis
1496 3755 1582 3812 (Ῑιιιιιιι
1600 3754 1631 3793 se
1645 3741 1743 3809 pastor

60 3836 133 3907 sequi
146 3833 295 3903 convenit,
309 3839 337 3890 et
348 3834 424 3908 quod
436 3834 489 3890 tibi
503 3833 645 3904 scribitur,
659 3832 792 3888 omnibus
809 3830 874 3904 qui-
925 3836 1073 3908 pastorum
1087 3848 1148 3888 esse
1161 3836 1282 3890 testatus
1294 3836 1337 3888 est
1349 3832 1465 3904 dirigat,
1482 3837 1513 3888 ut
1526 3832 1586 3887 sine
1599 3847 1656 3904 quo
1668 3830 1741 3886 nihil

60 3926 226 4001 buscnnque
239 3926 369 4000 potueris
381 3931 483 3984 notum
500 3926 594 3996 lacius,
609 3928 644 3982 ut
661 3941 721 3983 non
737 3924 874 3998 specialis,
925 3944 1011 4001 agere
1020 3944 1180 4001 possumus,
1188 3927 1343 4000 peripsum
1352 3927 1472 3998 implere
1481 3925 1578 3983 omnia
1587 3925 1741 3982 valeamus.

62 4023 102 4078 sed
116 4021 263 4095 generalis
275 4022 326 4077 liat
338 4020 392 4077 ista
406 4021 569 4094 praeceptio.
584 4020 712 4078 Crimina
725 4036 792 4076 vero
812 4034 876 4093 quae
924 4024 995 4078 bata
1009 4038 1025 4076 v
1041 4022 1106 4078 idus
1123 4021 1306 4096 Septembris,
1323 4020 1440 4078 Claudio
1457 4023 1487 4076 et
1504 4021 1627 4077 Petemo
1645 4019 1679 4074 111
1698 4034 1741 4076 cc.

64 4117 198 4189 episeopis
215 4115 377 4189 impingere
395 4114 474 4185 dicis,
494 4132 546 4188 per
563 4115 632 4171 ulios
649 4125 707 4170 non
727 4113 803 4168 sinas
817 4113 877 4168 ullo
925 4117 1034 4173 consul.

64 4211 142 4267 nodo
154 4210 222 4267 lieri
236 4210 294 4267 nisi
311 4226 364 4284 per
378 4208 453 4283 ipsos
465 4209 515 4283 qui
530 4208 649 4265 crimina
668 4207 829 4264 intendunt.
847 4204 877 4262 Si

333 4593 647 4696 INCIPIUNT
685 4592 967 4694 DECRETA
1004 4593 1237 4693 FELICIS
1280 4592 1468 4692 PAPAE.

711 4774 802 4843 (Anno
818 4771 932 4829 Domini
949 4772 1091 4844 aue-274.)

98 5056 270 5114 Charissimo
282 5061 368 5131 atque
381 5059 563 5116 dilectissimo
573 5060 699 5118 Peraeae
709 5059 877 5132 coepiscopo
886 5071 917 5147 Ι)
927 5061 1116 5132 Quoscanque
1129 5054 1207 5115 enim
1220 5058 1295 5130 rapit
1309 5058 1345 5115 ad
1361 5076 1401 5129 se,
1416 5074 1473 5115 non
1487 5056 1578 5116 solum
1592 5055 1622 5118 in
1637 5056 1691 5119 hoc
1705 5056 1744 5118 vi-

71 5147 141 5208 tm
152 5151 306 5225 episcopus
320 5152 350 5209 in
364 5153 486 5210 Domino
499 5154 630 5210 salutem.
928 5154 1015 5223 tium,
1035 5153 1085 5210 sed
1103 5152 1133 5208 in
1154 5153 1245 5209 multa
1263 5153 1318 5208 alia
1338 5152 1407 5210 vitia
1424 5170 1507 5210 ruere
1525 5155 1608 5224 facit,
1633 5159 1661 5211 ct
1681 5157 1744 5229 ipso

96 5245 225 5302 Gaudere
238 5263 285 5303 me
297 5248 453 5320 plurimum
466 5252 494 5304 et
507 5248 687 5304 exsultarein
701 5247 877 5304 Dominodi·
928 5248 1063 5304 suadente
1088 5246 1206 5320 antiquo
1230 5247 1311 5303 hoste
1339 5261 1398 5303 non
1425 5248 1519 5327 solum
1548 5252 1743 5322 persecutores

68 5335 189 5396 lectionis
214 5343 273 5397 tuce
302 5340 407 5415 scripta
432 5343 576 5410 iecerunt,
601 5342 705 5414 quibus
732 5342 879 5399 evidenter
927 5341 1070 5409 Ecclesiae,
1084 5340 1134 5397 sed
1148 5339 1234 5396 etiam
1247 5341 1425 5398 sacerdotum
1440 5343 1501 5414 ejus
1515 5343 1597 5399 fiunt.
1613 5343 1672 5399 Una
1685 5340 1742 5413 igi·

68 5435 222 5490 ostenditur
243 5441 384 5508 quantum
408 5435 577 5493 catholicam
605 5435 700 5508 diligis
719 5435 824 5507 tidem,
850 5441 879 5492 et
927 5441 975 5492 tur
991 5439 1085 5492 mente
1105 5433 1249 5508 corrigere
1268 5451 1400 5492 curemus
1417 5439 1446 5492 et
1464 5436 1649 5509 insequamur
1661 5433 1742 5507 tales,

66 5533 202 5598 qnantum
228 5528 395 5586 hereticum
419 5529 567 5586 detestaris
592 5547 729 5587 errorem.
758 5529 879 5586 iloerssis
928 5533 959 5584 et
971 5529 1009 5584 ab
1020 5529 1101 5584 hoste
1117 5545 1167 5585 suo
1186 5528 1349 5598 Ecclesiam,
1363 5529 1481 5602 ejusque
1495 5527 1593 5584 fideles
1605 5531 1634 5584 et
1650 5544 1742 5584 sacer-

63 5623 166 5696 quippe
184 5627 229 5679 est
246 5623 333 5679 nimis
348 5624 437 5697 impia
452 5624 670 5697 etEvangelicae
685 5623 811 5680 veritatis
828 5623 880 5679 ini·
928 5622 1009 5679 dotes
1034 5622 1147 5680 Domini
1179 5623 1306 5679 nitamur
1333 5622 1462 5678 liberare.
1494 5620 1639 5677 Praestabit
1668 5620 1743 5679 vires

63 5717 144 5786 mica,
160 5734 227 5791 quoe
239 5733 298 5774 non
312 5719 476 5791 portionem
488 5719 612 5793 aliquam
626 5719 740 5788 laedere,
755 5719 803 5776 sed
818 5717 880 5790 ipsa
928 5718 1111 5790 omnipotens
1132 5716 1299 5788 redemptor
1320 5720 1417 5771 noster
1437 5713 1568 5770 charitati
1589 5718 1677 5789 etque
1697 5716 1744 5788 iu-

63 5808 231 5870 Cbristiane
239 5812 385 5887 religionis
393 5814 705 5872 conatnrlundementa
710 5813 876 5872 convellere.
928 5810 1022 5871 stitiu.
1038 5811 1190 5872 Prestabit
1206 5810 1292 5871 nobis
1305 5811 1397 5889 longe
1413 5827 1435 5869 a
1450 5826 1485 5869 se
1500 5809 1781 5893 puixhsudxtam
