3870 6150
46 267 53 275 ,
121 215 178 269 555
575 214 717 270 ternuc.
738 215 882 272 lansec.
902 217 947 272 tx.
958 239 993 257 ·-·
1012 215 1134 272 tstltottt
1151 186 1367 271 MdRCATORlS
1765 219 1821 281 ³50

127 321 204 378 aliud
231 323 284 391 est,
309 338 397 393 quam
426 322 609 378 «vinculum
633 323 775 380 societatis
801 323 905 380 Christi
927 331 1022 410 »Aet
1036 325 1178 380 facturum
1195 339 1257 379 esse
1270 323 1416 394 prctltecr.
1434 324 1507 379 ltem
1523 340 1556 379 ex
1577 323 1702 379 coneilio
1722 325 1812 386 Sardi.

128 415 153 487 ll
174 419 252 472 Joan.
279 433 298 485 1,
321 415 347 487 3)
374 416 555 487 abrumpere,
580 421 608 472 et
633 422 775 490 usurpata
803 435 942 490 prasum-
993 418 1071 474 censi
1085 417 1222 472 ubiiuter
1239 421 1340 472 cetera
1355 416 1522 489 precipitur
1538 433 1546 474 ι
1561 417 1693 473 Licentia
1709 419 1807 490 passim

129 509 235 580 ptionis
247 509 361 564 lieentia
380 513 487 565 statum
508 512 639 566 Ecclesiae
659 511 820 583 dissipare?
842 514 942 568 Prose-
994 513 1157 568 (laudunen
1173 514 1224 567 est.
1239 510 1268 565 Si
1280 509 1359 565 enim
1373 510 1467 566 subito
1480 517 1530 567 aut
1543 511 1623 567 ricus
1638 510 1752 584 aliquis,
1768 522 1803 573 aut

127 605 232 674 quente
254 602 343 675 igitur
365 605 529 673 venerabili,
546 608 574 660 et
597 605 773 661 sanctissimo
796 606 866 674 viro,
884 607 942 661 fra·
994 607 1104 661 modica
1119 605 1225 673 civitas,
1236 604 1280 658 cui
1295 603 1361 658 satis
1376 609 1419 658 est
1433 620 1508 659 unus
1521 605 1802 677 preshyter,voluetil

126 701 169 751 tre
185 699 281 752 nostro
298 697 450 769 Stephano,
463 698 644 754 Emeritensis
653 698 729 754 sedis
741 699 885 772 episeopo,
899 716 944 756 res
993 700 1046 756 sibi
1060 700 1226 772 episcopum
1243 697 1369 754 ordinari
1388 698 1424 753 ad
1438 698 1493 754 hoc
1515 703 1549 754 ut
1568 700 1684 755 vilescat
1709 716 1800 759 nomen

126 789 209 845 nobis
227 791 346 846 novellae
361 792 592 863 presumptionis
614 792 798 865 usurpatione
819 810 879 850 sese
898 796 942 849 in·
994 792 1322 866 episcopietauctoritas,
1330 808 1388 847 non
1400 791 1553 848 debentilli
1562 793 1662 848 exalia
1670 795 1800 865 provincia

126 885 192 939 tulit
212 885 422 958 pertractanda,
444 889 523 941 tanto
547 888 694 943 communi
717 892 815 944 nostro
834 889 944 960 judicio
994 886 1390 958 iuvitatifacereepiscopum
1408 885 1558 957 inquibus
1577 892 1664 942 antea
1678 903 1736 943 nou
1751 888 1799 945 luit.

126 979 319 1048 convellenda,
348 984 454 1051 quanto
486 982 515 1035 et
540 980 688 1052 pravitatis
719 999 790 1037 ausu
819 982 945 1038 noscitur
996 984 1064 1037 llem
1075 983 1110 1037 de
1120 980 1261 1036 sententia
1275 996 1374 1035 eorum
1385 980 1435 1051 qui
1445 980 1611 1051 hujusmodi
1620 981 1801 1039 ordinationes

126 1077 297 1145 perpetrata.
322 1072 397 1129 Dixit
411 1073 490 1128 enim
507 1074 642 1130 violentia
666 1076 816 1147 principali
838 1093 868 1131 se
890 1075 943 1131 irn-
995 1077 1112 1145 iaciunt,
1120 1076 1163 1131 vel
1173 1075 1208 1130 de
1221 1074 1266 1129 his
1281 1073 1330 1145 qui
1343 1077 1442 1129 contra
1454 1075 1515 1129 hec
1530 1074 1665 1131 instituta
1673 1092 1801 1133 canonum

126 1167 241 1238 pulsum
258 1166 344 1222 luisse
359 1170 390 1222 ut
403 1167 432 1222 iu
453 1168 626 1224 monasterio
648 1169 762 1239 villulae,
778 1170 808 1224 iu
823 1185 879 1242 quo
894 1187 943 1224 ve·
994 1167 1803 1237 ordinantur,exconcilielauritan0,tituloubidicit:Gee

128 1261 252 1316 nerabile
289 1278 393 1333 corpus
423 1262 594 1317 sanctissimi
631 1264 739 1318 Piuevii
776 1248 944 1319 confessoris
995 1267 1090 1319 terrim
1104 1279 1218 1334 quoque
1232 1261 1336 1316 scriem
1351 1261 1489 1317 conscribi
1501 1263 1654 1334 placuitad
1669 1270 1803 1335 perpetem

127 1356 224 1411 debito
244 1355 364 1428 quiescit
384 1355 619 1424 hundredorum
638 1357 806 1429 episcopalis
826 1358 945 1413 honoris
994 1357 1172 1430 disciplinam
1182 1357 1338 1428 quodcirca
1349 1359 1482 1412 octavum
1490 1357 1642 1412 Ursionem
1652 1358 1802 1428 Remigium

127 1449 336 1505 ordinationem
369 1450 504 1516 efficeret,
530 1453 560 1504 et
587 1450 652 1505 idco
678 1467 712 1506 ex
738 1451 890 1506 indiscreto
917 1456 946 1507 et
995 1451 1136 1523 lldrephae
1161 1451 1326 1522 episcopum
1351 1450 1476 1522 synodus
1498 1454 1597 1506 sancta
1619 1450 1805 1524 decrerit,qui

126 1542 259 1598 facillimo
284 1560 402 1598 assensu
428 1543 542 1614 injustis
566 1545 700 1599 Vuambre
722 1545 859 1617 principis
881 1547 945 1617 jus·
996 1545 1025 1601 iu
1041 1544 1253 1617 usurpationem
1266 1545 1421 1615 quamdam
1435 1544 1472 1600 dc
1488 1544 1675 1600 ordinatione
1691 1546 1806 1601 sacerdo

126 1637 252 1692 sionibus
279 1652 391 1709 parens,
414 1654 517 1692 novam
545 1640 574 1693 et
604 1638 741 1709 injustam
767 1639 824 1693 illic
849 1639 945 1710 ponti·
995 1640 1105 1694 tumad
1120 1638 1580 1710 iuvidiamrocabalur,quodita
1595 1638 1807 1695 hisrideturiu·

126 1731 214 1786 ficalis
237 1731 311 1787 sedis
339 1730 552 1804 praelectionem
583 1730 703 1802 induxit,
733 1733 783 1787 ubi
811 1721 1165 1799 canonicaBdultum,ul
1188 1732 1223 1787 de
1247 1736 1353 1786 caetero
1376 1732 1428 1787 hae
1452 1731 1621 1787 auctoritate
1646 1733 1808 1788 commoniti

128 1825 293 1881 constitutio
306 1825 335 1880 id
349 1825 412 1880 lieri
428 1825 594 1881 omnimoda
608 1826 720 1881 ratione
740 1826 853 1893 refellit,
870 1843 943 1898 pree·
995 1826 1066 1882 nihil
1082 1842 1218 1897 usurpare
1239 1830 1387 1894 conentur,
1402 1825 1546 1897 siquidem
1560 1842 1592 1880 se
1607 1826 1644 1880 ub
1665 1827 1721 1881 hac
1735 1844 1809 1882 eausa

127 1918 216 1974 dictus
228 1918 306 1974 idem
318 1920 361 1974 vir
373 1923 533 1992 prostratus
548 1920 630 1974 humi
646 1920 839 1975 medicamine
854 1920 943 1976 nostri
994 1920 1045 1978 tali
1082 1919 1263 1975 excusatione
1298 1918 1493 1986 defenderint,
1528 1936 1586 1991 qua
1623 1919 1757 1975 dicerent
1784 1937 1809 1977 se

125 2013 272 2085 precepti,
288 2017 316 2068 et
341 2013 395 2069 sibi
418 2014 487 2069 dare
508 2013 622 2069 veniam
646 2013 718 2085 petit
740 2020 770 2069 et
792 2015 867 2086 quod
890 2031 943 2086 po·
993 2031 1052 2070 non
1064 2031 1124 2070 esse
1133 2014 1213 2086 prius
1226 2015 1389 2070 conventos.
1400 2012 1673 2084 Proindejudieavit
1683 2015 1810 2086 sinodus,

125 2105 268 2162 tissimum
289 2106 351 2162 lieri
378 2110 507 2178 oporteat
530 2108 566 2163 de
593 2124 712 2178 persona
737 2108 798 2180 ejus
819 2107 868 2181 qui
889 2107 945 2163 illic
994 2112 1026 2164 ut
1039 2109 1062 2163 si
1075 2109 1137 2180 quis
1152 2107 1255 2163 exhoc
1274 2108 1375 2162 lecerit
1391 2112 1488 2162 contra
1510 2107 1644 2163 instituta
1661 2108 1810 2179 majorum,

127 2198 274 2255 ordinatus
295 2201 389 2255 fuerat
409 2200 498 2255 nostri
519 2200 577 2256 cris
597 2200 741 2257 sententia
763 2201 878 2257 decerni
894 2218 943 2273 po·
994 2203 1063 2257 sciat
1084 2202 1117 2269 is,
1132 2201 1181 2273 qui
1195 2201 1345 2257 ordinatus
1367 2200 1465 2268 fuerit,
1482 2200 1639 2256 sacerdotis
1662 2218 1692 2256 se
1707 2203 1816 2257 bonore

126 2292 226 2365 poscit.
241 2292 294 2348 Sed
307 2293 376 2363 quia
387 2293 537 2363 veraciter,
550 2295 608 2349 imo
622 2295 813 2350 communiter
822 2312 943 2351 novera·
994 2295 1176 2369 privandnm‚
1191 2300 1220 2351 et
1243 2295 1289 2349 ille
1307 2295 1357 2366 qui
1372 2294 1546 2350 ordinaverit
1559 2295 1733 2351 auctoritate
1745 2313 1774 2352 se
1784 2297 1821 2352 in

126 2403 190 2442 mus
199 2386 368 2458 praedictum
377 2388 535 2460 principem
547 2388 666 2444 concilio
676 2389 799 2444 levitatis
810 2393 945 2461 agentem
995 2389 1230 2459 ordinationibus,
1244 2388 1288 2443 rel
1304 2388 1334 2442 in
1350 2387 1474 2443 conciliis
1491 2387 1612 2443 minime
1625 2394 1824 2447 retenturum.

127 2497 186 2536 non
199 2480 293 2536 solum
311 2481 489 2553 praecepisse,
505 2484 536 2536 ut
556 2482 585 2537 in
604 2483 739 2555 predicto
761 2483 822 2538 loeo
842 2483 945 2555 aliquis
994 2485 1056 2539 Non
1067 2483 1161 2538 solum
1173 2487 1271 2538 autem
1281 2482 1356 2537 eirca
1368 2486 1559 2537 memoratum
1575 2482 1743 2555 episcopum
1755 2485 1829 2540 bae

127 2575 275 2648 episcopus
287 2574 379 2642 lieret,
393 2576 442 2631 sed
458 2575 547 2631 etiam
562 2576 603 2631 ita
619 2593 684 2631 eum
701 2577 840 2633 consuetis
856 2577 944 2633 obsti·
995 2576 1374 2648 senteutiapraevalebit,sed
1388 2576 1607 2631 etcircaomnes
1619 2576 1708 2633 simili
1719 2594 1825 2634 enare

127 2669 291 2726 nationibus
312 2669 471 2740 desinisset,
492 2674 524 2725 ut
544 2669 573 2724 in
596 2670 732 2726 suburbio
755 2672 891 2726 Toletano
915 2671 945 2727 in
996 2671 1127 2742 deceptos
1140 2671 1189 2742 qui
1203 2670 1396 2725 ordinationes
1416 2670 1582 2740 hujusmodi
1603 2674 1829 2743 perpetrarunt.

67 2791 70 2797 ·
128 2763 248 2819 ecelesia
284 2763 462 2819 Praetoriensi
494 2767 659 2820 sanctorum
700 2765 776 2820 Petri
807 2768 835 2820 et
867 2765 945 2820 Pauli
996 2765 1043 2819 llis
1054 2781 1122 2836 ergo
1131 2763 1294 2819 fortissimis
1306 2763 1415 2836 regulis
1428 2763 1562 2818 ellectum
1575 2765 1615 2836 pii
1626 2765 1723 2837 operis
1732 2782 1829 2838 oppo-

128 2856 294 2929 episcopum
316 2857 472 2926 ordinaret,
495 2874 607 2913 necnon
628 2861 656 2914 et
677 2858 708 2913 iu
731 2857 792 2913 aliis
814 2858 882 2913 vicis
901 2858 945 2913 vel
995 2863 1106 2927 nentes,
1120 2858 1151 2912 in
1166 2857 1314 2912 communi
1327 2857 1493 2912 delinitione
1508 2857 1661 2929 elegimus,
1674 2858 1743 2914 utin
1756 2860 1825 2914 loeo

128 2949 234 3007 villulis
257 2949 388 3005 similiter
411 2951 528 3006 taceret.
557 2951 623 3006 ldeo
651 2968 702 3023 pro
726 2955 785 3007 tam
813 2951 946 3008 insolenti
995 2951 1101 3007 villulae
1117 2951 1285 3022 supradictae
1309 2950 1441 3022 deinceps
1462 2951 1543 3006 sedes
1568 2952 1739 3024 episcopalis
1758 2968 1819 3009 nan

128 3044 293 3115 hujusmodi
318 3044 528 3116 exstirpationis
549 3045 673 3113 licentia,
693 3047 768 3117 quod
787 3045 821 3100 de
840 3047 894 3101 hac
915 3060 946 3101 re
996 3049 1156 3116 remaneat,
1170 3061 1263 3117 neque
1277 3044 1426 3116 episcopus
1439 3044 1495 3099 illic
1510 3045 1586 3101 ultra
1599 3046 1815 3102 constituendus

130 3138 236 3194 liabent
250 3137 381 3194 instituta
396 3155 539 3194 canonum
553 3139 582 3195 in
598 3139 729 3195 medium
743 3139 865 3212 proferri
875 3089 983 3210 pre-C
996 3139 1107 3208 cxistal,
1124 3139 1170 3193 hic
1193 3141 1288 3193 tauren
1310 3137 1466 3194 Convildus
1481 3139 1530 3210 qui
1552 3145 1655 3194 contra
1674 3141 1807 3211 majorum

129 3231 267 3304 cepimus.
281 3233 359 3287 Tunc
380 3232 442 3288 hrec
465 3233 496 3288 in
518 3233 620 3289 ordine
641 3233 796 3289 constituta
820 3234 946 3304 perlecta
995 3232 1107 3288 decreta
1138 3232 1196 3287 illic
1222 3231 1332 3288 videtur
1357 3232 1504 3287 institutus
1537 3233 1625 3287 luisse
1656 3233 1801 3306 episeopus,

129 3330 205 3381 sunt.
231 3326 261 3380 ln
281 3325 389 3398 primis,
411 3343 444 3382 ex
466 3327 589 3399 Epistola
610 3328 689 3382 Pauli
712 3328 774 3383 Tito
796 3326 944 3398 discipulo,
996 3326 1080 3381 nullis
1101 3341 1246 3381 canonum
1262 3327 1317 3381 erit
1331 3325 1368 3382 ad
1387 3325 1662 3382 condemnationem
1688 3327 1732 3383 sui
1748 3343 1797 3382 sen·

128 3425 161 3476 ut
173 3419 317 3492 episcopos
338 3436 388 3492 per
400 3420 526 3477 civitates
545 3421 718 3477 constituere
741 3421 845 3476 debeat
870 3436 945 3492 prae-
996 3420 1092 3474 tentiis
1105 3420 1294 3489 ulciscendus,
1311 3420 1378 3492 quia
1395 3436 1451 3474 non
1465 3420 1633 3490 ambitione,
1648 3421 1696 3477 sed
1710 3420 1795 3493 princi·

129 3514 212 3585 cepit.
245 3515 317 3570 Item
346 3531 380 3570 ex
410 3515 529 3571 concilio
566 3515 693 3584 Nicaeno,
722 3515 806 3571 titulo
837 3517 945 3581 octavo,
996 3514 1039 3585 pis
1051 3513 1219 3585 impulsione
1233 3514 1358 3569 constitit
1372 3513 1529 3569 ordinatus.
1543 3516 1576 3570 Et
1585 3514 1651 3569 ideo
1661 3514 1793 3571 hocillire

130 3608 178 3663 ubi
205 3608 280 3664 iuter
303 3611 405 3663 caetera
443 3609 608 3681 precipitur
631 3613 663 3664 ut
691 3609 721 3663 in
748 3609 861 3665 civitate
889 3624 947 3663 una
997 3606 1792 3664 mediumhumilitatisconcedimusutinsedemaliamde

129 3717 188 3756 non
210 3700 359 3757 videantur
384 3701 442 3757 duc
468 3702 595 3775 episcopi
622 3715 693 3757 esse.
724 3703 794 3756 ltem
816 3718 850 3756 ex
877 3717 946 3756 con·
997 3699 1790 3775 cedentiscujuslibet136episcopitransferatur,etpre

130 3795 194 3852 cilio
208 3796 383 3865 laodiceno,
399 3796 481 3853 titulo
494 3795 733 3868 quinquagesimo
750 3795 883 3868 septimo,
898 3794 948 3850 nbi
997 3795 1088 3850 dictus
1096 3794 1174 3849 locus
1184 3795 1236 3849 sub
1247 3795 1402 3850 monastica
1410 3794 1543 3867 deinceps
1554 3795 1789 3853 institutionenar

131 3892 219 3948 dicit:
242 3893 303 3948 Non
327 3894 439 3963 oportet
462 3890 492 3945 in
515 3891 582 3945 vicis
607 3895 636 3946 et
659 3891 688 3945 iu
709 3889 813 3945 villulis
838 3889 946 3960 episco·
998 3905 1080 3943 surus
1092 3905 1151 3943 uon
1163 3888 1314 3960 episcopali
1327 3889 1404 3945 ultra
1416 3889 1565 3961 privilegio
1585 3892 1687 3960 fretus,
1700 3883 1787 3945 necsrd
1833 3902 1835 3937 ε

129 4004 181 4058 pos
195 3986 331 4053 ordinari,
346 3988 375 4040 el
387 3990 498 4041 caetera.
513 3986 583 4039 ltem
604 4001 637 4040 ex
654 3983 772 4039 concilio
787 3983 888 4038 Africae
903 3997 947 4036 se·
997 3981 1137 4053 regimine
1151 3982 1261 4037 abbatis
1269 3983 1353 4053 (sicut
1363 3984 1510 4056 hucusque
1522 3984 1583 4054 luit)
1593 3985 1650 4040 erit
1660 3983 1788 4039 mcdisou

130 4081 234 4147 cundo,
256 4080 339 4135 titulo
361 4079 472 4150 quinto,
494 4078 542 4132 ubi
564 4077 639 4132 Felix
664 4078 816 4149 episeopus
838 4075 947 4130 Selem-
998 4075 1787 4150 uibusmancipanduslamveradecaeterogeneralept

131 4173 266 4229 selitanus
292 4172 389 4227 dixit:
416 4171 509 4226 Etiam
537 4171 560 4225 si
588 4171 643 4226 hac
667 4170 773 4243 placuit
805 4169 948 4224 sanctitati
998 4173 1099 4224 nentes
1115 4168 1288 4224 edictum.Si
1302 4170 1365 4241 quis
1379 4173 1477 4225 contra
1492 4171 1553 4226 brec
1568 4188 1713 4227 canonum
1726 4171 1787 4226 inter·

132 4271 242 4331 vestra,
266 4264 379 4319 insinuo
404 4267 437 4318 ul
466 4264 599 4319 dioecescs
626 4279 689 4335 quae
715 4278 864 4335 nunquam
896 4262 947 4317 ha·
998 4263 1788 4339 dietavenireconatusluerit,utiulocisillisepiscopttl

132 4360 257 4414 buerant
276 4357 422 4429 episcopos
446 4373 505 4412 nou
526 4356 662 4427 habeant,
677 4357 804 4412 dioecesis
818 4373 884 4428 ques
897 4357 948 4412 ali·
998 4355 1157 4428 eligalsreri
1169 4356 1216 4410 ubi
1228 4355 1375 4427 episcopus
1387 4373 1535 4428 nunquam
1544 4358 1608 4426 tuit,
1620 4351 1790 4416 enumerarit

131 4453 246 4526 quaudo
256 4451 365 4522 habuit,
377 4451 481 4506 habeat
496 4449 644 4522 proprium
658 4450 833 4523 episcopum.
844 4450 988 4538 secun-1)
999 4450 1029 4504 in
1042 4454 1195 4521 conspectu
1207 4450 1256 4505 Ilei
1269 4450 1480 4521 omnipotentis,
1494 4457 1522 4506 et
1534 4451 1655 4525 insuper
1666 4457 1723 4509 tam
1735 4444 1789 4507 ardi-

132 4548 201 4603 dum
209 4550 307 4603 autem
317 4547 389 4602 hanc
397 4543 625 4619 prosecutionem
633 4544 788 4601 sanctitatis
798 4549 898 4600 restrae
907 4547 950 4599 est
1001 4546 1082 4598 nator
1101 4559 1187 4614 quma
1211 4543 1359 4599 ordinatus
1381 4543 1486 4615 gradus
1507 4545 1550 4600 sui
1575 4546 1686 4603 ordinis
1707 4543 1789 4620 perdtl

131 4641 373 4706 aestimaretluod
382 4638 703 4696 tleridebeatGeuedius
711 4638 859 4711 episcopus
867 4638 946 4693 dixit:
1000 4636 1067 4707 quia
1088 4653 1145 4690 non
1168 4637 1260 4691 solum
1281 4637 1465 4708 antiquorum
1486 4640 1604 4694 Patrum
1629 4640 1739 4698 decreta
1756 4629 1790 4692 sed

132 4734 160 4790 Si
174 4735 266 4806 placet
281 4734 436 4790 insinuatio
450 4733 544 4790 fratris
563 4738 592 4788 et
612 4732 772 4806 coepiscopi
786 4732 877 4788 nostri
897 4733 947 4788 Fe·
1000 4730 1153 4800 apostolica
1166 4747 1251 4785 atreus
1263 4734 1306 4785 est
1318 4731 1480 4787 convellere
1497 4732 1637 4790 instituta.

131 4827 388 4895 licis,ab0mnibus
403 4829 598 4885 confirmetur.
608 4827 649 4882 lh
659 4827 800 4882 universis
811 4825 950 4898 episcopis
1035 4825 1066 4879 V.
1081 4824 1212 4879 Relatum
1235 4823 1316 4879 nobis
1337 4829 1380 4879 est
1400 4824 1540 4895 quosdam
1561 4826 1596 4882 de
1622 4825 1790 4886 sacerdotia

132 4921 319 4977 dictumest:
336 4923 441 4978 Placet.
456 4924 525 4978 ltem
542 4939 576 4977 ex
596 4921 716 4978 concilio
737 4920 838 4976 Alricoe
854 4937 895 4991 ru,
912 4920 948 4975 ti-
1000 4934 1057 4972 nou
1078 4922 1118 4973 tat
1134 4917 1239 4973 vicibus
1262 4917 1473 4974 communionis
1495 4925 1599 4975 sanctae
1625 4922 1745 4994 gratiam
1759 4931 1790 4972 sa·

134 5015 191 5070 tulo
212 5016 257 5083 ta,
270 5015 321 5071 ubi
334 5015 412 5082 dicit,
428 5021 458 5071 ut
476 5033 534 5071 nou
556 5015 676 5086 accipiat
696 5016 816 5070 alterum
839 5015 948 5086 episco·
1000 5008 1791 5087 merequotsaeriliciainunadieridenturatserre,sed'1u

132 5126 203 5182 pum
217 5108 296 5180 plebs
310 5125 374 5180 quae
386 5108 417 5162 in
439 5108 554 5165 diaecesi
574 5126 657 5180 seper
675 5107 826 5180 subjacuit.
843 5108 949 5180 Epigo·
999 5122 1056 5161 uuo
1072 5106 1126 5173 dic,
1142 5105 1165 5161 si
1181 5105 1304 5177 plurima
1316 5122 1368 5177 per
1380 5123 1409 5162 se
1422 5107 1479 5162 Deo
1495 5106 1618 5165 afferant
1629 5102 1792 5173 sacrificulo

132 5203 197 5260 nius
212 5202 360 5275 episeopus
375 5201 450 5257 inter
464 5206 567 5258 cmtera
579 5202 619 5257 sic
633 5201 705 5257 dixit
719 5219 725 5258 ι
737 5203 794 5258 Hoc
811 5201 873 5257 dico
889 5217 949 5257 non
1001 5200 1136 5255 omnibus
1146 5216 1175 5255 se
1187 5198 1400 5255 oblationibusa
1410 5201 1614 5259 communione
1628 5198 1791 5278 suspendat

133 5298 238 5355 debere
252 5299 394 5353 rectorem
410 5295 538 5368 accipere
554 5313 616 5353 earn
631 5296 746 5367 plebem
760 5312 824 5367 quse
840 5295 870 5349 in
884 5294 951 5352 dias·
1000 5298 1030 5349 et
1043 5295 1072 5349 in
1087 5293 1148 5349 sola
1166 5297 1262 5348 tamen
1278 5293 1396 5350 extremi
1418 5294 1548 5350 sacrificii
1571 5296 1715 5355 oblatione
1735 5306 1792 5354 com·

132 5393 187 5448 cesi
204 5407 319 5462 semper
332 5389 483 5460 subjacuit,
498 5406 551 5445 uec
567 5406 696 5461 unquam
711 5389 862 5462 proprium
878 5389 951 5460 epis·
1000 5388 1144 5442 munionis
1170 5390 1272 5443 sancte
1299 5387 1419 5459 gratiam
1446 5393 1572 5459 sumunt,
1594 5392 1680 5464 quasi
1701 5408 1753 5450 nou
1770 5381 1794 5440 til

132 5503 237 5559 capum
259 5484 366 5541 hebuit.
385 5484 566 5556 Quapropter
579 5484 602 5538 si
621 5483 751 5539 universo
772 5481 949 5538 sanctissimo
998 5481 1082 5536 toties
1098 5481 1137 5535 illi
1152 5498 1216 5536 vero
1231 5487 1260 5537 et
1272 5481 1410 5554 singulari
1430 5483 1567 5540 sacrificio
1587 5484 1795 5561 participandum

132 5580 214 5636 coelui
229 5579 325 5653 placet
337 5580 401 5647 hoe,
416 5578 492 5652 quod
511 5578 645 5651 prelatus
664 5594 738 5646 sum,
750 5577 947 5633 confirmetur.
999 5575 1109 5647 quoties
1136 5576 1261 5647 corporis
1286 5579 1315 5631 et
1335 5575 1482 5649 sanguinis
1504 5577 1619 5636 llomini
1642 5582 1733 5639 nostri
1750 5581 1797 5637 let

130 5673 260 5729 Aurelius
277 5674 425 5748 episcopus
449 5673 518 5730 dixit
532 5690 538 5728 :
560 5672 664 5728 Fratris
685 5675 714 5728 et
739 5670 949 5727 consacerdotis
999 5670 1101 5726 Christi
1116 5670 1274 5726 immolatio
1295 5670 1367 5725 lacta
1389 5671 1558 5729 constiterit.
1575 5674 1649 5731 Nam
1662 5691 1728 5732 eece
1741 5679 1799 5746 Apo·

114 5766 212 5820 nostri
221 5768 417 5837 prosecutioni
431 5785 489 5827 non
505 5768 619 5841 obsisto,
635 5767 682 5824 sed
698 5768 750 5823 hoc
770 5783 815 5823 rue
834 5765 947 5835 secisse,
1000 5765 1088 5820 stolus
1101 5765 1189 5821 dicit:
1207 5786 1220 5814 α
1234 5765 1333 5821 Nonne
1355 5764 1404 5837 qui
1427 5766 1517 5823 edunt
1530 5767 1650 5839 hostias,
1666 5770 1803 5843 participet
