3870 6150
127 237 193 290 11911
726 240 891 295 dl'PENlilll
911 240 954 296 nl)
974 240 1137 297 SAECULUM
1158 241 1200 296 lx.
1732 247 1778 300 len

122 345 200 402 Unde
217 350 297 402 tuum
312 346 446 402 Carnium
461 364 576 418 semper
590 347 715 404 servabis
727 348 842 420 ubique.

948 350 1131 434 AQuatenus
1144 349 1293 422 ingenium
1307 352 1468 406 concrescat
1481 349 1612 404 acumine
1625 364 1725 413 sensus,

122 442 195 511 Ergo
211 455 262 496 nec
277 440 353 496 hunc
366 441 462 509 David,
478 458 531 497 nec
543 441 596 498 lob
612 442 703 514 magis
716 458 776 498 esse
789 443 920 515 probatos
1027 446 1097 499 Cum
1110 459 1175 498 caro
1187 444 1277 516 putris
1290 444 1359 511 abit,
1373 460 1439 499 eum
1452 445 1569 498 tenuata
1588 443 1671 514 perit.

121 538 246 605 Apparet
257 534 352 607 plane,
368 552 420 608 pro
434 540 462 592 te
478 552 529 592 nee
542 535 622 608 plura
638 536 746 593 tulisse.

122 628 233 692 Quanta
249 629 453 699 muscicolas,
469 629 557 698 mitis,
573 629 637 700 pius
649 635 737 702 etque
751 630 902 702 benignus,

989 538 1078 592 Carne
1094 537 1221 609 fatigata,
1236 537 1414 608 pedetentim
1428 536 1522 608 gliscit
1538 552 1658 590 acumen

1026 631 1135 702 Cordis,
1147 634 1176 687 et
1186 630 1300 687 initium
1313 631 1402 686 sumit
1418 631 1528 686 habere
1539 630 1649 686 datum.

158 746 268 802 sobrius
349 747 460 819 sapien,
551 747 631 802 forti,
699 751 783 820 atqu,
817 749 921 820 justus·
989 726 1042 779 Cos
1061 725 1268 794 aeuitlerrum,
1285 725 1466 794 mihicrede,
1483 724 1728 796 secarecapillum

122 841 295 891 11111101
313 841 481 891 cremnon
494 841 676 892 morcaroc
694 843 791 891 aaran
814 841 940 893 crunon
1025 820 1197 875 Radereseu
1211 818 1440 891 porrectamque
1454 818 1655 890 laborccaput.

125 956 275 1029 sllquivoeo
286 957 384 1013 Carolo
400 957 554 1012 frustratus
570 958 702 1029 germine
717 957 813 1029 digno,

124 1051 241 1107 indulsit
250 1068 304 1122 pro
318 1059 346 1107 te
356 1067 430 1106 saevo
445 1067 593 1122 scaevoque
609 1053 748 1122 tyrann03

122 1145 260 1200 tlrnnibus
275 1150 361 1217 atque
375 1145 433 1200 suis
446 1160 535 1216 regno
549 1144 724 1216 privantibus
737 1145 833 1217 ipsum

121 1241 192 1294 'lam
205 1239 335 1295 bonitate
348 1238 446 1309 proba,
462 1242 541 1294 tanta
554 1238 658 1310 pietate
672 1240 805 1310 pepercit

123 1333 198 1398 Quin
217 1332 350 1404 pervalde
362 1332 420 1387 suis
436 1331 561 1387 inimicis
574 1332 699 1388 maxima
714 1349 810 1388 rursus

123 1427 230 1483 Praedia
244 1426 377 1494 restituit,
393 1425 502 1482 donans
515 1443 549 1482 ac
561 1428 642 1498 plura
655 1426 838 1500 quibusdam.

121 1521 193 1584 Quid
206 1522 448 1577 mereaturherus
463 1522 562 1588 sancti,
579 1522 727 1594 sapientia,
742 1524 848 1577 tantus.

119 1616 131 1668 1
137 1612 227 1669 udicio
241 1617 339 1669 nostro
353 1614 463 1686 primus
476 1630 536 1685 prm
549 1614 665 1685 regibus
680 1619 780 1670 exstat.

123 1711 274 1780 Pragmate
287 1724 373 1781 posco
388 1708 445 1781 pio,
461 1708 632 1780 populorum
645 1713 758 1780 pectora
771 1710 876 1782 pando.
952 1737 978 1807 B
1025 1758 1168 1816 Debilibus
1181 1775 1255 1831 spes,
1269 1775 1323 1828 res,
1341 1760 1432 1831 gloria
1442 1774 1564 1826 summa,

124 1803 248 1858 Prmcluo
264 1802 354 1875 presit
369 1802 526 1874 perprobra
541 1803 707 1874 proprietas.

505 1940 556 2004 lll.

990 915 1045 969 Nec
1061 914 1155 969 minus
1170 913 1302 970 affectum
1314 914 1391 985 justo
1402 912 1605 969 moderamine
1619 928 1715 984 corpus

1026 1007 1203 1064 Intellectum
1218 1007 1310 1078 effert,
1325 1012 1409 1063 sanat
1420 1010 1448 1064 et
1460 1011 1548 1079 auget
1557 1021 1634 1062 euin.

990 1100 1116 1172 Denique
1128 1101 1196 1158 dum
1212 1102 1349 1174 superent
1359 1117 1447 1173 gazae,
1460 1102 1529 1156 dum
1543 1101 1623 1172 larga
1632 1100 1748 1167 facultas,

1026 1197 1097 1250 Dum
1111 1195 1223 1267 majora
1234 1194 1339 1264 inhies,
1354 1195 1423 1249 dum
1437 1193 1553 1249 utiliora
1566 1209 1660 1265 roges,

990 1292 1030 1345 Da
1042 1289 1119 1362 quod
1134 1295 1220 1362 egent
1234 1289 1355 1359 miseris,
1366 1289 1504 1344 miserum
1518 1288 1646 1344 defensio
1662 1289 1721 1355 tito;

1025 1386 1148 1456 Pauper,
1162 1400 1281 1456 egenus,
1289 1372 1378 1456 ‘inops
1390 1387 1418 1439 te
1431 1382 1588 1439 miserante
1600 1383 1674 1438 boet.

990 1479 1028 1534 Te
1043 1477 1197 1535 miserante
1212 1478 1279 1534 boet
1293 1479 1366 1533 vivat
1378 1477 1541 1550 quicunque
1555 1477 1692 1541 misellus,

1025 1573 1061 1627 Te
1074 1571 1213 1627 auxilium
1227 1572 1291 1628 vitae
1305 1571 1432 1644 postulat
1447 1588 1508 1626 esse
1528 1587 1597 1626 sum.

992 1667 1056 1722 Esto
1076 1670 1165 1737 pater,
1185 1666 1284 1734 irater,
1299 1672 1399 1733 mater,
1414 1680 1505 1734 soror,
1519 1681 1613 1736 agnus
1627 1665 1756 1737 utrinque,

1580 1758 1649 1813 dics.

990 1853 1079 1925 Dilige
1090 1852 1242 1924 justitiam,
1255 1853 1333 1908 callis
1348 1854 1501 1909 comitetur
1517 1852 1626 1908 amicus

1025 1946 1144 2003 iustitiae
1157 1950 1252 2002 tecum
1267 1947 1375 2019 primus
1388 1947 1423 2002 ad
1437 1945 1655 2002 omnebonum.

132 2052 244 2115 Verere
260 2055 294 2115 in.
305 2056 414 2133 fronte
427 2054 610 2117 Bibliomm
623 2056 732 2117 aereis
748 2055 942 2120 11111111νί-
991 2042 1098 2109 Efflstflv
1109 2040 1200 2108 munis
1216 2041 1336 2108 custodi,
1358 2040 1467 2112 collige,
1483 2039 1581 2108 landa,

164 2134 223 2195 bes
245 2134 376 2196 caerati
398 2134 432 2196 io
454 2135 673 2198 verentissimo
690 2135 798 2199 codice
812 2155 871 2199 ms.
892 2137 939 2199 bi·
1027 2135 1154 2190 sublima
1167 2134 1337 2190 clernmsen
1349 2150 1483 2191 venerare
1498 2138 1593 2189 tuum.

166 2213 329 2277 blt'otltecae
352 2213 557 2291 Colbertt'nae,
583 2215 642 2296 qui
658 2215 726 2295 suit
742 2217 847 2280 sancti
866 2217 940 2282 Ste—
990 2229 1108 2285 AEdibus
1122 2232 1150 2284 et
1162 2229 1248 2284 sacris
1263 2228 1381 2285 meritos
1394 2229 1433 2283 sic
1447 2228 1528 2282 deser
1543 2228 1666 2283 honores

159 2293 269 2376 paoni
280 2294 441 2357 Maiensis.

349 2397 451 2470 [Baluz.
466 2399 545 2462 ibid„
559 2399 613 2455 eol.
630 2401 719 2471 leet]

124 2512 183 2566 llex
197 2511 357 2581 benedicte,
371 2511 424 2567 tibi
445 2511 507 2566 hare
526 2511 636 2583 placeat
652 2511 835 2583 bibliotheca,
850 2511 939 2581 Carle,

160 2606 342 2661 Testamenta
355 2605 412 2662 duo
428 2622 493 2678 quae
508 2605 660 2678 relegenda
675 2605 757 2679 gerit.

1027 2322 1146 2378 Sedibus
1159 2323 1189 2378 in
1199 2323 1303 2379 sanctis
1313 2327 1345 2378 ut
1358 2321 1494 2378 merearis
1505 2337 1601 2393 opem.

990 2419 1127 2488 Tempore
1140 2416 1293 2484 manduca,
1307 2415 1382 2486 bibe,
1396 2416 1499 2486 dormi,
1517 2431 1614 2487 surge,
1628 2415 1725 2478 labora,

1027 2509 1237 2566 Suntlecicnda
1252 2509 1309 2564 suis
1326 2509 1422 2565 omnia
1435 2509 1622 2581 temporibus.

991 2605 1038 2660 llis
1052 2604 1155 2660 habitis
1168 2603 1288 2676 aliisque
1300 2604 1381 2658 honis
1395 2604 1424 2658 in
1440 2603 1559 2659 nomine
1574 2603 1648 2658 trino

124 2700 188 2754 Fert
209 2699 284 2770 quod
309 2716 400 2770 amas,
425 2700 501 2772 qued
524 2716 619 2757 amare
643 2700 720 2769 velis,
737 2701 814 2772 quod
833 2700 941 2756 discere
1026 2696 1252 2770 Cunetipotentis
1265 2696 1327 2752 heri
1341 2713 1406 2752 cum
1421 2696 1526 2752 deitate
1540 2696 1594 2762 sui,

823 2793 895 2849 rosit

159 2886 243 2949 Quod
256 2887 360 2957 capias,
377 2890 483 2956 teneas,
500 2886 633 2958 quodque
647 2792 904 2958 frequentiiagasf

124 2978 257 3049 tierrigit,
270 2979 410 3047 hortatur,
427 2978 526 3046 reiicit,
541 2979 669 3051 castigat,
683 2980 824 3048 honestat,

164 3072 275 3145 arguit,
289 3071 427 3141 obsecrat,
445 3072 582 3145 increpat,
596 3079 688 3144 ornat,
704 3073 763 3130 alit.

129 3167 287 3239 Eloquium,
303 3182 408 3235 mores,
426 3165 552 3222 studium
566 3167 714 3240 componit
727 3171 756 3223 et
768 3173 863 3237 aetus3

160 3262 264 3333 Estque
277 3261 367 3331 cibus,
382 3264 476 3333 petus,
491 3276 603 3332 norma,
617 3262 670 3330 via,
686 3278 775 3333 arma,
792 3263 877 3317 salus.

125 3354 261 3411 interiora
276 3356 398 3411 hominis
410 3356 524 3428 promit,
541 3356 662 3412 coelestia
675 3355 784 3428 pandit,

159 3452 242 3521 Aptat
255 3454 409 3522 utrumque
425 3449 478 3504 sibi
493 3465 612 3506 munere
627 3450 714 3521 plena
724 3451 785 3517 liei,

52 3536 55 3542 ’
124 3544 155 3597 El
170 3559 295 3614 praesens
309 3546 450 3599 transacta
464 3543 548 3611 canit,
563 3543 713 3615 praesentia
725 3548 895 3600 monstrans.

162 3635 280 3708 Singula
290 3637 357 3708 jura
370 3637 444 3708 silet,
458 3636 569 3708 singula
585 3637 635 3693 sed
648 3639 773 3693 resonat.

125 3729 286 3785 lnstabilem
303 3730 432 3801 quamvis
451 3729 582 3786 stabilem
603 3734 667 3803 post
681 3730 784 3786 reddet
798 3736 943 3788 amantem
993 3734 1100 3787 Horum
1123 3730 1208 3802 iacta,
1228 3746 1329 3803 genus,
1344 3735 1467 3803 tempus,
1483 3729 1556 3795 loca,
1571 3729 1655 3799 bella,
1672 3721 1777 3794 triumphi

161 3823 197 3879 Se
211 3824 233 3879 si
250 3822 285 3879 sit
296 3823 377 3880 lassis
391 3824 504 3880 deditus
516 3824 564 3880 ille
577 3825 644 3881 suis.

991 2792 1080 2863 liujus
1094 2790 1129 2846 ab
1143 2790 1224 2846 initio
1233 2790 1302 2847 tomi
1317 2789 1481 2860 scrutarier,
1494 2805 1556 2858 oro,

1028 2885 1094 2956 EJ'us
1107 2884 1210 2956 scripta
1222 2883 1270 2956 pia
1281 2888 1387 2953 mente,
1402 2900 1498 2956 opere,
1514 2882 1584 2954 lide,
1597 2901 1657 2939 oro,

992 2978 1040 3034 Hic
1056 2979 1131 3046 lons,
1146 2978 1192 3033 hic
1206 2978 1335 3034 doctrina
1349 2983 1460 3050 potens,
1478 2977 1524 3032 hie
1536 2977 1657 3034 tlnmina
1668 2978 1748 3048 opina

1030 3072 1159 3128 ecclesie
1173 3076 1277 3128 sanetae
1290 3070 1454 3127 candidiora
1467 3071 1542 3128 nive.

993 3167 1105 3223 Scilicet
1117 3165 1267 3221 atticanori
1279 3166 1407 3238 quinque
1419 3164 1567 3221 volumina
1581 3166 1666 3236 hloysi

1026 3262 1127 3316 lunate
1139 3259 1232 3317 nitent
1242 3262 1365 3315 mortem
1379 3259 1455 3314 illius
1467 3275 1560 3332 usque
1570 3263 1678 3314 canant.

991 3358 1073 3412 losue
1086 3355 1143 3411 dux
1152 3355 1259 3411 ducens
1273 3353 1419 3426 consurgit
1431 3352 1512 3409 fertis
1521 3353 1552 3410 in
1563 3354 1651 3409 armis

1026 3453 1058 3506 ln
1071 3449 1192 3522 patriam
1202 3448 1340 3521 populum
1352 3449 1418 3520 jure
1430 3451 1547 3504 tenente
1560 3447 1664 3503 locum.

993 3543 1136 3616 Septimus
1151 3558 1216 3600 eece
1232 3542 1314 3599 Liber
1326 3558 1476 3600 censorum
1489 3541 1610 3598 nomina
1623 3542 1693 3597 latur

1029 3638 1157 3704 Quorum
1172 3636 1291 3693 Hebraea
1302 3636 1357 3692 luit
1371 3636 1424 3691 sub
1437 3635 1547 3692 ditione
1559 3652 1669 3692 manus.

1029 3827 1101 3882 Sunt
1114 3826 1221 3882 inserta
1238 3824 1293 3880 sibi
1308 3823 1403 3880 debito
1417 3823 1529 3880 honore
1544 3824 1598 3879 sui.

126 3959 282 3973 ......
302 3935 333 3973 us
347 3922 377 3973 ut
391 3934 490 3974 verum
510 3919 608 3974 credat
629 3918 706 3990 quod
721 3920 848 3976 continet
859 3936 944 3977 enine
994 3919 1110 3976 Femina
1122 3919 1186 3993 quis
1201 3918 1305 3974 sociata
1320 3917 1399 3974 sedet
1412 3918 1488 3975 lluth
1502 3918 1606 3973 nobilis
1619 3934 1684 3985 uara,

163 4013 228 4068 lnde
244 4028 364 4084 sequens
378 4012 436 4066 veri
451 4029 515 4084 spes
531 4013 579 4069 hat
590 4029 671 4086 aequa
685 4013 733 4085 pii.

127 4106 219 4160 llrrlcis
234 4122 316 4160 amor
328 4104 450 4161 nimium
464 4122 528 4161 mor
544 4106 597 4162 rite
610 4107 722 4162 duobus
737 4108 767 4162 in
781 4108 842 4163 ollis

158 4199 268 4254 Tertius
282 4199 406 4266 incedat,
419 4199 525 4271 jungat
538 4199 638 4271 etipse
654 4200 716 4255 tria.

125 4294 186 4347 lam
200 4292 322 4347 subeant
335 4291 424 4347 menti
436 4292 541 4348 luerint
553 4310 617 4364 qum
629 4293 713 4348 noxia
725 4295 825 4364 enlpm,

160 4388 212 4442 Per
224 4387 364 4456 lacrymas
378 4386 491 4457 genitus
511 4402 619 4458 perque
635 4387 741 4442 doloris
753 4403 834 4458 opus.

125 4481 170 4535 Sic
185 4481 227 4535 sic
241 4496 306 4535 cum
322 4480 453 4552 precibus
467 4483 614 4553 quaeratur
625 4481 717 4552 gratia
732 4481 850 4551 Christi,

161 4575 284 4630 liuneris
297 4577 341 4630 cst
355 4575 436 4647 eujus
450 4574 588 4647 quidquid
602 4575 632 4630 in
645 4574 713 4631 orbe
727 4575 793 4632 boni
811 4592 817 4629 :

127 4669 198 4732 tlnid
214 4669 355 4739 volumus,
375 4669 508 4740 petimus,
523 4668 663 4738 iacimus,
680 4669 748 4741 quid
761 4669 875 4740 scimus,
895 4671 944 4725 ha·

788 4762 908 4833 ibamus,

163 4854 230 4909 lnde
244 4855 328 4910 detur
342 4857 444 4912 nestris
456 4857 524 4912 utile
539 4874 597 4912 rron
611 4857 731 4926 nierilis,

125 4949 180 5001 hut
194 4962 300 5002 vanum
313 4952 361 5003 aut
385 4966 503 5005 vacuum
525 4956 574 5007 aut
593 4951 631 5006 nil
654 4955 703 5006 aut
723 4951 861 5008 laudabile
882 4969 945 5007 nus·

814 5044 911 5118 [quam

161 5133 281 5205 Spiritus
294 5139 393 5190 auctor
412 5152 499 5206 agens
509 5138 553 5193 eui
567 5138 620 5193 nisi
630 5143 743 5194 sanetus
756 5142 809 5195 eat.

127 5229 188 5293 Quo
203 5231 274 5285 duce
289 5246 334 5283 res
347 5229 485 5300 adaperta
500 5235 579 5301 patet
596 5249 661 5304 quae
671 5234 765 5289 clausa
776 5233 890 5301 latebat,

161 5323 250 5378 lutea
264 5340 297 5380 eo
309 5328 380 5379 nutu
395 5323 468 5378 hanc
484 5328 627 5381 reserante
644 5342 711 5382 sue:

125 5417 266 5489 Cumque
281 5417 472 5492 menspollet,
493 5417 554 5473 sine
577 5436 633 5491 qno
656 5421 826 5477 tenebrescit
838 5421 866 5475 in
882 5438 943 5476 um·

830 5514 910 5584 [bris,

161 5605 220 5658 Ceu
236 5609 331 5661 careat
340 5607 400 5663 luce
412 5608 455 5662 vel
469 5607 585 5663 rationis
596 5626 659 5679 ope.

123 5697 263 5753 Praeterea
277 5715 381 5771 corpus
394 5702 529 5758 minuant
538 5702 650 5774 jejunia
663 5702 749 5774 digno

157 5790 236 5844 Casto
251 5794 337 5863 atque
352 5794 476 5851 excubiae
492 5795 581 5853 noctis
593 5795 699 5871 ubique
714 5796 797 5853 bene.

1030 4015 1120 4078 Quam
1133 4013 1183 4070 lob
1197 4012 1310 4069 eximiae
1325 4012 1511 4085 consequitur
1526 4011 1605 4067 fidei.

995 4109 1072 4162 llunc
1088 4107 1202 4162 imitare
1215 4106 1316 4174 libens,
1331 4105 1467 4177 quoniam
1481 4105 1623 4178 patientia
1638 4123 1703 4177 pura

1030 4200 1151 4268 Exstitit,
1167 4217 1198 4256 ac
1212 4200 1295 4255 nohis
1309 4216 1416 4272 magna
1430 4200 1523 4272 ligans
1534 4200 1601 4257 luit.

994 4297 1132 4359 Quattuor
1144 4298 1173 4350 ct
1184 4295 1295 4366 Regum
1310 4293 1389 4349 libris
1403 4293 1448 4349 his
1461 4298 1525 4349 octo
1537 4294 1692 4366 prophetas

1030 4391 1114 4456 Ante,
1125 4387 1229 4460 quihus
1238 4386 1326 4443 David
1335 4386 1467 4460 jungitur
1478 4387 1653 4460 hymnificus
1663 4406 1671 4456 ;

955 4481 1134 4557 Dllymniea
1149 4481 1325 4535 Psalmorum
1342 4481 1445 4536 cecinit
1456 4481 1507 4553 qui
1520 4481 1651 4537 carnrina
1665 4479 1749 4545 David,

1032 4574 1157 4630 Plurima
1170 4575 1205 4630 de
1221 4573 1333 4629 Christo
1347 4574 1465 4646 mystica
1479 4591 1554 4646 saepe
1569 4574 1706 4647 loquens;

995 4668 1105 4725 Prodiit
1114 4684 1146 4724 er
1159 4668 1240 4740 eujus
1255 4668 1344 4741 regali
1358 4669 1437 4741 virge
1451 4669 1537 4725 Maria

1032 4761 1157 4830 Semina,
1172 4777 1235 4834 quae
1250 4762 1361 4833 peperit
1373 4761 1452 4834 virgo
1465 4760 1550 4817 beata
1565 4763 1665 4818 Deum

996 4855 1129 4912 Pacificas
1141 4856 1287 4924 Salomon,
1302 4871 1414 4911 necnon
1430 4855 1578 4927 Sapientia
1589 4856 1680 4928 juxta,

1004 5019 1013 5037 ‘
1031 4951 1141 5007 Tertius
1156 4952 1286 5006 estlesus
1299 4949 1481 5005 continuatus
1494 4949 1546 5006 eis.

996 5048 1060 5101 Post
1074 5044 1321 5115 Paralipomenon,
1340 5045 1421 5099 Ezras
1434 5059 1560 5117 quoque,
1573 5043 1631 5100 sive
1645 5044 1759 5103 Nemias.

1032 5138 1100 5193 llinc
1116 5140 1205 5206 Ester,
1220 5137 1327 5208 ludith,
1340 5142 1369 5193 et
1378 5137 1476 5194 lobias
1487 5137 1599 5195 recinit.

997 5234 1102 5304 lnclyta
1116 5231 1191 5289 bella
1204 5231 1307 5289 deinde
1322 5233 1422 5286 tonant
1434 5230 1585 5288 llachahea
1597 5232 1742 5305 quondam

1030 5328 1082 5382 Pro
1094 5326 1157 5398 lege
1170 5342 1201 5382 ae
1217 5324 1308 5398 patria
1318 5341 1426 5398 proque
1437 5325 1526 5380 salute
1537 5325 1616 5382 data.

996 5423 1060 5478 llaec
1074 5421 1221 5494 Scriptura
1235 5419 1351 5492 quidem
1364 5419 1489 5476 breviter
1497 5424 1664 5478 memorata
1674 5424 1774 5479 vetusta

1032 5517 1101 5584 Stat,
1117 5530 1282 5588 quanquam
1296 5514 1408 5571 modico
1422 5513 1617 5588 rusticuloque
1633 5516 1716 5589 style.

998 5609 1112 5666 lnitiant
1124 5608 1298 5664 testamenti
1310 5613 1454 5681 praecepta
1466 5607 1576 5666 Novelli

1031 5703 1076 5760 Bis
1089 5703 1145 5759 duo
1161 5702 1296 5759 concordi
1309 5702 1417 5759 lamine
1431 5703 1609 5773 sanetivomi‚

995 5799 1153 5867 Matthaeus,
1168 5799 1286 5869 llareus,
1301 5798 1390 5854 Lucas
1400 5798 1548 5871 celsusque
1560 5800 1700 5872 loannes,
