3870 6150
132 268 178 324 931
576 260 717 324 Arrabo.
738 262 782 324 ΑΙ)
801 268 879 325 SAEC.
901 270 944 325 lh.
959 299 992 307 -·
1013 267 1132 326 tstbout
1152 268 1363 326 uuacaruuls
1760 276 1809 328 93²

130 376 243 431 sentiat.
257 374 370 430 Talibus
382 373 486 430 idcirco
499 374 656 447 gloriantes
661 376 777 447 judiciis
785 393 944 449 congruum
955 391 984 463 Α
994 393 1060 434 vero
1077 377 1225 449 episcopis.
1237 377 1347 433 Relatio
1359 381 1520 434 nosrestrae
1533 377 1697 434 dilectionis
1705 380 1810 435 instru-

131 469 264 525 duximus
277 468 379 527 vicaria
393 468 467 523 sedis
482 474 585 524 nostre
603 474 630 524 te
651 470 819 525 auctoritate
839 470 942 538 fulciri,
994 472 1042 539 xit,
1060 474 1089 526 et
1110 475 1255 543 gestorum
1277 473 1349 527 serie
1371 471 1523 538 intimavit,
1536 472 1734 528 Gaudentium
1756 477 1809 529 Au·

129 563 210 634 cujus
232 562 331 634 vigore
353 563 491 630 munitus,
506 563 666 634 apostolicae
686 562 872 620 institutionis
893 564 943 619 de·
993 565 1131 620 funiensis
1146 566 1277 620 Ecclesiae
1290 566 1465 621 sacerdotem
1477 569 1579 621 contra
1599 572 1711 621 statuta
1729 583 1808 622 cano·

129 660 207 711 creta
220 656 263 710 vel
278 659 441 710 sanctorum
462 656 600 711 terminos
622 658 738 711 Petrum
760 658 838 712 nullo
859 656 944 712 modo
993 676 1063 713 num
1090 676 1122 713 ac
1155 662 1254 714 nostra
1287 665 1431 730 praecepta
1465 659 1665 714 ordinationes
1702 660 1810 715 illicitas

127 750 290 805 transcendi
304 748 462 821 permittas,
474 750 611 822 quoniam
629 749 716 821 digna
729 751 842 806 honoris
851 768 944 807 remu·
993 756 1178 824 perpetrasse,
1194 769 1316 824 quarum
1331 752 1373 807 illi
1387 757 1476 807 totam
1490 754 1605 824 penitus
1619 753 1730 807 auferri
1742 771 1807 824 prce·

128 843 276 899 nerationc
309 842 502 898 cumulandus
530 860 569 911 es,
598 860 649 914 per
674 860 760 916 quem
790 850 818 900 et
844 846 873 899 in
899 845 944 900 his
993 845 1112 917 cipimus
1132 850 1310 918 potestatem.
1335 846 1504 917 Scripsimus
1526 845 1657 901 enimad
1682 846 1808 902 Sevemm

127 937 291 1009 regionibus
313 936 447 992 divinitus
469 953 594 991 crescere
612 937 737 993 innotuit
752 940 853 994 cultus.
870 940 944 994 [leus
993 939 1110 994 fratrem
1124 942 1153 994 et
1163 939 1363 1011 coepiscopum
1379 943 1522 1008 nostrum,
1535 943 1567 994 ut
1582 940 1604 994 si
1620 956 1739 994 neccsse
1754 941 1807 996 fuc-

127 1036 155 1086 te
170 1032 336 1086 incolumen
358 1029 507 1097 custodiat,
522 1030 611 1085 frater
625 1031 799 1087 charissime.
993 1033 1038 1099 rit,
1054 1034 1113 1103 ipse
1126 1033 1156 1086 in
1169 1032 1331 1104 supradicta
1343 1033 1476 1102 Ecclesia,
1490 1033 1681 1088 consideratis
1697 1035 1807 1088 Patr-um

164 1147 285 1218 Epistola
294 1146 429 1216 simplicii
440 1161 520 1230 μαψ
534 1147 571 1200 ad
583 1149 713 1202 ,ioannem
726 1150 907 1203 Ravennam„
977 1127 1109 1197 regulis,
1128 1126 1183 1181 hoc
1202 1127 1340 1196 fungatur
1359 1126 1463 1192 officio,
1477 1143 1533 1197 quo
1551 1126 1601 1180 ille
1625 1126 1734 1182 abusus
1754 1144 1808 1182 esse

456 1233 616 1288 episcopum.

164 1312 193 1366 Si
206 1311 269 1383 quis
282 1313 356 1365 esset
370 1309 487 1364 intuitus
505 1310 700 1365 ecclesiasticae
720 1311 884 1382 disciplina,
900 1313 942 1368 vel
992 1314 1075 1381 vecti,
1090 1314 1124 1368 ab
1138 1312 1333 1367 ecclesiasticis
1346 1313 1511 1367 ministeriis
1526 1313 1585 1367 sint
1598 1313 1718 1369 remoti.
1728 1313 1808 1368 Simul

129 1407 151 1460 si
175 1404 244 1477 quid
267 1405 342 1474 apud
363 1409 389 1457 te
412 1403 592 1457 sacerdotalis
617 1403 763 1458 modestiae
785 1407 941 1473 teneretur,
992 1407 1079 1461 etiam
1094 1406 1129 1461 dc
1145 1405 1303 1461 redditibus
1325 1406 1452 1460 Ecclesiae
1465 1405 1508 1460 vel
1527 1406 1676 1462 oblatione
1689 1406 1807 1462 fidelium

127 1513 275 1570 nunquam
289 1496 446 1568 plectibiles
458 1499 695 1568 perpetrarentur
707 1513 845 1565 excessus,
856 1515 872 1553 a
883 1499 943 1570 qui·
993 1499 1060 1570 quid
1077 1499 1176 1554 deceat
1187 1498 1328 1553 nescienti
1341 1499 1411 1552 nihil
1425 1499 1511 1553 licere
1522 1499 1687 1570 permittat,
1699 1501 1748 1554 sed
1757 1500 1808 1555 sole

126 1591 218 1647 bussi
234 1591 313 1645 nullo
328 1594 353 1644 te
369 1595 554 1660 paternarum
566 1590 730 1660 regularum
745 1596 859 1661 poteras
873 1608 941 1646 con·
992 1593 1020 1646 εἰ
1034 1608 1067 1646 ex
1080 1592 1123 1647 his
1138 1597 1240 1663 quarta
1258 1591 1352 1663 portio
1370 1593 1533 1647 remittatur
1539 1610 1548 1661 3
1561 1591 1631 1646 duae
1645 1592 1807 1648 ecclesiasti·

125 1685 217 1742 tinere
232 1688 386 1756 precepto,
398 1682 498 1739 saltem
510 1687 613 1737 sanctae
624 1683 774 1738 memoriae
784 1685 941 1755 praedeces-
991 1685 1030 1740 cis
1051 1685 1176 1754 fabricis,
1191 1688 1220 1740 et
1232 1685 1390 1756 erogationi
1410 1685 1636 1757 peregrinorum
1657 1689 1687 1740 et
1708 1702 1807 1758 paupe

126 1778 198 1834 soris
227 1777 267 1832 tui
298 1777 392 1832 fueras
425 1776 602 1830 revocandus
635 1778 774 1847 exemplo.
800 1776 852 1842 Qui
876 1757 1056 1835 cumBrum
1078 1780 1236 1850 profuturae
1249 1779 1283 1832 ab
1299 1778 1404 1850 Ovagio
1426 1779 1596 1849 presbytero
1617 1779 1673 1833 sub
1689 1779 1806 1850 periculo

125 1870 460 1943 faciendoprcsbytorum
469 1869 942 1941 minusdeliquissctinvitum,sen·
991 1872 1035 1928 sui
1059 1872 1166 1927 ordinis
1194 1872 1405 1941 ministrentur3
1425 1871 1527 1926 ultima
1552 1872 1633 1927 inter
1657 1888 1689 1926 se
1710 1873 1806 1927 clericis

126 1969 201 2021 serat
212 1970 309 2020 tamen
323 1963 444 2034 dignum
457 1979 509 2034 pro
524 1963 574 2041 tali
588 1964 772 2034 usurpatione
787 1963 939 2034 judicium.
991 1983 1043 2037 pro
1057 1965 1235 2036 singulorum
1248 1965 1355 2020 meritis
1368 1964 1520 2019 dividatur.
1533 1967 1647 2019 Atvero
1656 1965 1806 2019 ministerii

125 2058 178 2115 Ubi
197 2060 251 2113 ista
271 2055 401 2124 didicisti,
416 2072 481 2128 quae
500 2056 529 2110 in
548 2056 667 2112 fratrem
690 2060 720 2112 ct
743 2057 940 2130 coepiscopum
991 2059 1121 2113 Ecclesiae
1140 2074 1204 2129 qua.
1226 2058 1349 2113 alienata
1371 2058 1563 2129 comperimus
1587 2074 1729 2128 reparare
1742 2075 1805 2129 pre·
1826 2135 1829 2138 Α

125 2156 256 2208 nostrum
287 2149 466 2221 Gregorium,
491 2165 548 2202 uon
581 2150 720 2205 electione
757 2150 804 2205 scd
835 2149 941 2206 invidia
991 2155 1122 2223 sumptor
1151 2151 1278 2222 praedicti
1313 2151 1409 2206 fratris
1446 2152 1637 2222 compellatur
1668 2150 1804 2217 instandi,

124 2243 304 2318 perpetrasti,
320 2258 407 2314 quem
421 2242 607 2297 inexcusabili
620 2242 754 2297 violentia
767 2243 895 2314 pertrahi
905 2242 940 2298 ad
990 2245 1035 2300 cui
1061 2245 1145 2300 etiam
1172 2245 1201 2299 in
1231 2245 1284 2299 boc
1312 2244 1472 2316 specialiter
1497 2243 1690 2315 precipimus
1718 2244 1803 2299 immi·

125 2342 154 2394 te
167 2343 399 2410 passusesatque
412 2335 517 2405 vexari,
530 2335 747 2391 uteihonorem
760 2340 939 2392 tantumnon
991 2354 1069 2406 nere,
1095 2344 1126 2394 ut
1147 2343 1205 2393 tres
1229 2337 1289 2392 ilias
1315 2338 1457 2408 portiones
1485 2354 1557 2409 quas
1579 2354 1634 2409 per
1659 2337 1803 2393 triennium

124 2448 176 2504 per
191 2430 279 2487 animi
299 2429 543 2501 tranquillitatem,
558 2429 607 2484 sed
622 2446 674 2501 per
688 2430 846 2485 amentiam
868 2430 941 2484 sicut
990 2432 1094 2487 dicitur
1109 2431 1162 2486 sibi
1185 2431 1381 2486 tantummodo
1401 2430 1568 2497 vindicasse,
1586 2431 1732 2486 restituat.
1746 2432 1803 2485 flata

124 2526 277 2582 dicendum
297 2523 626 2594 estirrogaresteque
649 2523 726 2578 enim
745 2524 814 2579 talia
828 2523 938 2595 potuis·
989 2542 1038 2581 ιιιιι
1059 2524 1198 2580 Kalendas
1221 2524 1391 2592 Decembris,
1417 2529 1482 2595 post
1503 2524 1691 2580 consulatum
1714 2523 1803 2579 Leonb

123 2622 187 2675 sent
195 2617 258 2674 fieri
266 2617 388 2672 sanitate
401 2615 521 2671 consilii.
536 2616 854 2687 Nolumuseraggerare
864 2617 939 2687 quod
989 2618 1119 2690 Augusti.

124 2719 237 2785 gestum
251 2713 304 2778 est,
319 2726 354 2765 ne
367 2725 506 2778 cogamur
517 2708 646 2780 judicare
659 2709 734 2780 quod
753 2708 873 2779 dignum
888 2715 937 2765 est.
1200 2695 1292 2769 231
1310 2698 1465 2767 Simplicius
1480 2699 1593 2754 Acacio.

123 2807 196 2861 Nam
219 2803 399 2876 privilegium
422 2806 549 2856 meretur
568 2802 713 2868 amittere,
729 2802 778 2873 qui
801 2802 939 2872 permissa
1025 2803 1800 2876 DilectissimofratriAcacioSimplicius.Cogitationnm

123 2897 176 2955 sibi
190 2896 317 2952 abutitur
334 2898 480 2966 potestate.
496 2894 553 2950 Sed
568 2911 625 2948 una
637 2911 690 2950 nos
710 2895 783 2950 ratio
799 2895 866 2950 facit
878 2912 938 2951 esse
988 2899 1070 2954 ferias
1082 2914 1140 2953 non
1156 2897 1306 2965 habemus,
1323 2914 1375 2952 nec
1390 2899 1468 2952 enim
1489 2897 1639 2969 quiescere
1659 2915 1713 2953 nos
1729 2912 1800 2952 causa

124 2989 270 3047 sententie
293 2987 442 3056 mollioris,
463 3003 548 3058 quam
573 2987 728 3043 maluimus
748 2991 775 3042 te
799 2988 887 3044 fratre
911 2993 940 3044 et
989 2992 1137 3063 permittit,
1149 3007 1236 3064 quam
1249 2991 1273 3044 si
1287 2991 1490 3062 relinquamus,
1501 2990 1615 3045 Christo
1625 2991 1748 3046 Domino
1757 3006 1800 3045 no·

122 3084 288 3157 coepiscopo
316 3088 411 3138 nostro
435 3082 562 3152 Projecto
587 3081 729 3136 referente
754 3098 936 3154 cognoscere,
948 3122 976 3197 C
989 3091 1047 3140 stro
1060 3085 1140 3155 cujus
1154 3084 1280 3150 interest,
1295 3083 1499 3138 inexcusabiles
1519 3100 1632 3138 sumus.
1650 3085 1686 3139 Et
1706 3084 1798 3138 mirum

121 3195 179 3236 non
200 3176 303 3233 nostris
321 3176 423 3232 litteris
442 3180 557 3247 propter
571 3175 758 3246 opprobrium
781 3176 935 3247 publicare.
974 3184 1030 3234 -est
1039 3178 1220 3232 dilectionem
1233 3180 1314 3231 tuam
1330 3182 1371 3232 tot
1384 3177 1508 3232 emensis
1522 3177 1720 3249 temporibus,
1731 3180 1798 3234 erra

122 3275 194 3329 Nam
209 3270 350 3337 scandala,
363 3269 443 3341 cujus
456 3273 553 3323 auctor
568 3269 741 3339 agnosceris,
759 3269 796 3323 ita
809 3270 936 3325 modera-
987 3271 1246 3344 opportunitatibus
1278 3271 1344 3326 inde
1374 3270 1564 3337 venientibus,
1592 3271 1669 3325 nihil
1702 3269 1797 3326 noste

121 3367 162 3423 tio
175 3371 272 3420 nostra
283 3361 470 3435 compescuit,
480 3367 513 3417 ut
525 3362 612 3417 frater
623 3367 650 3416 et
663 3362 847 3434 coepiscopus
856 3379 938 3418 meus
987 3364 1178 3420 Alexandrina
1187 3365 1318 3432 Ecclesia,
1326 3382 1390 3437 quae
1399 3371 1457 3420 tam
1468 3363 1597 3436 graviter
1606 3365 1746 3436 quatitur,
1752 3364 1798 3418 ins

121 3461 207 3532 Greg.
222 3474 309 3531 quem
323 3473 381 3512 non
406 3461 570 3527 proveetum
595 3459 704 3510 constat
719 3472 789 3523 csse,
805 3456 854 3510 sed
873 3456 936 3527 pul·
987 3459 1294 3528 truerevoluisse,cum
1306 3461 1534 3526 monerete,nec
1544 3458 1797 3529 increpationostra

122 3571 196 3620 sum,
211 3552 320 3606 nullam
332 3567 456 3618 causam,
470 3551 543 3604 sicul
564 3548 653 3620 petiit,
667 3554 760 3604 tecum
778 3549 936 3616 habiturus,
987 3554 1137 3621 destiterit,
1152 3557 1185 3608 ut
1202 3553 1372 3624 participata
1394 3550 1585 3606 sollicitudine
1606 3552 1718 3607 litteras
1731 3565 1797 3606 meas

120 3647 307 3704 liucirensem
327 3645 468 3716 gubernat
486 3642 649 3708 Ecclesiam,
668 3647 696 3697 ct
717 3643 937 3698 contubernium
987 3649 1062 3720 apud
1076 3645 1349 3704 christianissimum
1363 3645 1531 3717 principem,
1549 3646 1796 3716 presentibustua

121 3740 247 3813 spiritale
266 3739 341 3810 quod
361 3737 456 3792 sortiri
480 3753 536 3790 nou
558 3736 708 3807 oportebat
730 3736 862 3805 invitum,
879 3753 936 3791 non
988 3741 1147 3797 dilectionis
1167 3740 1346 3812 prosequeris
1363 3738 1503 3809 alloquiis,
1517 3741 1548 3792 et
1567 3738 1694 3794 instituti
1708 3735 1795 3793 veteris

121 3838 233 3891 recuset
245 3832 386 3904 amplecti.
401 3829 450 3885 Cui
465 3829 569 3901 siquid
589 3829 698 3901 negotii
715 3830 831 3885 forsitan
844 3846 936 3885 emer·
987 3847 1098 3886 memor
1107 3829 1368 3885 inorthodonorum
1378 3827 1578 3883 defensionem
1589 3824 1795 3893 nobiscnm,sio

121 3928 338 3995 serit,nostrum
352 3941 386 3980 ειι
397 3926 481 3979 eovel
491 3929 591 3979 contra
604 3940 668 3977 cum
681 3926 794 3995 petatur
805 3940 935 3979 examen.
986 3928 1020 3979 ut
1034 3940 1145 3995 semper
1158 3922 1348 3988 incumberes,
1360 3937 1396 3975 ne
1413 3920 1568 3992 quisquam
1583 3926 1717 3976 nostrum
1726 3918 1793 3975 Chri·

121 4021 339 4079 Necessitalibus
359 4018 457 4086 etiam,
474 4034 543 4088 quas
567 4017 687 4071 faciente
709 4020 736 4070 te
758 4017 938 4089 compellitur
987 4018 1077 4073 stiana
1097 4017 1180 4090 plebe
1196 4019 1334 4088 pereunte
1356 4017 1467 4069 reatum
1492 4013 1652 4070 deditionis
1674 4014 1793 4070 incurrat

121 4116 272 4181 sustinere,
299 4114 351 4167 hac
375 4110 543 4165 definitione
574 4110 758 4177 consulimus,
784 4113 817 4165 ut
841 4111 937 4166 refuso
987 4110 1066 4168 Unde
1086 4111 1233 4166 hortamur
1255 4107 1562 4180 dilectionemgtuam,
1590 4110 1624 4162 ut
1648 4110 1792 4180 opportune

121 4208 230 4280 praedio
247 4206 322 4279 quod
336 4209 402 4259 ante
419 4220 528 4258 aunum
544 4203 598 4257 sibi
613 4203 712 4257 datum
732 4219 792 4258 esse
810 4220 935 4260 comme·
986 4208 1072 4276 atque
1085 4204 1247 4275 importune
1257 4201 1311 4274 piis
1326 4200 1441 4256 auribus
1454 4199 1605 4256 insinuare
1615 4217 1676 4257 non
1689 4199 1789 4260 desinat,

122 4307 223 4369 morat,
232 4306 317 4371 atque
328 4299 362 4352 ed
376 4297 528 4352 Ecclesiam
543 4298 734 4351 Ravennatem
749 4314 860 4352 reverso
869 4314 936 4369 pos·
987 4304 1127 4370 quatenus
1154 4295 1352 4351 Alexandrinas
1379 4293 1510 4348 Ecclesiae
1536 4311 1594 4365 pax
1621 4300 1717 4367 optata
1736 4287 1786 4347 red

122 4395 207 4452 sessio
221 4394 252 4449 in
268 4390 437 4448 bononiensi
453 4390 569 4461 triginta
591 4390 747 4445 solidorum
764 4392 889 4447 redditus
902 4393 935 4446 li·
987 4392 1079 4459 datur,
1093 4394 1121 4447 et
1142 4390 1272 4446 celeriter
1289 4388 1443 4460 vigilantiae
1464 4390 1520 4442 tuae
1543 4391 1704 4459 proventus
1720 4383 1785 4441 tole

121 4490 257 4546 berorum
271 4487 331 4542 sine
348 4483 525 4541 dubitatione
539 4485 669 4539 tradatur
687 4486 717 4538 in
738 4484 815 4540 diem
831 4485 976 4567 scilicet‘D
987 4490 1076 4541 catur.
1092 4487 1161 4540 Data
1175 4500 1223 4540 ιιιιι
1245 4483 1309 4540 Idus
1330 4481 1477 4550 Novemb.,
1496 4480 1639 4537 Severino
1659 4496 1741 4548 cous,
1753 4475 1783 4530 di·

122 4585 186 4640 vite
201 4583 271 4655 ejus,
286 4581 361 4635 salvo
374 4577 556 4651 proprietatis
571 4578 637 4649 jure
657 4578 826 4634 Ravennatis
841 4580 935 4634 Eccle·
985 4584 1062 4634 recta
1074 4595 1127 4650 per
1139 4577 1322 4633 Restitutum.

123 4677 182 4745 siae,
192 4677 228 4731 ad
238 4692 322 4748 quam
337 4677 401 4746 post
408 4671 537 4745 praedicti
555 4672 665 4727 obitum
677 4675 845 4728 revertetur.
855 4672 936 4737 Quod
986 4696 1152 4765 Resmqpmm
1167 4695 1262 4751 Aeac„
1276 4693 1314 4748 ag
1330 4691 1500 4762 ggmpggqum
1513 4692 1593 4747 urps,
1608 4694 1701 4750 pm
1713 4684 1780 4746 ,ftu-
1835 4702 1836 4708 Ι

123 4772 220 4827 sinon
240 4768 327 4824 fuerit
345 4766 450 4822 nostris
470 4766 595 4838 partium
619 4766 777 4821 constitutis
791 4766 859 4837 quid
873 4768 937 4837 post
1312 4766 1474 4834 episcopum.

122 4861 377 4934 transgressionem
390 4863 514 4928 maneat,
526 4865 723 4915 contumacem
738 4860 798 4932 ipse
811 4876 934 4932 perpcn·
1022 4860 1144 4915 [lomina
1178 4863 1277 4914 sancto
1307 4857 1380 4929 patri
1412 4854 1634 4927 archiepiscopo
1664 4847 1780 4926 simplos

122 4958 174 5014 dis.
189 4955 510 5022 Denuntiamusautem,
523 4953 600 5026 quod
613 4954 635 5008 si
650 4954 768 5025 posthac
782 4953 937 5027 quidquam
985 4954 1114 5008 Aeacius.
1142 4951 1368 5009 Sollicitudinem
1390 4948 1522 5005 omnium
1545 4949 1731 5006 Ecclesiamm
1748 4955 1780 4997 tt·
1834 4957 1836 5007 t

121 5053 177 5108 tale
202 5047 427 5123 praesumpseris,
456 5053 484 5103 et
515 5047 650 5119 aliquem,
680 5064 728 5104 seu
761 5047 934 5121 episcopum,
987 5046 1114 5103 cundum
1127 5047 1294 5118 Apostolum
1303 5044 1540 5100 circumferentes
1549 5058 1605 5098 nos
1614 5037 1781 5100 indesinenter
1834 5060 1836 5081 Ι

122 5163 171 5202 seu
200 5142 411 5216 presbyterum,
438 5158 486 5196 seu
514 5141 663 5197 diaconum
690 5141 812 5198 invitum
844 5141 936 5198 facere
987 5140 1151 5209 hortamini,
1165 5139 1295 5212 quamvis
1306 5142 1406 5210 sponte
1419 5136 1572 5208 vigilantes
1584 5152 1621 5193 nc
1633 5141 1781 5211 praecurret-
1834 5141 1836 5178 Ι

121 5242 193 5297 forte
236 5236 404 5306 credideris,
443 5234 635 5291 ordinationes
671 5235 722 5291 tibi
766 5235 936 5292 Ravennatis
987 5240 1040 5304 tes,
1057 5233 1106 5289 sed
1121 5250 1168 5287 vos
1184 5232 1279 5288 divino
1291 5232 1349 5287 zelo
1362 5229 1495 5284 sollicitos
1518 5229 1728 5295 demonstretis,
1739 5224 1780 5278 ⁵2¹·
1833 5236 1836 5271 Ι

120 5335 251 5393 Ecclesiae
274 5334 317 5387 vel
339 5329 498 5386 Emiliensis
523 5329 633 5384 noveris
661 5328 841 5384 auferendas.
865 5329 937 5383 Data
986 5334 1047 5384 lum
1071 5327 1267 5382 Alexandrinae
1290 5325 1417 5380 Ecclesia
1439 5322 1548 5378 certius
1570 5316 1781 5398 reqvnrenusvl
1833 5336 1836 5353 ¹

121 5445 150 5486 ιιι
174 5425 313 5482 Kalendas
336 5423 421 5488 lunii,
436 5423 585 5479 Severiano
606 5421 665 5476 viro
688 5421 844 5476 clarissimo
868 5437 936 5477 con·
987 5439 1037 5494 pro
1066 5420 1192 5493 paternis
1218 5419 1376 5474 canonibus
1400 5415 1561 5487 suscipiatis
1583 5418 1712 5474 laborem
1730 5408 1779 5484 ffb*
1832 5420 1836 5458 Ι

120 5523 191 5577 sule.
985 5516 1058 5570 simo
1089 5515 1226 5569 stillantes
1250 5511 1354 5568 sudore
1377 5528 1429 5584 pro
1453 5510 1508 5578 his,
1529 5509 1607 5566 sicut
1627 5522 1733 5582 semper
1749 5502 1779 5554 ΙΙΙ
1832 5516 1836 5552 ³

121 5639 244 5710 epistota
266 5637 399 5705 Simplicii
409 5648 491 5704 papae
503 5632 541 5687 ad
553 5632 727 5695 florentium,
743 5632 894 5703 Equitium,
911 5639 936 5689 22
986 5609 1193 5681 approbatum3
1215 5607 1264 5663 sed
1277 5606 1404 5663 Christus
1417 5605 1490 5659 ilerrs
1509 5606 1614 5661 noster
1625 5603 1675 5678 qui
1686 5599 1778 5669 dihssl·
1831 5608 1836 5649 Ι

382 5706 520 5766 Seuerum,
532 5705 673 5774 episcopis.
985 5702 1061 5758 tibus
1070 5719 1099 5756 se
1112 5702 1143 5757 iu
1153 5702 1259 5756 bonum
1273 5703 1451 5771 cooperatur,
1463 5697 1574 5755 nostris
1585 5688 1779 5771 cogitetionrblss
1830 5702 1836 5743 Ι

139 5801 310 5877 Simplicius
337 5799 488 5878 episcopus
513 5796 669 5871 Florentio,
690 5796 815 5876 Equitio,
834 5802 864 5854 et
885 5798 934 5855 Se·
985 5797 1121 5868 insidens,
1138 5801 1166 5851 et
1177 5811 1264 5851 unam
1276 5793 1358 5850 nobis
1372 5792 1402 5850 in
1416 5790 1609 5853 hiemantem
1625 5795 1778 5871 :quote
1830 5794 1836 5837 Ι
