3870 6150
736 260 973 320 bucneratlnll
992 265 1184 320 commuue.

255 467 319 542 84
343 442 553 538 INCIPIT
587 443 896 541 CONCILIUM
932 446 1407 543 CAR'IHAGINENSE
1442 453 1670 546 SEXTUM

442 604 572 668 Gestum
586 607 628 670 ot
643 608 800 691 episcopis
817 607 961 672 ducentis
976 607 1084 671 decem
1099 615 1130 671 et
1143 615 1275 690 septem,
1291 627 1359 671 mro
1372 628 1484 674 convn.

152 761 190 815 In
202 758 255 813 hoc
267 757 387 813 concilio
399 761 493 813 actum
514 763 556 815 est
577 762 609 814 nt
623 760 768 815 Nicaenum
783 761 935 817 concilium
946 760 1053 846 Auctis
1072 776 1164 832 nuper
1177 761 1382 831 allegaverunt,
1399 766 1428 816 et
1443 766 1546 817 catera
1568 780 1631 836 quae
1655 767 1717 819 acta
1737 770 1804 821 sunt

124 856 157 912 ab
183 852 321 924 episcopis
335 851 515 907 orientalibus
530 856 684 923 peteretur,
699 855 743 909 eui
763 856 872 927 synodo
894 858 937 911 iu·

129 945 221 1005 teriuit
233 945 339 1016 legatio
351 945 484 1002 EcclesIae
498 946 644 1015 Romame,
661 947 811 1002 Faustinus
831 950 938 1021 episco-

134 1056 190 1112 pus,
204 1038 348 1111 Philippus
366 1041 395 1093 et
407 1041 517 1094 Asellus
537 1039 707 1112 presbyteri.
722 1042 789 1096 Post
810 1045 937 1098 consula-

140 1140 190 1189 tum
203 1131 467 1203 gloriosissimorum
480 1133 684 1204 Imperatorum
699 1135 816 1189 llonorii
830 1136 937 1193 dnode-

145 1227 201 1294 cimi,
214 1230 241 1280 et
252 1225 401 1280 Theodosii
416 1230 548 1281 octavum
563 1229 765 1298 Augustorum,
779 1246 827 1284 vni
839 1230 939 1286 Kalen·

148 1321 182 1376 das
191 1319 270 1387 Iunii,
285 1319 389 1391 scripta
402 1320 462 1374 haec
475 1325 541 1374 sunt
554 1320 725 1393 Carthagine
742 1322 771 1376 in
786 1324 937 1380 secretario

149 1413 243 1467 bullica
259 1414 363 1482 Fausti,
379 1430 443 1468 cum
458 1413 589 1468 Aurelius
601 1430 674 1486 papa
689 1431 745 1469 una
758 1431 823 1471 curn
836 1417 937 1472 Valen-

151 1507 191 1561 tino
209 1507 307 1578 primu
327 1506 401 1562 sedis
424 1507 574 1575 Numidiae,
600 1511 629 1561 et
652 1508 785 1564 Faustino
808 1510 937 1566 Ecclesiae

151 1599 278 1654 latentium
289 1600 389 1671 pmmae
397 1600 472 1655 sedis
479 1601 631 1672 provinciae
641 1603 725 1657 ltalia
735 1603 834 1659 Piceni
842 1603 937 1675 legato

151 1692 251 1748 Ecclesiae
272 1692 416 1760 Itomanae,
432 1695 482 1748 sed
504 1700 533 1749 et
553 1695 656 1765 legatis
677 1695 853 1751 diversarum
868 1713 936 1768 pro·

151 1786 279 1842 unciarum
302 1787 512 1856 AlrIcanarum,
527 1788 557 1842 id
579 1791 631 1856 est,
647 1788 845 1846 Numidlarum
866 1792 936 1846 dua·

152 1894 203 1947 ran,
216 1880 385 1949 libamenta,
398 1881 574 1937 Mauritaniae
593 1881 741 1951 Sitifensis,
756 1890 784 1938 et
804 1884 935 1940 Maurita-

153 1971 381 2042 mosonensis,
396 1975 446 2028 sed
460 1977 489 2028 et
507 1974 636 2045 Tripolis,
653 1979 681 2029 et
700 1976 847 2032 Vincentio
860 1978 935 2032 Culi-

988 855 1032 909 vel
1042 870 1107 926 quae
1122 856 1235 925 agenda
1249 860 1326 922 sunt,
1337 855 1554 928 subsequantur.
1568 857 1662 912 Daniel
1674 859 1804 915 notarius

989 948 1120 1002 recitavit
1142 949 1394 1004 commonitorIum
1429 950 1510 1003 tratri
1538 951 1669 1005 Faustmo
1691 956 1720 1007 et
1738 952 1805 1007 tiliis

988 1040 1118 1113 Philippo
1134 1047 1161 1096 et
1173 1042 1265 1097 Asello
1279 1042 1463 1113 presbyteris.
1485 1043 1615 1098 Zosimus
1634 1044 1802 1116 episcopus:

987 1134 1073 1189 Vobis
1098 1135 1251 1190 commissa
1275 1136 1395 1206 negotia
1427 1153 1486 1191 non
1512 1136 1608 1203 latent,
1636 1152 1686 1191 vos
1710 1138 1751 1192 ita
1775 1144 1805 1194 ut

988 1234 1096 1296 nostra,
1112 1228 1171 1282 imo
1185 1229 1254 1300 quia
1269 1234 1363 1284 nostra
1377 1229 1415 1284 ihi
1434 1229 1465 1284 in
1482 1230 1560 1284 vobis
1582 1231 1733 1301 praesentia
1752 1236 1803 1299 est,

988 1326 1089 1377 cuncta
1103 1323 1241 1393 peragite,
1253 1323 1377 1377 maxime
1388 1340 1453 1378 cum
1469 1328 1498 1379 et
1509 1324 1563 1378 hoc
1577 1329 1707 1379 nostrum
1718 1325 1805 1396 possi·

986 1414 1024 1470 tis
1046 1415 1151 1470 babere
1175 1415 1354 1483 mandatum,
1369 1420 1398 1471 et
1419 1417 1501 1471 verba
1525 1434 1667 1473 canonum
1689 1434 1754 1490 que
1774 1418 1805 1473 in

987 1509 1144 1581 plenIorem
1157 1508 1322 1565 firmttatem
1345 1511 1412 1565 huic
1427 1512 1644 1567 commonItorio
1660 1512 1804 1584 inscripsi-

987 1618 1061 1670 mus,
1089 1603 1127 1657 ita
1155 1603 1233 1658 enlm
1256 1604 1398 1671 dixerunt,
1431 1605 1604 1660 dilectissimi
1639 1607 1750 1674 iratres,
1774 1607 1805 1661 in

987 1695 1105 1751 concilio
1119 1697 1243 1764 NIcaeno,
1257 1714 1322 1752 cum
1336 1697 1371 1752 de
1390 1699 1591 1770 episcoporum
1612 1701 1805 1771 appellatione

987 1789 1183 1844 decernerent.
1200 1791 1309 1844 Placuit
1331 1796 1429 1845 autem
1453 1794 1483 1845 ut
1507 1791 1529 1844 si
1554 1793 1704 1862 episcopus
1725 1809 1805 1847 aceu-

987 1885 1062 1937 satns
1075 1883 1171 1949 fuerit,
1186 1889 1214 1938 et
1225 1883 1414 1952 judicaverint
1426 1885 1592 1955 congregati
1615 1885 1740 1956 episcopi
1755 1903 1801 1940 re·

987 1974 1079 2047 gionis
1092 1975 1189 2047 Ipsius,
1199 1980 1227 2030 et
1237 1976 1271 2030 de
1286 1977 1377 2046 gradu
1393 1993 1444 2031 suo
1455 1977 1610 2048 dejecerint
1623 1993 1699 2047 eum,
1712 1981 1742 2032 et
1751 1995 1802 2050 ap·

152 2064 226 2137 iuno,
240 2067 451 2133 Fortunatiano,
465 2074 494 2122 et
506 2068 616 2123 caeteris
629 2070 766 2141 episcopis
784 2071 936 2142 provinciae
987 2069 1105 2140 pellasse
1118 2069 1267 2140 episcopus
1279 2070 1418 2136 videatur,
1432 2076 1461 2124 et
1474 2070 1636 2141 confugerit
1647 2071 1683 2126 ad
1696 2071 1802 2127 beatis·

151 2161 343 2230 proconsnlaris,
364 2161 493 2216 ducentis
520 2162 620 2217 decern
642 2166 672 2216 et
692 2169 812 2234 septem,
825 2142 1089 2220 necnonBstmnm
1117 2162 1249 2217 EcclesIae
1271 2163 1408 2217 Romanae
1434 2164 1609 2235 episcopum,
1631 2169 1659 2219 et
1681 2165 1803 2221 voluerit

151 2251 251 2325 Philippo
272 2259 301 2309 et
321 2255 413 2309 Asello
439 2254 611 2326 presbyteris
636 2256 769 2312 Romanae
794 2258 934 2326 Ecclesia,
985 2255 1077 2310 audiri
1098 2261 1126 2311 et
1146 2256 1257 2325 justum
1279 2256 1421 2326 putaverit
1444 2259 1477 2310 ut
1496 2260 1649 2312 renovetur
1671 2273 1802 2314 examen.

153 2360 197 2400 cnn
206 2347 373 2403 consedisset
384 2348 542 2403 astantibus
555 2349 720 2405 diaconibus
731 2351 863 2407 Aurelius
878 2353 937 2424 epi·
986 2349 1108 2404 scribere
1131 2348 1176 2402 his
1197 2349 1338 2421 episeopis
1362 2349 1508 2421 dIgnetur,
1521 2349 1569 2422 qni
1584 2351 1614 2405 in
1636 2350 1756 2406 finitima
1775 2358 1804 2407 et

153 2454 228 2511 scopus
239 2440 317 2497 dixit.
985 2443 1147 2514 propinqua
1159 2442 1305 2513 provincia
1319 2448 1394 2510 sunt,
1408 2449 1441 2498 ut
1457 2443 1511 2514 ipsi
1528 2444 1681 2514 dIIIgenter
1705 2445 1802 2500 omnia

174 2534 222 2590 tar.
236 2536 254 2590 l.
267 2537 333 2591 Post
350 2535 428 2590 diem
448 2537 635 2608 praestitutam
653 2537 776 2606 consilli,
792 2544 824 2593 ut
839 2555 934 2594 recor·
986 2537 1145 2607 requirant,
1155 2539 1184 2590 et
1192 2536 1273 2606 juxta
1287 2536 1374 2590 fldem
1387 2537 1513 2591 veritatis
1526 2537 1676 2607 deliniant3
1688 2539 1764 2609 quod
1778 2539 1801 2593 si

153 2624 240 2697 onim,
253 2629 356 2683 iratres
368 2629 536 2699 beatissimi,
550 2631 641 2686 multa
655 2631 782 2703 flagitata
797 2636 863 2686 sunt
884 2649 937 2704 per
974 2628 1067 2704 ,isqui
1077 2633 1159 2699 rogat
1168 2646 1280 2684 eausmn
1289 2646 1371 2685 suam
1383 2630 1486 2685 iterum
1498 2630 1591 2685 audin
1601 2631 1801 2703 deprecatione

153 2723 312 2790 exspectantes
325 2722 609 2796 iratresuostrosqui
624 2741 701 2779 nune
714 2725 750 2779 ad
764 2730 936 2798 presentem
986 2738 1039 2777 sua
1060 2722 1181 2777 moverit
1201 2722 1364 2794 episcopum
1386 2725 1549 2778 Romanum
1565 2729 1625 2779 ute
1646 2725 1733 2780 latere
1752 2742 1803 2780 suo

153 2815 263 2882 numum
276 2815 364 2887 legati
377 2817 553 2872 advenerunt
574 2834 638 2889 quae
655 2819 740 2890 gestis
760 2835 874 2874 necesse
895 2824 937 2874 est
986 2817 1183 2889 presbyterum
1200 2816 1304 2886 mittet,
1319 2817 1414 2871 ericio
1439 2824 1578 2888 potestate
1603 2818 1726 2890 episcopi
1746 2820 1801 2873 lto-

153 2909 328 2965 consocientur.
342 2911 401 2975 Qua
424 2911 460 2966 de
483 2928 514 2966 re
535 2912 656 2967 Domino
678 2917 773 2967 nostro
793 2913 828 2968 de
850 2916 936 2968 tantae
987 2909 1065 2964 mani
1078 2910 1148 2980 quid
1170 2910 1235 2964 velit
1257 2911 1374 2983 etquid
1396 2910 1546 2979 eristImet,
1563 2911 1628 2965 etsi
1644 2911 1802 2968 decreverit

154 3002 353 3074 congregauonis
368 3008 441 3059 coetu
456 3005 564 3075 gratias
587 3006 750 3077 reterImus,
764 3012 892 3079 superest
906 3011 938 3062 ut
986 3003 1140 3058 mittendos
1155 3021 1215 3058 esse
1236 3004 1285 3075 qni
1302 3010 1455 3074 praesentes
1480 3021 1545 3060 cum
1568 3005 1705 3077 episcopis
1722 3006 1801 3077 jndi-

153 3096 371 3169 tameremplaria
385 3098 489 3153 Nicaeni
502 3099 613 3153 consilli
623 3116 686 3171 quas
700 3117 776 3154 nunc
788 3100 935 3170 habemus,
986 3101 1061 3164 cent,
1086 3097 1223 3152 habentes
1246 3098 1441 3152 auctorilatem
1466 3099 1527 3169 ejus
1549 3115 1566 3153 a
1590 3115 1647 3170 quo
1670 3099 1801 3155 destinati

153 3192 195 3241 cta
205 3189 325 3246 Patribus
340 3192 489 3246 constituta
502 3198 577 3259 suut,
594 3209 679 3264 quam
694 3192 779 3247 etiam
792 3193 838 3248 hle
854 3211 871 3248 a
885 3195 935 3248 de·
985 3194 1061 3260 sunt,
1076 3192 1131 3245 erIt
1147 3191 1175 3244 in
1189 3207 1240 3245 suo
1263 3191 1391 3246 arbitrio.
1407 3191 1436 3246 Si
1453 3208 1520 3247 vero
1541 3192 1697 3247 crediderit
1720 3193 1800 3248 sufli-

154 3284 280 3339 ccssoribus
296 3285 400 3339 nostris
416 3285 549 3340 eamdem
564 3286 713 3341 llrmantes
729 3288 879 3358 synodum,
893 3288 936 3342 rel
986 3301 1049 3340 cere
1076 3285 1223 3356 episcopos
1248 3291 1279 3339 nt
1305 3285 1420 3356 negotio
1453 3286 1611 3340 terminum
1640 3287 1800 3358 imponant,

155 3378 359 3442 praeeundum
374 3395 437 3433 eam
452 3378 576 3434 sormam
592 3396 643 3451 per
656 3396 756 3435 omues
771 3381 936 3435 clericorum
986 3378 1068 3434 faciat
1097 3380 1173 3451 quod
1215 3379 1421 3450 sapientissimo
1452 3379 1570 3434 consilio
1601 3396 1652 3433 sno
1689 3380 1801 3450 judIca·

155 3468 232 3535 gradu
242 3489 257 3525 a
269 3487 381 3527 summo
396 3488 485 3544 nsque
502 3473 530 3527 in
545 3473 680 3529 ultimum
695 3473 847 3528 salubriter
858 3475 934 3529 ordi·
946 3514 974 3588 C
985 3473 1067 3528 verit.

155 3566 202 3615 nau
211 3571 267 3620 sunt
279 3567 308 3620 in
322 3566 448 3621 medium
463 3567 656 3637 proferantur,
670 3567 705 3621 ab
719 3568 852 3623 universo
867 3584 934 3623 con·
1021 3567 1063 3620 IV.
1086 3567 1119 3620 Et
1141 3582 1206 3620 curn
1230 3565 1369 3636 recitaret,
1392 3565 1521 3638 Alippius
1543 3567 1693 3639 episcopus
1716 3570 1803 3641 Tage·

156 3652 201 3708 cilio
212 3657 309 3714 dictrun
324 3665 376 3728 est,
387 3661 576 3732 proferantur,
589 3661 684 3717 Daniel
697 3663 825 3717 notarius
839 3663 937 3718 recita·
985 3659 1086 3714 steusis
1106 3659 1217 3731 legatus
1240 3659 1392 3731 provincias
1415 3659 1553 3713 Numidica
1577 3660 1669 3716 dixit:
1690 3661 1727 3716 [ie
1749 3662 1803 3716 boe

156 3746 291 3814 titlioaeni
304 3753 415 3809 concilii
431 3754 497 3808 fidei
512 3755 650 3826 professio
665 3757 708 3811 vel
725 3759 833 3812 statuta
852 3756 890 3811 sic
906 3773 935 3810 se
981 3753 1042 3824 jam
1055 3753 1248 3823 superioribus
1267 3753 1353 3808 etiam
1373 3752 1476 3807 Iltteris
1502 3753 1613 3807 concibi
1640 3755 1730 3808 nostri
1754 3772 1801 3809 re·

157 3835 241 3900 hoec

986 3847 1158 3918 scripsImus,
1174 3852 1203 3901 et
1215 3847 1244 3902 id
1259 3864 1310 3900 nos
1324 3850 1485 3901 servaturos
1498 3847 1666 3917 profitemur
1680 3847 1756 3918 quod
1768 3849 1799 3902 ln

181 3933 202 3989 ll.
214 3939 239 3994 Et
252 3954 316 3997 cunr
331 3941 447 4013 legisset
460 3942 609 3999 FaustInus
621 3944 771 4016 episcopus
783 3945 872 4017 plebis
887 3948 936 4001 Po·
985 3941 1099 3996 Nicaeno
1114 3940 1235 3996 conelli0
1250 3940 1437 3997 constitutum
1451 3943 1503 4009 est,
1515 3940 1552 3995 ad
1564 3941 1618 3994 hoc
1632 3943 1743 3995 tantum
1756 3957 1802 3996 me

157 4027 248 4101 tantine,
272 4035 425 4106 provincIae
438 4036 526 4092 ltaliae
544 4038 650 4105 Ploeni‚
668 4040 778 4110 legatus
799 4039 935 4095 Romanae
985 4039 1089 4104 movet,
1103 4035 1237 4107 qnoniam
1252 4051 1317 4089 cum
1330 4033 1536 4106 inspiceremus
1551 4034 1649 4089 Graeca
1662 4036 1803 4106 exempla—

103 4137 106 4203 ί
158 4115 249 4181 talaia
262 4128 350 4183 dixit:
363 4129 492 4199 anuncta
503 4130 585 4185 nobis
598 4137 664 4185 sunt
674 4149 690 4185 a
700 4132 773 4187 Sede
784 4132 936 4204 apostolica
986 4129 1027 4184 ria
1042 4129 1127 4199 th'us
1147 4129 1245 4200 synodi
1268 4128 1400 4198 Nieaenae,
1415 4128 1469 4183 ista
1490 4128 1539 4196 ibi,
1555 4127 1650 4183 nescIo
1675 4145 1731 4200 qna
1754 4145 1801 4184 ra·

103 4208 107 4229 ’
157 4209 219 4286 aliqua
231 4222 935 4296 perscrIpturam,aIIquaetiaminmandatiscum
985 4223 1072 4294 tione,
1087 4223 1207 4278 mintrne
1229 4221 1399 4290 invenimus,
1415 4222 1491 4276 unde
1504 4221 1629 4294 petimus
1641 4223 1801 4277 veneratio·

103 4350 106 4389 ἱ
158 4312 218 4366 raca
229 4315 402 4371 beatitudine
416 4318 605 4386 retractanda,
620 4318 693 4373 sicut
708 4324 736 4373 et
751 4319 837 4390 gestis
850 4336 934 4390 supe·
987 4333 1054 4372 nem
1066 4322 1156 4386 tuam,
1172 4321 1266 4371 sancte
1282 4332 1353 4387 papa
1365 4315 1469 4383 Aureb,
1484 4319 1515 4370 ut
1528 4315 1593 4387 quia
1611 4316 1666 4371 hoc
1679 4317 1801 4371 authen⁴

103 4406 106 4467 ἱ
155 4392 245 4462 riuribus
258 4409 455 4478 mamimus,
466 4411 520 4466 hoc
535 4417 586 4480 est,
598 4411 632 4466 de
647 4412 766 4466 Nicaenis
779 4413 936 4467 canonibus
986 4412 1074 4467 ileum
1087 4410 1240 4467 concilium
1254 4409 1399 4481 Nicaenum
1413 4409 1443 4463 in
1456 4409 1528 4463 urbe
1541 4409 1643 4464 dicitnr
1656 4426 1717 4464 esse
1731 4412 1802 4466 Con—

154 4493 375 4574 llconserventur,
385 4509 413 4557 et
424 4504 588 4559 constitutio
600 4521 699 4560 eorum
711 4511 739 4560 et
749 4505 934 4576 consuetudo,
987 4505 1240 4575 stantinopolitana
1255 4503 1365 4574 aliquos
1380 4518 1445 4557 curn
1460 4501 1570 4573 scriptis
1580 4506 1637 4556 tuae
1646 4503 1803 4557 sanctitatis

148 4590 197 4649 Illis
207 4595 297 4669 aliqua
311 4597 409 4652 ordine
424 4604 452 4654 et
464 4615 574 4654 maone
597 4601 741 4669 tenentur,
756 4600 852 4672 aliqua
866 4617 934 4655 eon·
986 4597 1098 4653 mittere
1113 4597 1249 4669 digneris,
1263 4600 1291 4652 et
1306 4612 1363 4650 non
1381 4596 1475 4673 solnm
1496 4595 1532 4649 ad
1554 4595 1650 4666 ipsum
1673 4598 1802 4651 sanctum

141 4683 271 4745 ⁸⁰etndine
284 4692 397 4746 firmata
410 4697 486 4762 sunt,
501 4693 537 4747 de
550 4692 595 4747 bis
609 4709 677 4764 ergo
692 4693 714 4747 si
737 4694 830 4765 placet
844 4693 935 4749 beati·
987 4692 1105 4747 fratrem
1118 4694 1246 4746 nostrum
1262 4689 1609 4760 ConstantInopolitanum
1624 4689 1800 4761 episcopum,

134 4763 216 4838 tudini
226 4791 324 4840 restrae
339 4790 501 4853 tractemus,
516 4791 543 4842 et
556 4791 652 4858 postea
670 4790 772 4842 coetera
786 4804 850 4859 quae
872 4793 935 4842 acta
988 4785 1133 4841 sedetiam
1144 4784 1180 4839 ad
1192 4784 1413 4839 Alexandrinum
1426 4789 1454 4839 et
1465 4782 1674 4837 Antiochenum
1686 4799 1804 4839 venera*

127 4864 311 4934 'stinenoata
324 4886 400 4948 sunt,
410 4881 518 4935 Inserta
530 4881 732 4948 firmabuntur,
744 4884 776 4936 nt
787 4881 822 4936 ad
834 4881 935 4936 Sedem
947 4890 977 4963 Ι)
987 4879 1058 4935 biles
1079 4878 1241 4933 sacerdotes
1263 4877 1312 4949 qui
1332 4877 1385 4931 hoc
1408 4876 1491 4931 nobis
1515 4877 1667 4931 concilium
1685 4877 1737 4932 sub
1751 4879 1801 4933 sti-

117 4957 307 5028 ²Dostolicam
326 4974 470 5046 rescriptis
483 4975 581 5030 vestris
604 4975 735 5030 intimare
757 4975 878 5046 possitis,
893 4980 937 5030 at·
987 4973 1133 5046 polatione
1167 4972 1326 5027 litterarum
1353 4980 1470 5025 suarum
1496 4969 1632 5042 dirigant,
1654 4976 1687 5026 ut
1710 4971 1803 5026 omnis

108 5050 185 5119 ‘me
198 5081 242 5120 ros
257 5084 307 5122 nos
328 5067 511 5123 admonuisse
536 5070 612 5140 apud
624 5068 818 5124 venerabilem
833 5085 936 5141 papam
986 5067 1169 5140 postmodum
1191 5065 1362 5137 ambiguitas
1385 5064 1542 5133 arctaretur,
1560 5065 1628 5137 quia
1641 5081 1694 5119 nos
1708 5065 1749 5120 ita
1764 5067 1804 5134 (ut

103 5138 267 5242 ‘Firmior
275 5165 379 5234 pateat,
390 5162 457 5218 licet
466 5163 589 5234 capitula
603 5163 746 5219 actionum
757 5164 818 5234 jam
831 5163 938 5217 inserta
986 5161 1077 5217 trater
1100 5159 1249 5216 Faustinus
1276 5159 1378 5229 attufit)
1403 5157 1525 5213 minIme
1550 5158 1713 5213 InvenImus
1739 5158 1800 5212 ista.

103 5230 187 5307 ⁸¹1st
201 5255 296 5326 gestis,
314 5256 349 5311 de
365 5256 433 5328 ipsis
456 5273 526 5328 ergo
542 5262 582 5327 (ut
604 5257 712 5312 dictum
735 5261 778 5313 est
798 5256 937 5329 superius)
987 5256 1048 5311 Non
1062 5257 1160 5309 tamen
1176 5253 1318 5324 tantisper
1331 5256 1494 5306 servaturos
1509 5252 1551 5323 (ut
1563 5257 1646 5307 antea
1667 5250 1734 5321 dixi)
1750 5249 1801 5305 do·

103 5325 196 5402 {taio
208 5353 304 5405 rostrae
315 5350 486 5406 beatitudini
500 5351 618 5424 placeat,
629 5368 714 5423 agere
731 5351 878 5420 debemus,
890 5367 937 5406 ve·
988 5365 1040 5404 nec
1053 5349 1167 5420 integra
1180 5346 1354 5418 exemplario
1373 5345 1488 5401 veniant
1503 5345 1683 5416 prolltemur,
1699 5347 1800 5414 peten-

103 5419 190 5493 Qiat
199 5459 265 5516 ergo
278 5444 527 5500 commonitorium
538 5445 567 5499 in
578 5444 719 5513 medium,
728 5449 761 5500 ut
770 5445 841 5500 scire
853 5443 940 5517 possit
989 5442 1041 5498 dus
1055 5447 1098 5497 cst
1110 5444 1207 5497 autern
1221 5440 1322 5496 litteris
1338 5440 1482 5495 nostriset
1496 5436 1666 5494 venerabilis
1675 5435 1802 5491 Ecclesiae

103 5511 215 5590 'Qua
230 5537 377 5593 beatitudo
395 5538 464 5611 quid
485 5538 514 5594 in
528 5556 562 5594 eo
583 5539 772 5609 conducatur,
784 5544 815 5594 ut
831 5539 867 5594 ad
885 5539 939 5593 sin·
988 5538 1123 5593 Romanae
1141 5535 1289 5607 episcopus
1311 5535 1479 5602 Bonitaoius,
1495 5536 1526 5587 ut
1545 5532 1606 5603 ipse
1629 5544 1742 5601 quoque
1758 5529 1802 5584 di-

103 5606 192 5683 &talc
202 5633 419 5705 respondeatur.
989 5636 1093 5704 gnetur
1106 5629 1141 5685 ad
1156 5631 1328 5684 memoratas
1343 5627 1475 5684 ecelesias
1491 5625 1602 5697 aliquos
1616 5622 1738 5691 mittere,
1754 5623 1804 5696 qui

165 5723 200 5778 lll.
221 5726 354 5783 Aurelius
383 5726 531 5800 episeopus
554 5727 649 5783 dixIt:
674 5728 837 5784 Proleratur
862 5744 938 5783 com·
989 5715 1805 5796 eademexemplariapraedIctINicaenicouciliisecundum

104 5798 307 5878 ¹¹’territorium
332 5822 407 5894 quod
429 5822 531 5878 iratres
557 5828 587 5878 et
611 5822 826 5878 consacerdotes
848 5820 940 5879 nostri
990 5819 1052 5891 ejus
1071 5817 1180 5891 possint
1206 5816 1310 5888 scrIptn
1332 5814 1471 5887 proferre,
1485 5829 1561 5869 nunc
1581 5816 1679 5868 nutem
1699 5827 1809 5869 momo-

324 5918 460 5985 Psraoc.
485 5919 599 5985 CXIIII.
1596 5917 1641 5979 lit
