3870 6150
622 200 858 261 recitaretur!
878 199 1070 259 coitrrtrlo.
1636 206 1687 264 3va

103 311 244 378 natuerat,
253 310 292 366 ita
302 326 379 366 rinno
387 314 481 382 posset
488 311 523 367 dc
534 310 619 367 tantis
629 310 820 367 criminibusa
831 322 860 396 Α
870 325 983 382 quoque
997 315 1026 365 et
1035 309 1217 380 sequentium
1232 310 1404 368 clericorum
1417 305 1549 385 improba
1562 312 1685 389 refugia,

103 404 283 463 thabracenis
313 404 431 475 objectis
458 420 492 460 eo
515 405 665 459 laborante
690 404 818 476 purgari,
870 403 982 459 sicutte
998 403 1119 473 dignum
1134 409 1186 472 est;
1201 406 1318 476 repellat
1343 406 1476 461 sanctitas
1500 413 1560 477 tun,
1575 409 1642 482 quia
1659 415 1687 467 et

103 501 295 555 anteactam
310 498 446 554 immania
462 498 571 568 flagitia
583 499 719 553 decursus
730 497 820 554 nostri
869 497 947 551 nulla
967 499 1080 568 patruni
1106 496 1271 553 definitione
1290 499 1343 553 hoc
1365 500 1489 556 ecclesiae
1512 500 1683 571 derogatum

103 591 252 648 iexamen
272 592 390 658 invenit,
405 595 437 644 ut
458 593 609 647 memorati
630 591 819 663 patrocinium
870 592 913 645 est
924 589 1074 657 Aniene,
1089 595 1118 644 ct
1131 589 1244 646 decreta
1257 592 1372 646 Nicoena
1385 594 1441 649 sive
1457 594 1602 650 interioris
1616 613 1683 668 gra·

108 702 196 758 quam
207 685 350 757 judicium
365 700 398 739 ac
421 684 578 739 defensoris
593 685 685 756 magis
700 701 818 756 operam
869 683 922 739 drrs
935 685 1062 753 clericos,
1073 684 1130 739 sive
1145 684 1292 756 episcopos
1301 685 1375 756 ipsos
1389 688 1447 743 suis
1460 689 1686 760 metropolitanis

103 778 300 850 disceptatoris
319 778 461 848 justitiam
479 783 657 851 superarent.
674 780 743 833 Nam
756 779 818 850 pri<
869 778 1011 850 episcopis
1043 778 1222 849 apertissime
1248 779 1433 835 commiserit.
1461 782 1684 839 prudentissime

103 872 377 945 [nantumobstiterit
384 872 462 927 omni
472 872 690 943 congregationi
696 872 820 928 diversas
868 871 945 926 enim
956 871 1173 942 justissimeque
1186 871 1320 926 viderunt
1329 888 1518 945 quecumque
1528 877 1643 947 negotia
1655 877 1685 932 iu

103 981 122 1021 e
132 965 301 1037 ingerendo,
310 965 391 1037 quasi
401 965 527 1020 ecclesias
540 965 675 1021 Romane
690 982 819 1021 asserens
868 965 926 1021 suis
939 965 1007 1019 locis
1016 964 1065 1019 ubi
1076 970 1138 1019 orta
1149 968 1216 1020 sunt
1226 965 1362 1033 finienda,
1373 981 1424 1022 nec
1435 967 1588 1040 unicuique
1596 971 1686 1041 prori-

103 1060 161 1132 gia,
169 1060 298 1116 etvolens
309 1058 486 1114 eumanobis
494 1058 523 1114 in
532 1058 764 1114 communionem
774 1076 819 1114 su·
868 1058 972 1113 dentiae
993 1058 1116 1130 gratiam
1138 1059 1252 1130 spiritus
1275 1059 1438 1114 defuturam
1462 1076 1517 1131 qna
1540 1062 1656 1132 aequitas
1669 1082 1686 1117 a

103 1168 177 1226 [nem
185 1151 374 1207 tuasanctitas
381 1152 500 1207 credens
507 1152 747 1224 appellassequod
756 1169 819 1224 pro·
867 1151 971 1207 Christi
986 1151 1191 1220 sacerdotibus,
1207 1155 1235 1207 et
1250 1151 1408 1223 prudenter
1419 1151 1558 1223 videatur,
1573 1158 1601 1210 et
1615 1172 1684 1212 con·

103 1245 818 1318 inpotnitcommunionireddiderat,qnodminime
868 1245 1040 1301 sicutissime
1066 1250 1208 1312 teneatur,
1234 1245 1418 1317 maximeque
1439 1246 1594 1319 unicuique
1617 1265 1685 1304 con-

120 1339 209 1406 licuit,
223 1339 301 1411 quod
324 1337 410 1393 etiam
434 1342 579 1409 gestorum
601 1339 703 1394 melius
722 1355 757 1394 ex
775 1340 816 1394 lc·
867 1354 977 1394 cessum
996 1343 1046 1405 est,
1062 1338 1085 1393 si
1101 1339 1212 1410 judicio
1234 1339 1322 1394 fuerit
1341 1339 1467 1395 offensus
1491 1342 1683 1412 cognitorum,

119 1448 283 1504 cognosces,
313 1431 445 1487 triduano
473 1437 568 1488 tamen
595 1432 818 1488 laboriosissime
868 1434 904 1488 ad
919 1432 1039 1487 concilia
1054 1432 1443 1503 provinciaesure,velctiam
1452 1434 1683 1507 universalepro-

103 1525 285 1598 jardiciocum
291 1525 403 1579 diversa
411 1525 505 1580 eidem
514 1527 624 1598 objecta
632 1526 817 1581 afflictissime
867 1542 976 1596 vocare,
991 1525 1045 1581 nisi
1059 1525 1134 1581 torte
1148 1526 1301 1598 quiequam
1314 1529 1357 1581 est
1376 1527 1425 1598 qui
1438 1528 1537 1582 credat
1552 1529 1683 1584 unicuili-

103 1635 192 1675 rcmus
204 1620 248 1673 vel
262 1635 357 1674 moras
379 1619 536 1690 coepiscopi
561 1620 651 1675 nostri
676 1619 814 1688 Faustini,
867 1620 915 1674 bet
929 1635 1010 1692 posse
1032 1621 1124 1674 Derim
1144 1595 1274 1674 nostrum
1290 1620 1430 1674 examinis
1444 1621 1583 1692 inspirare
1599 1622 1698 1692 justi-1

103 1712 307 1785 giversationes
319 1713 408 1786 ipsius
422 1713 539 1783 Aptare,
553 1713 656 1784 quibus
674 1713 814 1769 nefandas
827 1689 854 1761 Β
865 1713 945 1780 tiam,
960 1717 989 1768 et
1001 1711 1259 1767 innumerabilibus
1282 1713 1463 1784 congregatis
1483 1715 1514 1768 in
1533 1715 1684 1771 concilium

103 1805 191 1862 ,dines
211 1806 340 1861 occulere
362 1807 530 1872 conabatur,
553 1809 627 1862 Deus
650 1807 745 1877 justus
763 1807 812 1877 ju·
863 1807 1010 1861 Nicrenum
1044 1805 1238 1861 sacerdotibus
1270 1804 1424 1876 denegare,
1459 1810 1509 1861 aut
1539 1808 1683 1879 quomodo

104 1899 157 1956 rtis
176 1905 204 1956 et
219 1899 332 1970 patiens
354 1904 382 1954 et
405 1899 586 1971 longanimis,
600 1916 709 1971 magno
733 1916 812 1954 com·
863 1901 958 1972 ipsum
972 1899 1193 1955 transmarinum
1211 1898 1354 1969 judicium
1370 1905 1462 1954 ratum
1478 1900 1541 1969 erit,
1556 1902 1591 1956 ad
1607 1904 1682 1974 quod

130 1994 279 2049 resecavit.
308 1993 435 2049 'tetriore
471 1995 577 2065 quippe
601 2010 633 2049 ac
657 1993 812 2064 putridiore
862 1994 978 2050 testium
999 1992 1169 2048 necessarias
1192 2008 1323 2064 personae
1335 1992 1381 2048 vel
1400 1998 1518 2065 propter
1530 1996 1682 2051 senectutis

103 2085 185 2143 dione
194 2103 432 2158 compressaque
441 2089 553 2142 tantum
567 2086 685 2142 lividum
698 2103 812 2141 coenum
863 2087 1069 2154 infirmitatem,
1082 2086 1127 2140 vel
1140 2085 1240 2141 multis
1251 2085 1314 2142 aliis
1327 2086 1581 2141 intercurrentibus
1593 2087 1631 2143 im
1636 2106 1683 2160 pc-

103 2181 174 2235 cntia
188 2180 349 2252 negationis
362 2181 473 2235 volebat
492 2180 624 2247 obruere,
639 2181 697 2235 ileo
716 2185 812 2235 nostro
862 2180 997 2236 dimentis
1009 2179 1112 2234 adduci
1127 2194 1185 2234 non
1201 2183 1366 2250 potuerunt.
1383 2180 1454 2234 Nam
1469 2182 1500 2234 ut
1517 2180 1605 2253 aliqui
1616 2187 1679 2237 tau·

103 2273 274 2329 nscientiam
289 2275 465 2341 cohortante,
479 2276 507 2329 et
521 2274 630 2329 occulta
651 2290 715 2346 quae
738 2273 813 2328 illius
863 2290 980 2346 quamn
994 2279 1051 2329 tuae
1066 2272 1224 2328 sanctitatis
1236 2273 1328 2327 latere
1339 2271 1500 2343 mittantur,
1516 2275 1594 2329 nulla
1604 2275 1681 2331 inve-

103 2382 123 2422 .e
135 2369 272 2439 tanquam
286 2367 314 2421 in
330 2368 476 2421 volutabro
492 2367 644 2422 criminum
655 2367 715 2437 jam
732 2367 810 2421 dam·
861 2368 957 2423 nimus
971 2370 1085 2438 patrum
1100 2366 1210 2437 synodo
1232 2366 1427 2435 constitutum,
1442 2366 1506 2437 quia
1520 2366 1590 2423 illud
1603 2370 1679 2441 quod

103 2458 526 2532 tiamhominibuspublicante,
537 2465 654 2532 repente
665 2460 694 2514 in
704 2461 813 2515 confes·
861 2461 974 2533 pridem
988 2458 1189 2531 pereumdem
1202 2459 1402 2531 coepiscopum
1416 2463 1547 2514 nostrum
1569 2462 1678 2517 Fausti-

103 2557 252 2609 rnctorum
262 2555 439 2625 objectorum
449 2554 624 2625 flagitiorum
636 2554 752 2608 dolosus
762 2570 809 2608 ne·
860 2572 931 2609 num
943 2560 1081 2624 tanquam
1091 2569 1127 2607 cx
1137 2555 1217 2624 parte
1230 2551 1336 2607 Nicoeni
1350 2552 1462 2607 concilii
1474 2553 1578 2610 exinde
1589 2557 1680 2610 trans-

103 2646 195 2717 rupit,
213 2653 241 2701 et
257 2647 370 2703 tandem
389 2647 425 2702 dc
446 2646 579 2702 omnibus
598 2646 811 2702 incredibilibus
860 2646 977 2702 misistis
989 2646 1019 2701 in
1031 2645 1159 2701 conciliis
1171 2645 1338 2710 verioribus,
1354 2661 1418 2717 quas
1436 2645 1614 2718 accipiuntur
1629 2649 1675 2704 Ni·

103 2737 154 2795 riis
167 2749 350 2811 spontaneus,
360 2757 389 2796 se
405 2740 465 2812 ipse
480 2740 610 2806 convicit,
620 2744 705 2812 atque
719 2740 811 2811 ipsam
861 2740 930 2796 cani
940 2756 957 2795 a
969 2745 1066 2795 sancto
1076 2739 1180 2811 Cyrillo
1192 2738 1358 2810 coepiscopo
1368 2743 1467 2794 nostro
1479 2740 1678 2798 Alexandrinae

103 2837 249 2887 rnostram
263 2848 424 2906 spemque
443 2851 510 2889 cum
527 2838 556 2889 et
568 2833 766 2902 credebamus,
783 2838 813 2889 et
861 2834 986 2890 ecclcsiae
1000 2839 1029 2889 st
1043 2849 1060 2887 a
1074 2831 1229 2888 venerabili
1251 2831 1342 2887 Attice
1362 2834 1676 2906 Constantinopolitano

103 2942 168 2981 mus
180 2926 216 2982 de
232 2932 290 2981 tam
303 2927 441 2998 pudendis
454 2927 573 2983 maculis
587 2943 669 2999 posse
682 2927 809 2998 purgari,
861 2928 985 2984 antistite
1005 2942 1038 2982 ex
1059 2925 1230 2982 authentico
1254 2925 1357 2993 missis,
1370 2942 1434 2999 quae
1449 2927 1536 2983 etiam
1556 2929 1677 2986 antehac

103 3018 133 3073 tit
152 3019 184 3074 in
202 3020 336 3090 gemitus,
354 3020 408 3074 nisi
422 3021 559 3091 quoniam
578 3021 662 3075 istam
681 3025 809 3076 nostram
861 3038 913 3093 per
927 3020 1121 3076 innocentium
1134 3018 1334 3091 presbyterum
1348 3022 1376 3074 ct
1390 3020 1551 3078 Marcellum
1564 3022 1678 3081 subdie-

103 3112 159 3168 iam
168 3128 226 3166 uno
235 3118 349 3168 tantum
362 3114 460 3169 solatio
471 3114 620 3185 mitigavit,
630 3112 706 3184 quod
717 3117 746 3168 et
757 3130 809 3169 nos
861 3130 975 3182 conum,
987 3130 1038 3185 per
1049 3130 1122 3185 quos
1132 3112 1170 3168 ad
1185 3128 1236 3167 nos
1249 3113 1285 3167 ab
1298 3112 1339 3168 eis
1351 3114 1459 3169 directa
1472 3120 1547 3184 sunt,
1558 3132 1674 3172 venera-

103 3205 293 3262 dinturuioris
316 3207 480 3279 quaestionis
494 3207 622 3274 absolvit,
637 3211 666 3262 et
680 3207 738 3261 suis
752 3207 810 3262 vul·
858 3208 923 3264 hilis
937 3207 1086 3264 memorie
1101 3206 1246 3262 Beniiacio
1260 3207 1394 3278 episcopo
1407 3208 1607 3278 predecessori
1622 3229 1674 3267 no·

103 3299 348 3372 squalemcunque
365 3301 552 3368 medelan1,et
566 3300 588 3356 si
601 3300 631 3355 in
643 3301 702 3356 vita
714 3317 746 3356 ac
758 3317 809 3356 sua
857 3305 917 3357 stro
930 3317 948 3356 a
961 3301 1045 3357 nobis
1066 3300 1233 3356 transmissa
1245 3303 1321 3367 sunt,
1336 3299 1366 3356 in
1380 3299 1483 3372 quibus
1496 3301 1552 3358 tale
1565 3304 1675 3376 aliquid

103 3392 162 3448 ntia
191 3393 351 3449 reluctante
382 3394 560 3450 confessione
593 3393 725 3465 providit,
757 3395 807 3449 do·
858 3411 917 3450 non
928 3393 1072 3467 potuimus
1093 3393 1231 3466 reperire.
1249 3395 1432 3448 Exsecutores
1455 3394 1543 3449 etiam
1557 3397 1674 3454 clericos

103 3489 179 3542 ater.
194 3488 312 3542 Praeiato
327 3488 422 3560 itaque
437 3487 540 3542 debitas
554 3486 733 3544 salutationis
747 3487 808 3542 oill-
857 3491 965 3544 vestros
987 3486 1148 3560 quibusque
1161 3486 1325 3557 petentibus
1343 3486 1433 3541 nolite
1448 3486 1572 3559 mittere,
1585 3490 1674 3546 nolite

103 3579 201 3635 imum
216 3581 364 3652 impendio
374 3581 572 3653 deprecamur,
584 3586 616 3634 ut
627 3579 761 3650 deinceps
771 3579 807 3635 ad
856 3580 1022 3647 concedere,
1038 3595 1075 3634 ne
1087 3580 1227 3635 famosum
1240 3583 1340 3649 typum
1353 3578 1451 3634 sacculi
1471 3579 1499 3634 in
1521 3581 1673 3638 Ecclesiam

111 3690 196 3729 aures
212 3674 278 3728 hinc
291 3674 436 3729 venientes
457 3690 516 3729 non
527 3673 637 3729 facilius
649 3672 807 3728 admittatis
856 3673 1038 3744 Christique
1053 3674 1146 3728 lucem
1166 3671 1354 3742 simplicitatis
1367 3675 1396 3726 et
1410 3672 1582 3730 humilitatis
1595 3675 1670 3731 diem

103 3766 159 3823 nbis
172 3768 432 3823 excommunicatos
447 3768 475 3821 in
489 3767 722 3822 communionem
734 3767 807 3821 ultra
855 3767 969 3824 Domini
980 3766 1078 3822 ridere
1093 3764 1273 3837 cupientibus
1288 3765 1415 3836 praeiert,
1430 3766 1580 3823 videamur
1593 3769 1672 3824 indu·

112 3859 252 3932 excipere,
273 3862 340 3932 quia
365 3861 417 3914 hoe
437 3860 523 3915 ctiam
547 3860 658 3914 Nicaeae
687 3858 806 3913 concilio
856 3877 929 3917 cere.
943 3861 1014 3916 Nam
1027 3860 1063 3915 de
1076 3859 1164 3914 tratre
1173 3862 1272 3914 nostro
1285 3858 1428 3925 Faustino,
1439 3863 1536 3915 amoto
1545 3860 1607 3931 jam
1618 3878 1671 3932 pro

103 3969 141 4009 rm
161 3954 244 4008 facile
267 3954 387 4009 advertit
404 3953 604 4008 venerabilitas
619 3956 678 4007 tua.
694 3952 763 4007 Nam
777 3955 807 4006 et
855 3956 914 4010 suis
927 3952 1060 4009 nefandis
1083 3951 1217 4024 nequitiis
1235 3951 1271 4006 de
1285 3951 1389 4007 Christi
1409 3953 1533 4007 Ecclesia
1552 3953 1672 4010 dolendo

103 4045 251 4103 terioribus
263 4047 371 4102 clericis
382 4048 424 4102 vel
435 4047 510 4102 laicis
524 4047 635 4101 ridetur
648 4045 685 4099 ihi
699 4061 805 4116 praeca·
854 4047 967 4121 apiario
980 4045 1191 4113 securisumus,
1208 4045 1285 4117 quod
1299 4061 1365 4100 eum
1379 4044 1520 4117 probitate
1531 4063 1564 4101 ae
1576 4046 1672 4103 mode-

103 4142 177 4195 rante
187 4141 278 4210 magis
291 4140 343 4194 hoc
354 4140 389 4195 de
400 4140 538 4212 episcopis
551 4139 639 4194 voluit
649 4138 804 4208 observari,
855 4142 964 4197 ratione
978 4143 1036 4196 tuae
1049 4138 1217 4205 sanctitatis,
1232 4138 1308 4195 salva
1331 4138 1457 4194 fraterna
1476 4140 1615 4197 charitate
1628 4143 1670 4197 ul·

112 4248 162 4288 sua
183 4233 327 4304 provincia
349 4233 550 4288 communione
574 4232 704 4303 suspensi
725 4235 805 4287 atua
856 4235 942 4290 terius
956 4234 986 4289 in
1003 4233 1097 4289 Airica
1117 4231 1239 4287 minime
1259 4232 1399 4287 sustinere
1424 4233 1559 4304 patiatur,
1573 4236 1602 4288 et
1616 4234 1671 4290 alia

103 4327 139 4381 rte
153 4328 313 4381 temeravel
327 4323 805 4398 testinato,praeproperevelindo·
854 4344 964 4384 manu:
986 4328 1125 4382 [lominus
1148 4330 1245 4381 noster
1265 4324 1443 4381 sanctitatem
1467 4330 1590 4383 vestram
1613 4344 1672 4383 aero

103 4419 220 4476 deantur
232 4420 426 4475 communioni
441 4419 561 4489 restitui,
573 4419 805 4491 presbyterorum
814 4426 844 4498 Ι)
854 4416 984 4489 longiore
996 4420 1125 4470 orantem
1134 4430 1187 4486 pro
1195 4413 1276 4468 nobis
1289 4414 1437 4485 custodiat,
1446 4414 1561 4473 domine
1570 4417 1669 4473 irater.

259 4635 453 4697 lNClPlUNT
475 4634 664 4696 CAPITULA
686 4567 853 4696 CONClLll
875 4626 1209 4694 CARTHAGINENSIS
1232 4624 1403 4690 SEPTlMl.

103 4752 379 4806 rexcommunicatis
394 4755 425 4806 ut
440 4751 476 4805 ad
497 4751 667 4806 clericorum
688 4766 804 4806 accusa·
855 4750 960 4805 barunt
974 4748 1006 4802 nt
1019 4745 1053 4802 ad
1069 4749 1172 4801 cetera
1184 4762 1242 4801 non
1255 4745 1450 4801 admittantur.

116 4859 174 4899 uon
188 4844 385 4899 admittantur.
891 4844 917 4897 4.
938 4842 978 4896 De
989 4839 1119 4913 personis
1129 4854 1195 4911 quar
1205 4838 1462 4915 adversusclericos
1472 4841 1671 4901 testimonium

103 4951 113 4992 s
133 4937 264 5008 personis
286 4939 389 5008 quibus
409 4938 575 4993 clericorum
595 4937 738 4992 accusatio
758 4936 804 4992 in·
856 4935 950 4991 dicere
964 4932 1165 5006 prohibentur.

103 5046 150 5086 nr.
892 5033 918 5084 5.
939 5029 979 5084 lle
992 5043 1026 5084 ee
1040 5042 1126 5098 quem
1141 5027 1202 5081 solo
1216 5024 1378 5082 testimonio
1394 5031 1608 5104 presumpserit
1620 5050 1670 5088 ex-

103 5123 167 5181 rhis
179 5125 228 5195 qui
242 5125 369 5197 primum
383 5127 490 5182 crimen
507 5127 651 5198 objectum
667 5141 724 5180 non
739 5140 804 5197 pre·
857 5119 1141 5179 communicandum.

672 5247 979 5261 ιι*-

121 5353 332 5448 lNClPlT
375 5357 685 5451 CONClLlUltl
731 5353 1207 5450 CARTHAGINENSE
1251 5354 1539 5448 SEPTIMUM
1646 5289 1650 5295 ⁵

520 5515 710 5580 vnvovrvvr
731 5514 831 5582 ouvo
852 5512 1139 5580 nrvscoronuu.

108 5645 290 5701 conadatum
318 5646 585 5717 gloriosissimorum
601 5646 807 5716 imperatorum
857 5643 942 5699 tertio
956 5641 1086 5698 Kalendis
1106 5641 1173 5698 tulii
1186 5640 1367 5712 Carthagine,
1381 5637 1410 5692 in
1427 5637 1580 5692 secretario
1594 5637 1671 5693 basi-

103 5737 109 5795 i
136 5739 224 5812 tertii,
247 5744 276 5797 et
299 5740 449 5796 Theodosii
475 5739 581 5809 octavi,
604 5742 807 5812 Augustorum,
858 5735 919 5795 licae
942 5734 1089 5807 restituta,
1114 5753 1178 5791 cum
1201 5732 1329 5793 trrrclius
1353 5730 1502 5807 episcopus
1524 5747 1583 5788 una
1605 5747 1672 5793 cum
