<?xml version="1.0" encoding="UTF-8"?>
<!DOCTYPE html PUBLIC "-//W3C//DTD XHTML 1.0 Transitional//EN"
    "http://www.w3.org/TR/xhtml1/DTD/xhtml1-transitional.dtd">
<html xmlns="http://www.w3.org/1999/xhtml" xml:lang="en" lang="en">
 <head>
  <title>
</title>
<meta http-equiv="Content-Type" content="text/html;charset=utf-8" />
  <meta name='ocr-system' content='tesseract 3.04.00' />
  <meta name='ocr-capabilities' content='ocr_page ocr_carea ocr_par ocr_line ocrx_word'/>
</head>
<body>
  <div class='ocr_page' id='page_1' title='image "./patrologiaecurs03unkngoog/patrologiaecurs03unkngoog_0453.png"; bbox 0 0 3870 6150; ppageno 0'>
   <div class='ocr_carea' id='block_1_1' title="bbox 145 222 1826 291">
    <p class='ocr_par' dir='ltr' id='par_1_1' title="bbox 145 222 1826 291">
     <span class='ocr_line' id='line_1_1' title="bbox 145 222 1826 291; baseline -0.001 -1"><span class='ocrx_word' id='word_1_1' title='bbox 145 233 192 290; x_wconf 77' lang='lat' dir='ltr'><strong>ast</strong></span> <span class='ocrx_word' id='word_1_2' title='bbox 591 235 732 291; x_wconf 76' lang='lat' dir='ltr'><strong>menno.</strong></span> <span class='ocrx_word' id='word_1_3' title='bbox 752 222 796 290; x_wconf 76' lang='lat' dir='ltr'><strong>io</strong></span> <span class='ocrx_word' id='word_1_4' title='bbox 815 234 895 291; x_wconf 77' lang='lat' dir='ltr'><strong>sec.</strong></span> <span class='ocrx_word' id='word_1_5' title='bbox 917 235 959 291; x_wconf 82' lang='lat' dir='ltr'><strong>nx.</strong></span> <span class='ocrx_word' id='word_1_6' title='bbox 971 265 1006 274; x_wconf 89' lang='lat'><em>-</em></span> <span class='ocrx_word' id='word_1_7' title='bbox 1025 234 1145 290; x_wconf 83' lang='lat' dir='ltr'><strong>rsrmm</strong></span> <span class='ocrx_word' id='word_1_8' title='bbox 1166 232 1377 290; x_wconf 73' lang='lat' dir='ltr'><strong>sanceronis</strong></span> <span class='ocrx_word' id='word_1_9' title='bbox 1778 235 1826 289; x_wconf 77' lang='lat' dir='ltr'><strong>aas</strong></span> 
     </span>
    </p>
   </div>
   <div class='ocr_carea' id='block_1_2' title="bbox 142 340 1832 4167">
    <p class='ocr_par' dir='ltr' id='par_1_2' title="bbox 142 340 1832 4167">
     <span class='ocr_line' id='line_1_2' title="bbox 142 340 1828 429; baseline -0.002 -32"><span class='ocrx_word' id='word_1_10' title='bbox 142 344 255 397; x_wconf 89' lang='lat' dir='ltr'><strong>tautum</strong></span> <span class='ocrx_word' id='word_1_11' title='bbox 269 340 449 412; x_wconf 87' lang='lat' dir='ltr'><strong>sacrilegium</strong></span> <span class='ocrx_word' id='word_1_12' title='bbox 460 342 573 400; x_wconf 87' lang='lat' dir='ltr'><strong>interna</strong></span> <span class='ocrx_word' id='word_1_13' title='bbox 585 343 744 400; x_wconf 79' lang='lat' dir='ltr'><strong>vomuere?</strong></span> <span class='ocrx_word' id='word_1_14' title='bbox 756 344 818 399; x_wconf 84' lang='lat' dir='ltr'><strong>lam</strong></span> <span class='ocrx_word' id='word_1_15' title='bbox 828 341 959 398; x_wconf 90' lang='lat' dir='ltr'><strong>tolerahi-</strong></span> <span class='ocrx_word' id='word_1_16' title='bbox 969 355 998 429; x_wconf 72' lang='grc' dir='ltr'>Α</span> <span class='ocrx_word' id='word_1_17' title='bbox 1008 345 1036 397; x_wconf 92' lang='lat' dir='ltr'><strong>et</strong></span> <span class='ocrx_word' id='word_1_18' title='bbox 1059 342 1192 396; x_wconf 89' lang='lat' dir='ltr'><strong>homines</strong></span> <span class='ocrx_word' id='word_1_19' title='bbox 1215 340 1359 397; x_wconf 81' lang='lat' dir='ltr'><strong>mediator</strong></span> <span class='ocrx_word' id='word_1_20' title='bbox 1379 340 1512 413; x_wconf 89' lang='lat' dir='ltr'><strong>apparuit</strong></span> <span class='ocrx_word' id='word_1_21' title='bbox 1527 345 1555 396; x_wconf 89' lang='lat' dir='ltr'><strong>et</strong></span> <span class='ocrx_word' id='word_1_22' title='bbox 1573 341 1684 396; x_wconf 85' lang='lat' dir='ltr'><strong>unitate</strong></span> <span class='ocrx_word' id='word_1_23' title='bbox 1700 357 1828 412; x_wconf 84' lang='lat' dir='ltr'><strong>persona·</strong></span> 
     </span>
     <span class='ocr_line' id='line_1_3' title="bbox 145 434 1830 511; baseline 0.001 -22"><span class='ocrx_word' id='word_1_24' title='bbox 145 434 229 490; x_wconf 91' lang='lat' dir='ltr'><strong>liores</strong></span> <span class='ocrx_word' id='word_1_25' title='bbox 241 438 307 489; x_wconf 92' lang='lat' dir='ltr'><strong>sunt</strong></span> <span class='ocrx_word' id='word_1_26' title='bbox 324 434 430 502; x_wconf 79' lang='lat' dir='ltr'><strong>Ariani,</strong></span> <span class='ocrx_word' id='word_1_27' title='bbox 446 452 570 507; x_wconf 92' lang='lat' dir='ltr'><strong>quorum</strong></span> <span class='ocrx_word' id='word_1_28' title='bbox 585 455 637 511; x_wconf 89' lang='lat' dir='ltr'><strong>per</strong></span> <span class='ocrx_word' id='word_1_29' title='bbox 650 439 717 494; x_wconf 88' lang='lat' dir='ltr'><strong>istos</strong></span> <span class='ocrx_word' id='word_1_30' title='bbox 730 437 859 509; x_wconf 80' lang='lat' dir='ltr'><strong>perfidiae</strong></span> <span class='ocrx_word' id='word_1_31' title='bbox 872 436 960 492; x_wconf 91' lang='lat' dir='ltr'><strong>robur</strong></span> <span class='ocrx_word' id='word_1_32' title='bbox 1010 437 1148 507; x_wconf 91' lang='lat' dir='ltr'><strong>copulans</strong></span> <span class='ocrx_word' id='word_1_33' title='bbox 1170 439 1320 507; x_wconf 85' lang='lat' dir='ltr'><strong>utramque</strong></span> <span class='ocrx_word' id='word_1_34' title='bbox 1339 440 1481 505; x_wconf 89' lang='lat' dir='ltr'><strong>naturam,</strong></span> <span class='ocrx_word' id='word_1_35' title='bbox 1509 440 1539 490; x_wconf 89' lang='lat' dir='ltr'><strong>ut</strong></span> <span class='ocrx_word' id='word_1_36' title='bbox 1556 434 1639 490; x_wconf 87' lang='lat' dir='ltr'><strong>solita</strong></span> <span class='ocrx_word' id='word_1_37' title='bbox 1660 434 1830 490; x_wconf 75' lang='lat' dir='ltr'>sublimaret</span> 
     </span>
     <span class='ocr_line' id='line_1_4' title="bbox 145 528 1828 603; baseline -0.001 -19"><span class='ocrx_word' id='word_1_38' title='bbox 145 528 286 596; x_wconf 80' lang='lat' dir='ltr'>adolescit,</span> <span class='ocrx_word' id='word_1_39' title='bbox 306 534 339 585; x_wconf 93' lang='lat' dir='ltr'><strong>ut</strong></span> <span class='ocrx_word' id='word_1_40' title='bbox 363 531 473 603; x_wconf 88' lang='lat' dir='ltr'><strong>majore</strong></span> <span class='ocrx_word' id='word_1_41' title='bbox 498 533 682 588; x_wconf 85' lang='lat' dir='ltr'><strong>contentione</strong></span> <span class='ocrx_word' id='word_1_42' title='bbox 699 535 827 587; x_wconf 78' lang='lat' dir='ltr'><strong>asserant</strong></span> <span class='ocrx_word' id='word_1_43' title='bbox 847 533 959 587; x_wconf 89' lang='lat' dir='ltr'><strong>Patrem</strong></span> <span class='ocrx_word' id='word_1_44' title='bbox 1009 530 1140 599; x_wconf 89' lang='lat' dir='ltr'><strong>insolitis,</strong></span> <span class='ocrx_word' id='word_1_45' title='bbox 1164 533 1193 584; x_wconf 90' lang='lat' dir='ltr'><strong>et</strong></span> <span class='ocrx_word' id='word_1_46' title='bbox 1215 530 1326 585; x_wconf 90' lang='lat' dir='ltr'><strong>insolita</strong></span> <span class='ocrx_word' id='word_1_47' title='bbox 1349 529 1436 584; x_wconf 92' lang='lat' dir='ltr'><strong>solitis</strong></span> <span class='ocrx_word' id='word_1_48' title='bbox 1459 534 1646 602; x_wconf 79' lang='lat' dir='ltr'><strong>temperaret.</strong></span> <span class='ocrx_word' id='word_1_49' title='bbox 1664 530 1736 584; x_wconf 89' lang='lat' dir='ltr'><strong>ltem</strong></span> <span class='ocrx_word' id='word_1_50' title='bbox 1755 528 1828 599; x_wconf 88' lang='lat' dir='ltr'><strong>ejus-</strong></span> 
     </span>
     <span class='ocr_line' id='line_1_5' title="bbox 144 622 1829 696; baseline -0.001 -19"><span class='ocrx_word' id='word_1_51' title='bbox 144 628 173 678; x_wconf 90' lang='lat' dir='ltr'><strong>ct</strong></span> <span class='ocrx_word' id='word_1_52' title='bbox 190 623 291 679; x_wconf 73' lang='lat' dir='ltr'><strong>filium</strong></span> <span class='ocrx_word' id='word_1_53' title='bbox 304 628 334 680; x_wconf 90' lang='lat' dir='ltr'><strong>et</strong></span> <span class='ocrx_word' id='word_1_54' title='bbox 349 624 486 696; x_wconf 85' lang='lat' dir='ltr'><strong>Spiritum</strong></span> <span class='ocrx_word' id='word_1_55' title='bbox 500 631 628 681; x_wconf 88' lang='lat' dir='ltr'><strong>sanctum</strong></span> <span class='ocrx_word' id='word_1_56' title='bbox 645 627 730 681; x_wconf 91' lang='lat' dir='ltr'><strong>unius</strong></span> <span class='ocrx_word' id='word_1_57' title='bbox 742 642 802 681; x_wconf 90' lang='lat' dir='ltr'><strong>non</strong></span> <span class='ocrx_word' id='word_1_58' title='bbox 818 641 878 680; x_wconf 90' lang='lat' dir='ltr'><strong>esse</strong></span> <span class='ocrx_word' id='word_1_59' title='bbox 891 624 959 679; x_wconf 94' lang='lat' dir='ltr'><strong>sub·</strong></span> <span class='ocrx_word' id='word_1_60' title='bbox 1011 624 1076 679; x_wconf 93' lang='lat' dir='ltr'><strong>dem</strong></span> <span class='ocrx_word' id='word_1_61' title='bbox 1100 624 1130 678; x_wconf 92' lang='lat' dir='ltr'><strong>in</strong></span> <span class='ocrx_word' id='word_1_62' title='bbox 1154 622 1330 694; x_wconf 77' lang='lat' dir='ltr'><strong>expositione</strong></span> <span class='ocrx_word' id='word_1_63' title='bbox 1348 623 1495 695; x_wconf 82' lang='lat' dir='ltr'><strong>Evangelii</strong></span> <span class='ocrx_word' id='word_1_64' title='bbox 1516 623 1675 678; x_wconf 89' lang='lat' dir='ltr'><strong>secundum</strong></span> <span class='ocrx_word' id='word_1_65' title='bbox 1689 624 1829 679; x_wconf 80' lang='lat' dir='ltr'><strong>loannem</strong></span> 
     </span>
     <span class='ocr_line' id='line_1_6' title="bbox 146 716 1830 789; baseline -0.001 -18"><span class='ocrx_word' id='word_1_66' title='bbox 146 717 268 787; x_wconf 79' lang='lat' dir='ltr'><strong>stantiae,</strong></span> <span class='ocrx_word' id='word_1_67' title='bbox 283 719 351 789; x_wconf 89' lang='lat' dir='ltr'><strong>quia</strong></span> <span class='ocrx_word' id='word_1_68' title='bbox 363 718 410 773; x_wconf 89' lang='lat' dir='ltr'><strong>isti</strong></span> <span class='ocrx_word' id='word_1_69' title='bbox 423 720 598 776; x_wconf 84' lang='lat' dir='ltr'><strong>divinitatem</strong></span> <span class='ocrx_word' id='word_1_70' title='bbox 608 720 720 776; x_wconf 84' lang='lat' dir='ltr'><strong>Domini</strong></span> <span class='ocrx_word' id='word_1_71' title='bbox 730 723 881 775; x_wconf 86' lang='lat' dir='ltr'><strong>etcarnem</strong></span> <span class='ocrx_word' id='word_1_72' title='bbox 894 719 959 774; x_wconf 92' lang='lat' dir='ltr'><strong>sub·</strong></span> <span class='ocrx_word' id='word_1_73' title='bbox 1011 718 1086 773; x_wconf 89' lang='lat' dir='ltr'><strong>inter</strong></span> <span class='ocrx_word' id='word_1_74' title='bbox 1100 721 1203 772; x_wconf 74' lang='lat' dir='ltr'><strong>caetera</strong></span> <span class='ocrx_word' id='word_1_75' title='bbox 1223 734 1230 772; x_wconf 91' lang='lat'><strong>:</strong></span> <span class='ocrx_word' id='word_1_76' title='bbox 1252 717 1325 782; x_wconf 81' lang='lat' dir='ltr'><strong>Quid</strong></span> <span class='ocrx_word' id='word_1_77' title='bbox 1340 717 1437 789; x_wconf 87' lang='lat' dir='ltr'><strong>igitur,</strong></span> <span class='ocrx_word' id='word_1_78' title='bbox 1458 718 1602 785; x_wconf 74' lang='lat' dir='ltr'><strong>haeretice,</strong></span> <span class='ocrx_word' id='word_1_79' title='bbox 1619 734 1687 772; x_wconf 92' lang='lat' dir='ltr'><strong>cum</strong></span> <span class='ocrx_word' id='word_1_80' title='bbox 1703 716 1830 772; x_wconf 88' lang='lat' dir='ltr'><strong>Christus</strong></span> 
     </span>
     <span class='ocr_line' id='line_1_7' title="bbox 146 811 1828 883; baseline 0 -19"><span class='ocrx_word' id='word_1_81' title='bbox 146 811 260 866; x_wconf 79' lang='lat' dir='ltr'><strong>stantia</strong></span> <span class='ocrx_word' id='word_1_82' title='bbox 281 812 366 867; x_wconf 91' lang='lat' dir='ltr'><strong>unius</strong></span> <span class='ocrx_word' id='word_1_83' title='bbox 385 813 480 870; x_wconf 87' lang='lat' dir='ltr'><strong>dicore</strong></span> <span class='ocrx_word' id='word_1_84' title='bbox 498 818 654 870; x_wconf 87' lang='lat' dir='ltr'><strong>tentavere.</strong></span> <span class='ocrx_word' id='word_1_85' title='bbox 673 816 742 870; x_wconf 90' lang='lat' dir='ltr'><strong>ltem</strong></span> <span class='ocrx_word' id='word_1_86' title='bbox 765 813 840 869; x_wconf 80' lang='lat' dir='ltr'><strong>infra</strong></span> <span class='ocrx_word' id='word_1_87' title='bbox 857 831 863 867; x_wconf 75' lang='grc' dir='ltr'><strong>ι</strong></span> <span class='ocrx_word' id='word_1_88' title='bbox 880 815 913 869; x_wconf 86' lang='lat' dir='ltr'><strong>Et</strong></span> <span class='ocrx_word' id='word_1_89' title='bbox 932 812 960 867; x_wconf 92' lang='lat' dir='ltr'><strong>bi</strong></span> <span class='ocrx_word' id='word_1_90' title='bbox 1011 811 1047 866; x_wconf 90' lang='lat' dir='ltr'><strong>sit</strong></span> <span class='ocrx_word' id='word_1_91' title='bbox 1071 814 1142 866; x_wconf 91' lang='lat' dir='ltr'><strong>Deus</strong></span> <span class='ocrx_word' id='word_1_92' title='bbox 1169 815 1197 866; x_wconf 93' lang='lat' dir='ltr'><strong>et</strong></span> <span class='ocrx_word' id='word_1_93' title='bbox 1219 813 1316 881; x_wconf 90' lang='lat' dir='ltr'><strong>homo,</strong></span> <span class='ocrx_word' id='word_1_94' title='bbox 1346 811 1471 883; x_wconf 89' lang='lat' dir='ltr'><strong>loquitur</strong></span> <span class='ocrx_word' id='word_1_95' title='bbox 1495 815 1528 866; x_wconf 90' lang='lat' dir='ltr'><strong>ut</strong></span> <span class='ocrx_word' id='word_1_96' title='bbox 1553 812 1642 866; x_wconf 92' lang='lat' dir='ltr'><strong>homo</strong></span> <span class='ocrx_word' id='word_1_97' title='bbox 1668 813 1697 866; x_wconf 91' lang='lat' dir='ltr'><strong>et</strong></span> <span class='ocrx_word' id='word_1_98' title='bbox 1723 811 1828 865; x_wconf 90' lang='lat' dir='ltr'><strong>calum-</strong></span> 
     </span>
     <span class='ocr_line' id='line_1_8' title="bbox 147 904 1828 978; baseline 0 -19"><span class='ocrx_word' id='word_1_99' title='bbox 147 905 217 959; x_wconf 91' lang='lat' dir='ltr'><strong>mibi</strong></span> <span class='ocrx_word' id='word_1_100' title='bbox 232 907 396 978; x_wconf 80' lang='lat' dir='ltr'><strong>frequenter</strong></span> <span class='ocrx_word' id='word_1_101' title='bbox 410 907 517 962; x_wconf 81' lang='lat' dir='ltr'><strong>Nicaeni</strong></span> <span class='ocrx_word' id='word_1_102' title='bbox 529 908 640 963; x_wconf 88' lang='lat' dir='ltr'><strong>concilii</strong></span> <span class='ocrx_word' id='word_1_103' title='bbox 654 912 806 963; x_wconf 82' lang='lat' dir='ltr'><strong>tractatum</strong></span> <span class='ocrx_word' id='word_1_104' title='bbox 821 924 850 962; x_wconf 91' lang='lat' dir='ltr'><strong>se</strong></span> <span class='ocrx_word' id='word_1_105' title='bbox 862 910 962 962; x_wconf 85' lang='lat' dir='ltr'><strong>tenere</strong></span> <span class='ocrx_word' id='word_1_106' title='bbox 1011 906 1098 960; x_wconf 83' lang='lat' dir='ltr'><strong>niaris</strong></span> <span class='ocrx_word' id='word_1_107' title='bbox 1117 907 1171 960; x_wconf 94' lang='lat' dir='ltr'><strong>Deo</strong></span> <span class='ocrx_word' id='word_1_108' title='bbox 1185 906 1198 959; x_wconf 83' lang='lat' dir='ltr'><strong>‘l</strong></span> <span class='ocrx_word' id='word_1_109' title='bbox 1215 906 1262 960; x_wconf 93' lang='lat' dir='ltr'><strong>llle</strong></span> <span class='ocrx_word' id='word_1_110' title='bbox 1282 906 1312 960; x_wconf 92' lang='lat' dir='ltr'><strong>in</strong></span> <span class='ocrx_word' id='word_1_111' title='bbox 1328 923 1356 960; x_wconf 91' lang='lat' dir='ltr'><strong>se</strong></span> <span class='ocrx_word' id='word_1_112' title='bbox 1375 908 1509 960; x_wconf 88' lang='lat' dir='ltr'><strong>naturam</strong></span> <span class='ocrx_word' id='word_1_113' title='bbox 1531 905 1715 960; x_wconf 82' lang='lat' dir='ltr'><strong>commendat</strong></span> <span class='ocrx_word' id='word_1_114' title='bbox 1730 904 1828 959; x_wconf 90' lang='lat' dir='ltr'><strong>huma·</strong></span> 
     </span>
     <span class='ocr_line' id='line_1_9' title="bbox 147 997 1828 1068; baseline -0.002 -14"><span class='ocrx_word' id='word_1_115' title='bbox 147 1003 388 1068; x_wconf 90' lang='lat' dir='ltr'><strong>commemorant,</strong></span> <span class='ocrx_word' id='word_1_116' title='bbox 403 1001 451 1056; x_wconf 88' lang='lat' dir='ltr'><strong>sed</strong></span> <span class='ocrx_word' id='word_1_117' title='bbox 462 1001 491 1056; x_wconf 90' lang='lat' dir='ltr'><strong>in</strong></span> <span class='ocrx_word' id='word_1_118' title='bbox 501 1002 549 1056; x_wconf 94' lang='lat' dir='ltr'><strong>illo</strong></span> <span class='ocrx_word' id='word_1_119' title='bbox 562 1005 682 1057; x_wconf 88' lang='lat' dir='ltr'><strong>tractatu</strong></span> <span class='ocrx_word' id='word_1_120' title='bbox 693 1004 789 1057; x_wconf 88' lang='lat' dir='ltr'><strong>Patres</strong></span> <span class='ocrx_word' id='word_1_121' title='bbox 801 1000 892 1056; x_wconf 89' lang='lat' dir='ltr'><strong>nostri</strong></span> <span class='ocrx_word' id='word_1_122' title='bbox 903 1017 961 1055; x_wconf 93' lang='lat' dir='ltr'><strong>non</strong></span> <span class='ocrx_word' id='word_1_123' title='bbox 1013 1015 1087 1064; x_wconf 87' lang='lat' dir='ltr'><strong>nam,</strong></span> <span class='ocrx_word' id='word_1_124' title='bbox 1104 1005 1135 1053; x_wconf 90' lang='lat' dir='ltr'><strong>tu</strong></span> <span class='ocrx_word' id='word_1_125' title='bbox 1158 999 1187 1053; x_wconf 89' lang='lat' dir='ltr'><strong>iu</strong></span> <span class='ocrx_word' id='word_1_126' title='bbox 1208 999 1256 1053; x_wconf 91' lang='lat' dir='ltr'><strong>illo</strong></span> <span class='ocrx_word' id='word_1_127' title='bbox 1269 999 1357 1053; x_wconf 89' lang='lat' dir='ltr'><strong>audes</strong></span> <span class='ocrx_word' id='word_1_128' title='bbox 1372 999 1535 1054; x_wconf 80' lang='lat' dir='ltr'><strong>deformare</strong></span> <span class='ocrx_word' id='word_1_129' title='bbox 1557 998 1699 1053; x_wconf 86' lang='lat' dir='ltr'><strong>divinem.</strong></span> <span class='ocrx_word' id='word_1_130' title='bbox 1724 999 1760 1054; x_wconf 82' lang='lat' dir='ltr'><strong>Et</strong></span> <span class='ocrx_word' id='word_1_131' title='bbox 1780 997 1828 1052; x_wconf 91' lang='lat' dir='ltr'><strong>ite·</strong></span> 
     </span>
     <span class='ocr_line' id='line_1_10' title="bbox 147 1092 1829 1163; baseline 0.001 -18"><span class='ocrx_word' id='word_1_132' title='bbox 147 1108 262 1148; x_wconf 89' lang='lat' dir='ltr'><strong>carnem</strong></span> <span class='ocrx_word' id='word_1_133' title='bbox 277 1094 325 1149; x_wconf 90' lang='lat' dir='ltr'><strong>sed</strong></span> <span class='ocrx_word' id='word_1_134' title='bbox 342 1094 390 1149; x_wconf 88' lang='lat' dir='ltr'><strong>Dei</strong></span> <span class='ocrx_word' id='word_1_135' title='bbox 405 1094 871 1151; x_wconf 83' lang='lat' dir='ltr'><strong>Verbumuniussubstantimcum</strong></span> <span class='ocrx_word' id='word_1_136' title='bbox 881 1096 962 1150; x_wconf 89' lang='lat' dir='ltr'><strong>Patra</strong></span> <span class='ocrx_word' id='word_1_137' title='bbox 1013 1110 1076 1147; x_wconf 92' lang='lat' dir='ltr'><strong>rum</strong></span> <span class='ocrx_word' id='word_1_138' title='bbox 1101 1093 1175 1147; x_wconf 86' lang='lat' dir='ltr'><strong>infra</strong></span> <span class='ocrx_word' id='word_1_139' title='bbox 1205 1110 1212 1147; x_wconf 76' lang='grc' dir='ltr'>ι</span> <span class='ocrx_word' id='word_1_140' title='bbox 1242 1095 1436 1163; x_wconf 82' lang='lat' dir='ltr'><strong>Agnoscamus</strong></span> <span class='ocrx_word' id='word_1_141' title='bbox 1467 1093 1613 1163; x_wconf 90' lang='lat' dir='ltr'><strong>geminam</strong></span> <span class='ocrx_word' id='word_1_142' title='bbox 1644 1092 1829 1147; x_wconf 84' lang='lat' dir='ltr'><strong>substantiam</strong></span> 
     </span>
     <span class='ocr_line' id='line_1_11' title="bbox 148 1186 1829 1261; baseline -0.001 -21"><span class='ocrx_word' id='word_1_143' title='bbox 148 1202 207 1241; x_wconf 89' lang='lat' dir='ltr'><strong>esse</strong></span> <span class='ocrx_word' id='word_1_144' title='bbox 222 1187 331 1242; x_wconf 84' lang='lat' dir='ltr'><strong>dixere.</strong></span> <span class='ocrx_word' id='word_1_145' title='bbox 348 1189 382 1241; x_wconf 89' lang='lat' dir='ltr'><strong>Et</strong></span> <span class='ocrx_word' id='word_1_146' title='bbox 395 1188 518 1243; x_wconf 90' lang='lat' dir='ltr'><strong>Verbum</strong></span> <span class='ocrx_word' id='word_1_147' title='bbox 532 1189 647 1260; x_wconf 85' lang='lat' dir='ltr'><strong>quidem</strong></span> <span class='ocrx_word' id='word_1_148' title='bbox 668 1205 702 1244; x_wconf 89' lang='lat' dir='ltr'><strong>ex</strong></span> <span class='ocrx_word' id='word_1_149' title='bbox 717 1193 835 1260; x_wconf 90' lang='lat' dir='ltr'><strong>paterna</strong></span> <span class='ocrx_word' id='word_1_150' title='bbox 848 1204 961 1261; x_wconf 90' lang='lat' dir='ltr'><strong>proces·</strong></span> <span class='ocrx_word' id='word_1_151' title='bbox 1012 1187 1123 1256; x_wconf 87' lang='lat' dir='ltr'><strong>Christi,</strong></span> <span class='ocrx_word' id='word_1_152' title='bbox 1139 1186 1264 1241; x_wconf 89' lang='lat' dir='ltr'><strong>divinam</strong></span> <span class='ocrx_word' id='word_1_153' title='bbox 1278 1186 1383 1241; x_wconf 89' lang='lat' dir='ltr'><strong>scilicet</strong></span> <span class='ocrx_word' id='word_1_154' title='bbox 1397 1204 1452 1258; x_wconf 91' lang='lat' dir='ltr'><strong>qua</strong></span> <span class='ocrx_word' id='word_1_155' title='bbox 1469 1186 1587 1259; x_wconf 71' lang='lat' dir='ltr'><strong>aequalis</strong></span> <span class='ocrx_word' id='word_1_156' title='bbox 1608 1191 1653 1240; x_wconf 90' lang='lat' dir='ltr'><strong>est</strong></span> <span class='ocrx_word' id='word_1_157' title='bbox 1671 1186 1759 1254; x_wconf 85' lang='lat' dir='ltr'><strong>Patri,</strong></span> <span class='ocrx_word' id='word_1_158' title='bbox 1780 1186 1829 1239; x_wconf 92' lang='lat' dir='ltr'><strong>bu-</strong></span> 
     </span>
     <span class='ocr_line' id='line_1_12' title="bbox 148 1280 1830 1354; baseline 0 -21"><span class='ocrx_word' id='word_1_159' title='bbox 148 1280 389 1351; x_wconf 89' lang='lat' dir='ltr'><strong>sissesnbstautia,</strong></span> <span class='ocrx_word' id='word_1_160' title='bbox 407 1297 522 1338; x_wconf 91' lang='lat' dir='ltr'><strong>caruem</strong></span> <span class='ocrx_word' id='word_1_161' title='bbox 538 1283 830 1354; x_wconf 88' lang='lat' dir='ltr'><strong>autexvirgineesse</strong></span> <span class='ocrx_word' id='word_1_162' title='bbox 844 1281 963 1338; x_wconf 82' lang='lat' dir='ltr'><strong>confessi</strong></span> <span class='ocrx_word' id='word_1_163' title='bbox 1013 1297 1128 1335; x_wconf 83' lang='lat' dir='ltr'><strong>nranam</strong></span> <span class='ocrx_word' id='word_1_164' title='bbox 1154 1297 1211 1353; x_wconf 89' lang='lat' dir='ltr'><strong>qua</strong></span> <span class='ocrx_word' id='word_1_165' title='bbox 1238 1280 1336 1336; x_wconf 90' lang='lat' dir='ltr'><strong>minor</strong></span> <span class='ocrx_word' id='word_1_166' title='bbox 1366 1285 1407 1335; x_wconf 90' lang='lat' dir='ltr'><strong>est</strong></span> <span class='ocrx_word' id='word_1_167' title='bbox 1435 1282 1528 1335; x_wconf 85' lang='lat' dir='ltr'><strong>Patre.</strong></span> <span class='ocrx_word' id='word_1_168' title='bbox 1553 1281 1717 1351; x_wconf 90' lang='lat' dir='ltr'><strong>Utrumque</strong></span> <span class='ocrx_word' id='word_1_169' title='bbox 1739 1283 1830 1334; x_wconf 81' lang='lat' dir='ltr'><strong>autem</strong></span> 
     </span>
     <span class='ocr_line' id='line_1_13' title="bbox 149 1373 1832 1446; baseline 0.001 -19"><span class='ocrx_word' id='word_1_170' title='bbox 149 1378 224 1428; x_wconf 80' lang='lat' dir='ltr'><strong>srrnt.</strong></span> <span class='ocrx_word' id='word_1_171' title='bbox 239 1373 386 1438; x_wconf 83' lang='lat' dir='ltr'><strong>Quomodo</strong></span> <span class='ocrx_word' id='word_1_172' title='bbox 399 1375 488 1446; x_wconf 88' lang='lat' dir='ltr'><strong>igitur</strong></span> <span class='ocrx_word' id='word_1_173' title='bbox 499 1376 606 1431; x_wconf 79' lang='lat' dir='ltr'><strong>Nicani</strong></span> <span class='ocrx_word' id='word_1_174' title='bbox 620 1376 732 1432; x_wconf 90' lang='lat' dir='ltr'><strong>concilii</strong></span> <span class='ocrx_word' id='word_1_175' title='bbox 747 1393 852 1431; x_wconf 91' lang='lat' dir='ltr'><strong>nomeu</strong></span> <span class='ocrx_word' id='word_1_176' title='bbox 866 1376 964 1430; x_wconf 93' lang='lat' dir='ltr'><strong>obten·</strong></span> <span class='ocrx_word' id='word_1_177' title='bbox 1014 1374 1098 1429; x_wconf 92' lang='lat' dir='ltr'><strong>simul</strong></span> <span class='ocrx_word' id='word_1_178' title='bbox 1119 1392 1176 1430; x_wconf 91' lang='lat' dir='ltr'><strong>uon</strong></span> <span class='ocrx_word' id='word_1_179' title='bbox 1191 1375 1258 1443; x_wconf 91' lang='lat' dir='ltr'><strong>duo,</strong></span> <span class='ocrx_word' id='word_1_180' title='bbox 1273 1375 1413 1429; x_wconf 89' lang='lat' dir='ltr'><strong>sedunus</strong></span> <span class='ocrx_word' id='word_1_181' title='bbox 1428 1375 1565 1440; x_wconf 90' lang='lat' dir='ltr'><strong>Christus,</strong></span> <span class='ocrx_word' id='word_1_182' title='bbox 1583 1390 1621 1428; x_wconf 88' lang='lat' dir='ltr'><strong>ne</strong></span> <span class='ocrx_word' id='word_1_183' title='bbox 1638 1374 1676 1428; x_wconf 92' lang='lat' dir='ltr'><strong>sit</strong></span> <span class='ocrx_word' id='word_1_184' title='bbox 1689 1375 1832 1445; x_wconf 77' lang='lat' dir='ltr'><strong>quaterni</strong></span> 
     </span>
     <span class='ocr_line' id='line_1_14' title="bbox 149 1467 1832 1542; baseline 0.001 -21"><span class='ocrx_word' id='word_1_185' title='bbox 149 1467 226 1523; x_wconf 87' lang='lat' dir='ltr'><strong>ditur</strong></span> <span class='ocrx_word' id='word_1_186' title='bbox 239 1473 267 1522; x_wconf 92' lang='lat' dir='ltr'><strong>et</strong></span> <span class='ocrx_word' id='word_1_187' title='bbox 279 1484 354 1524; x_wconf 90' lang='lat' dir='ltr'><strong>nova</strong></span> <span class='ocrx_word' id='word_1_188' title='bbox 366 1469 543 1525; x_wconf 89' lang='lat' dir='ltr'><strong>inducuntur</strong></span> <span class='ocrx_word' id='word_1_189' title='bbox 559 1487 623 1542; x_wconf 85' lang='lat' dir='ltr'><strong>quae</strong></span> <span class='ocrx_word' id='word_1_190' title='bbox 639 1486 786 1542; x_wconf 90' lang='lat' dir='ltr'><strong>nunquam</strong></span> <span class='ocrx_word' id='word_1_191' title='bbox 797 1470 888 1526; x_wconf 89' lang='lat' dir='ltr'><strong>nostri</strong></span> <span class='ocrx_word' id='word_1_192' title='bbox 903 1485 964 1524; x_wconf 84' lang='lat' dir='ltr'><strong>san·</strong></span> <span class='ocrx_word' id='word_1_193' title='bbox 1013 1473 1057 1523; x_wconf 88' lang='lat' dir='ltr'><strong>tas</strong></span> <span class='ocrx_word' id='word_1_194' title='bbox 1070 1485 1128 1523; x_wconf 90' lang='lat' dir='ltr'><strong>non</strong></span> <span class='ocrx_word' id='word_1_195' title='bbox 1137 1468 1247 1523; x_wconf 85' lang='lat' dir='ltr'><strong>trinitas</strong></span> <span class='ocrx_word' id='word_1_196' title='bbox 1263 1470 1344 1524; x_wconf 90' lang='lat' dir='ltr'><strong>Deus.</strong></span> <span class='ocrx_word' id='word_1_197' title='bbox 1359 1468 1435 1525; x_wconf 87' lang='lat' dir='ltr'><strong>Sicut</strong></span> <span class='ocrx_word' id='word_1_198' title='bbox 1445 1468 1523 1523; x_wconf 91' lang='lat' dir='ltr'><strong>enim</strong></span> <span class='ocrx_word' id='word_1_199' title='bbox 1536 1484 1610 1523; x_wconf 90' lang='lat' dir='ltr'><strong>unus</strong></span> <span class='ocrx_word' id='word_1_200' title='bbox 1623 1472 1667 1522; x_wconf 90' lang='lat' dir='ltr'><strong>est</strong></span> <span class='ocrx_word' id='word_1_201' title='bbox 1677 1468 1770 1522; x_wconf 93' lang='lat' dir='ltr'><strong>homo</strong></span> <span class='ocrx_word' id='word_1_202' title='bbox 1780 1469 1832 1522; x_wconf 87' lang='lat' dir='ltr'><strong>ani-</strong></span> 
     </span>
     <span class='ocr_line' id='line_1_15' title="bbox 149 1562 1832 1635; baseline 0.001 -21"><span class='ocrx_word' id='word_1_203' title='bbox 149 1577 210 1615; x_wconf 90' lang='lat' dir='ltr'><strong>sare</strong></span> <span class='ocrx_word' id='word_1_204' title='bbox 220 1562 365 1632; x_wconf 83' lang='lat' dir='ltr'><strong>majores?</strong></span> <span class='ocrx_word' id='word_1_205' title='bbox 379 1564 414 1618; x_wconf 88' lang='lat' dir='ltr'><strong>Et</strong></span> <span class='ocrx_word' id='word_1_206' title='bbox 424 1563 544 1635; x_wconf 90' lang='lat' dir='ltr'><strong>reliqua.</strong></span> <span class='ocrx_word' id='word_1_207' title='bbox 557 1566 627 1619; x_wconf 91' lang='lat' dir='ltr'><strong>ltem</strong></span> <span class='ocrx_word' id='word_1_208' title='bbox 639 1563 767 1635; x_wconf 87' lang='lat' dir='ltr'><strong>ejusdem</strong></span> <span class='ocrx_word' id='word_1_209' title='bbox 779 1564 814 1618; x_wconf 93' lang='lat' dir='ltr'><strong>ad</strong></span> <span class='ocrx_word' id='word_1_210' title='bbox 826 1563 965 1619; x_wconf 91' lang='lat' dir='ltr'><strong>Sabinum</strong></span> <span class='ocrx_word' id='word_1_211' title='bbox 1014 1579 1062 1617; x_wconf 89' lang='lat' dir='ltr'><strong>ma</strong></span> <span class='ocrx_word' id='word_1_212' title='bbox 1074 1562 1218 1617; x_wconf 89' lang='lat' dir='ltr'><strong>rationalis</strong></span> <span class='ocrx_word' id='word_1_213' title='bbox 1233 1566 1261 1616; x_wconf 89' lang='lat' dir='ltr'><strong>et</strong></span> <span class='ocrx_word' id='word_1_214' title='bbox 1276 1579 1350 1630; x_wconf 89' lang='lat' dir='ltr'><strong>earo,</strong></span> <span class='ocrx_word' id='word_1_215' title='bbox 1369 1563 1408 1616; x_wconf 89' lang='lat' dir='ltr'><strong>sic</strong></span> <span class='ocrx_word' id='word_1_216' title='bbox 1423 1579 1497 1616; x_wconf 88' lang='lat' dir='ltr'><strong>unus</strong></span> <span class='ocrx_word' id='word_1_217' title='bbox 1510 1564 1553 1616; x_wconf 89' lang='lat' dir='ltr'><strong>est</strong></span> <span class='ocrx_word' id='word_1_218' title='bbox 1564 1563 1651 1631; x_wconf 87' lang='lat' dir='ltr'><strong>Deus,</strong></span> <span class='ocrx_word' id='word_1_219' title='bbox 1666 1562 1795 1616; x_wconf 80' lang='lat' dir='ltr'><strong>Christus</strong></span> <span class='ocrx_word' id='word_1_220' title='bbox 1809 1565 1832 1616; x_wconf 85' lang='lat' dir='ltr'><strong>et</strong></span> 
     </span>
     <span class='ocr_line' id='line_1_16' title="bbox 149 1655 1831 1729; baseline 0.001 -21"><span class='ocrx_word' id='word_1_221' title='bbox 149 1655 313 1726; x_wconf 88' lang='lat' dir='ltr'><strong>episcopum</strong></span> <span class='ocrx_word' id='word_1_222' title='bbox 332 1656 408 1712; x_wconf 88' lang='lat' dir='ltr'><strong>inter</strong></span> <span class='ocrx_word' id='word_1_223' title='bbox 428 1661 530 1711; x_wconf 85' lang='lat' dir='ltr'><strong>caetera</strong></span> <span class='ocrx_word' id='word_1_224' title='bbox 549 1674 555 1712; x_wconf 94' lang='lat'>:</span> <span class='ocrx_word' id='word_1_225' title='bbox 576 1658 655 1713; x_wconf 89' lang='lat' dir='ltr'><strong>Unde</strong></span> <span class='ocrx_word' id='word_1_226' title='bbox 674 1657 794 1729; x_wconf 88' lang='lat' dir='ltr'><strong>pulchra</strong></span> <span class='ocrx_word' id='word_1_227' title='bbox 814 1656 964 1729; x_wconf 79' lang='lat' dir='ltr'><strong>Apostolus</strong></span> <span class='ocrx_word' id='word_1_228' title='bbox 1014 1656 1110 1722; x_wconf 93' lang='lat' dir='ltr'><strong>homo,</strong></span> <span class='ocrx_word' id='word_1_229' title='bbox 1127 1672 1158 1711; x_wconf 90' lang='lat' dir='ltr'><strong>ae</strong></span> <span class='ocrx_word' id='word_1_230' title='bbox 1172 1655 1290 1728; x_wconf 90' lang='lat' dir='ltr'><strong>perhoc</strong></span> <span class='ocrx_word' id='word_1_231' title='bbox 1302 1656 1429 1712; x_wconf 89' lang='lat' dir='ltr'><strong>Christus</strong></span> <span class='ocrx_word' id='word_1_232' title='bbox 1442 1658 1483 1710; x_wconf 88' lang='lat' dir='ltr'><strong>est</strong></span> <span class='ocrx_word' id='word_1_233' title='bbox 1498 1656 1570 1710; x_wconf 91' lang='lat' dir='ltr'><strong>Deus</strong></span> <span class='ocrx_word' id='word_1_234' title='bbox 1590 1656 1693 1710; x_wconf 88' lang='lat' dir='ltr'><strong>anima</strong></span> <span class='ocrx_word' id='word_1_235' title='bbox 1711 1657 1831 1710; x_wconf 84' lang='lat' dir='ltr'><strong>rationa-</strong></span> 
     </span>
     <span class='ocr_line' id='line_1_17' title="bbox 149 1725 1831 1821; baseline 0.001 -18"><span class='ocrx_word' id='word_1_236' title='bbox 149 1749 278 1819; x_wconf 86' lang='lat' dir='ltr'><strong>ejusdem</strong></span> <span class='ocrx_word' id='word_1_237' title='bbox 291 1750 370 1804; x_wconf 88' lang='lat' dir='ltr'><strong>verbi</strong></span> <span class='ocrx_word' id='word_1_238' title='bbox 382 1750 552 1821; x_wconf 85' lang='lat' dir='ltr'><strong>repetitione</strong></span> <span class='ocrx_word' id='word_1_239' title='bbox 562 1768 629 1806; x_wconf 90' lang='lat' dir='ltr'><strong>usus</strong></span> <span class='ocrx_word' id='word_1_240' title='bbox 641 1752 785 1807; x_wconf 89' lang='lat' dir='ltr'><strong>estdieens</strong></span> <span class='ocrx_word' id='word_1_241' title='bbox 799 1751 833 1806; x_wconf 91' lang='lat' dir='ltr'><strong>da</strong></span> <span class='ocrx_word' id='word_1_242' title='bbox 843 1750 964 1805; x_wconf 92' lang='lat' dir='ltr'><strong>Domino</strong></span> <span class='ocrx_word' id='word_1_243' title='bbox 975 1725 1003 1798; x_wconf 80' lang='grc' dir='ltr'><strong>Β</strong></span> <span class='ocrx_word' id='word_1_244' title='bbox 1014 1749 1049 1804; x_wconf 90' lang='lat' dir='ltr'><strong>lis</strong></span> <span class='ocrx_word' id='word_1_245' title='bbox 1069 1754 1097 1804; x_wconf 90' lang='lat' dir='ltr'><strong>et</strong></span> <span class='ocrx_word' id='word_1_246' title='bbox 1116 1765 1190 1805; x_wconf 85' lang='lat' dir='ltr'><strong>caro.</strong></span> <span class='ocrx_word' id='word_1_247' title='bbox 1213 1750 1356 1805; x_wconf 85' lang='lat' dir='ltr'><strong>Christum</strong></span> <span class='ocrx_word' id='word_1_248' title='bbox 1378 1749 1407 1804; x_wconf 93' lang='lat' dir='ltr'><strong>in</strong></span> <span class='ocrx_word' id='word_1_249' title='bbox 1424 1749 1468 1804; x_wconf 91' lang='lat' dir='ltr'><strong>his</strong></span> <span class='ocrx_word' id='word_1_250' title='bbox 1481 1749 1625 1816; x_wconf 85' lang='lat' dir='ltr'><strong>omnibus,</strong></span> <span class='ocrx_word' id='word_1_251' title='bbox 1641 1749 1789 1805; x_wconf 83' lang='lat' dir='ltr'><strong>Christum</strong></span> <span class='ocrx_word' id='word_1_252' title='bbox 1808 1750 1831 1804; x_wconf 87' lang='lat' dir='ltr'><strong>iu</strong></span> 
     </span>
     <span class='ocr_line' id='line_1_18' title="bbox 149 1842 1831 1916; baseline 0.001 -19"><span class='ocrx_word' id='word_1_253' title='bbox 149 1844 215 1897; x_wconf 85' lang='lat' dir='ltr'><strong>lesu</strong></span> <span class='ocrx_word' id='word_1_254' title='bbox 229 1843 340 1898; x_wconf 92' lang='lat' dir='ltr'><strong>Christo</strong></span> <span class='ocrx_word' id='word_1_255' title='bbox 350 1860 357 1898; x_wconf 92' lang='lat'>:</span> <span class='ocrx_word' id='word_1_256' title='bbox 368 1844 458 1900; x_wconf 84' lang='lat' dir='ltr'><strong>«Cum</strong></span> <span class='ocrx_word' id='word_1_257' title='bbox 469 1844 603 1899; x_wconf 79' lang='lat' dir='ltr'><strong>informa</strong></span> <span class='ocrx_word' id='word_1_258' title='bbox 615 1846 664 1899; x_wconf 89' lang='lat' dir='ltr'><strong>Dei</strong></span> <span class='ocrx_word' id='word_1_259' title='bbox 678 1848 752 1900; x_wconf 89' lang='lat' dir='ltr'><strong>esset</strong></span> <span class='ocrx_word' id='word_1_260' title='bbox 765 1861 824 1899; x_wconf 90' lang='lat' dir='ltr'><strong>non</strong></span> <span class='ocrx_word' id='word_1_261' title='bbox 834 1843 964 1914; x_wconf 88' lang='lat' dir='ltr'><strong>rapinam</strong></span> <span class='ocrx_word' id='word_1_262' title='bbox 1015 1842 1132 1914; x_wconf 86' lang='lat' dir='ltr'><strong>singulis</strong></span> <span class='ocrx_word' id='word_1_263' title='bbox 1148 1844 1327 1898; x_wconf 82' lang='lat' dir='ltr'><strong>confitemur.</strong></span> <span class='ocrx_word' id='word_1_264' title='bbox 1347 1843 1415 1907; x_wconf 87' lang='lat' dir='ltr'><strong>Quis</strong></span> <span class='ocrx_word' id='word_1_265' title='bbox 1431 1845 1475 1897; x_wconf 91' lang='lat' dir='ltr'><strong>est</strong></span> <span class='ocrx_word' id='word_1_266' title='bbox 1488 1859 1557 1915; x_wconf 90' lang='lat' dir='ltr'><strong>ergo</strong></span> <span class='ocrx_word' id='word_1_267' title='bbox 1571 1859 1734 1916; x_wconf 90' lang='lat' dir='ltr'><strong>perquem</strong></span> <span class='ocrx_word' id='word_1_268' title='bbox 1750 1844 1831 1898; x_wconf 82' lang='lat' dir='ltr'><strong>taetus</strong></span> 
     </span>
     <span class='ocr_line' id='line_1_19' title="bbox 150 1936 1831 2010; baseline 0.001 -21"><span class='ocrx_word' id='word_1_269' title='bbox 150 1936 301 1991; x_wconf 82' lang='lat' dir='ltr'><strong>arbitrahrs</strong></span> <span class='ocrx_word' id='word_1_270' title='bbox 315 1942 431 1993; x_wconf 90' lang='lat' dir='ltr'><strong>estesse</strong></span> <span class='ocrx_word' id='word_1_271' title='bbox 445 1954 474 1993; x_wconf 91' lang='lat' dir='ltr'><strong>se</strong></span> <span class='ocrx_word' id='word_1_272' title='bbox 488 1939 630 2010; x_wconf 83' lang='lat' dir='ltr'><strong>aequalem</strong></span> <span class='ocrx_word' id='word_1_273' title='bbox 640 1939 706 2008; x_wconf 92' lang='lat' dir='ltr'><strong>Deo,</strong></span> <span class='ocrx_word' id='word_1_274' title='bbox 719 1938 768 1993; x_wconf 90' lang='lat' dir='ltr'><strong>sed</strong></span> <span class='ocrx_word' id='word_1_275' title='bbox 778 1937 966 2008; x_wconf 90' lang='lat' dir='ltr'><strong>semetipsum</strong></span> <span class='ocrx_word' id='word_1_276' title='bbox 1016 1942 1058 1992; x_wconf 89' lang='lat' dir='ltr'><strong>est</strong></span> <span class='ocrx_word' id='word_1_277' title='bbox 1073 1937 1221 1992; x_wconf 78' lang='lat' dir='ltr'><strong>mundus?</strong></span> <span class='ocrx_word' id='word_1_278' title='bbox 1234 1937 1459 2004; x_wconf 85' lang='lat' dir='ltr'><strong>ChristusJesus,</strong></span> <span class='ocrx_word' id='word_1_279' title='bbox 1478 1937 1525 1992; x_wconf 90' lang='lat' dir='ltr'><strong>sed</strong></span> <span class='ocrx_word' id='word_1_280' title='bbox 1540 1937 1569 1991; x_wconf 93' lang='lat' dir='ltr'><strong>in</strong></span> <span class='ocrx_word' id='word_1_281' title='bbox 1583 1937 1680 1991; x_wconf 85' lang='lat' dir='ltr'><strong>forma</strong></span> <span class='ocrx_word' id='word_1_282' title='bbox 1696 1937 1759 1993; x_wconf 84' lang='lat' dir='ltr'><strong>Dei.</strong></span> <span class='ocrx_word' id='word_1_283' title='bbox 1774 1938 1831 2002; x_wconf 83' lang='lat' dir='ltr'><strong>Dois</strong></span> 
     </span>
     <span class='ocr_line' id='line_1_20' title="bbox 150 2029 1829 2102; baseline 0.001 -19"><span class='ocrx_word' id='word_1_284' title='bbox 150 2029 304 2085; x_wconf 89' lang='lat' dir='ltr'><strong>exinanivit</strong></span> <span class='ocrx_word' id='word_1_285' title='bbox 313 2031 436 2086; x_wconf 83' lang='lat' dir='ltr'><strong>sormam</strong></span> <span class='ocrx_word' id='word_1_286' title='bbox 445 2032 519 2087; x_wconf 89' lang='lat' dir='ltr'><strong>servi</strong></span> <span class='ocrx_word' id='word_1_287' title='bbox 532 2032 673 2102; x_wconf 90' lang='lat' dir='ltr'><strong>accipiens</strong></span> <span class='ocrx_word' id='word_1_288' title='bbox 686 2033 796 2102; x_wconf 83' lang='lat' dir='ltr'><strong>(Philip.</strong></span> <span class='ocrx_word' id='word_1_289' title='bbox 813 2048 843 2099; x_wconf 90' lang='lat' dir='ltr'><strong>n,</strong></span> <span class='ocrx_word' id='word_1_290' title='bbox 859 2033 885 2097; x_wconf 82' lang='lat' dir='ltr'><strong>h,</strong></span> <span class='ocrx_word' id='word_1_291' title='bbox 901 2031 938 2100; x_wconf 68' lang='lat'><strong>7).</strong></span> <span class='ocrx_word' id='word_1_292' title='bbox 950 2049 964 2081; x_wconf 85' lang='lat' dir='ltr'><strong>u</strong></span> <span class='ocrx_word' id='word_1_293' title='bbox 1016 2034 1058 2086; x_wconf 92' lang='lat' dir='ltr'><strong>est</strong></span> <span class='ocrx_word' id='word_1_294' title='bbox 1073 2031 1123 2085; x_wconf 91' lang='lat' dir='ltr'><strong>sub</strong></span> <span class='ocrx_word' id='word_1_295' title='bbox 1138 2031 1237 2086; x_wconf 88' lang='lat' dir='ltr'><strong>Pontio</strong></span> <span class='ocrx_word' id='word_1_296' title='bbox 1251 2031 1340 2085; x_wconf 86' lang='lat' dir='ltr'><strong>Pilato</strong></span> <span class='ocrx_word' id='word_1_297' title='bbox 1354 2030 1525 2086; x_wconf 81' lang='lat' dir='ltr'><strong>crucifixus?</strong></span> <span class='ocrx_word' id='word_1_298' title='bbox 1540 2031 1672 2086; x_wconf 90' lang='lat' dir='ltr'><strong>Christus</strong></span> <span class='ocrx_word' id='word_1_299' title='bbox 1685 2032 1778 2100; x_wconf 80' lang='lat' dir='ltr'><strong>lesus,</strong></span> <span class='ocrx_word' id='word_1_300' title='bbox 1789 2031 1829 2086; x_wconf 85' lang='lat' dir='ltr'><strong>sed</strong></span> 
     </span>
     <span class='ocr_line' id='line_1_21' title="bbox 150 2122 1827 2197; baseline 0.001 -20"><span class='ocrx_word' id='word_1_301' title='bbox 150 2122 222 2187; x_wconf 83' lang='lat' dir='ltr'><strong>Quid</strong></span> <span class='ocrx_word' id='word_1_302' title='bbox 234 2129 277 2178; x_wconf 92' lang='lat' dir='ltr'><strong>est</strong></span> <span class='ocrx_word' id='word_1_303' title='bbox 288 2124 318 2178; x_wconf 92' lang='lat' dir='ltr'><strong>in</strong></span> <span class='ocrx_word' id='word_1_304' title='bbox 329 2125 424 2179; x_wconf 87' lang='lat' dir='ltr'><strong>forma</strong></span> <span class='ocrx_word' id='word_1_305' title='bbox 440 2126 486 2180; x_wconf 90' lang='lat' dir='ltr'><strong>Dei</strong></span> <span class='ocrx_word' id='word_1_306' title='bbox 501 2126 556 2180; x_wconf 90' lang='lat' dir='ltr'><strong>nisi</strong></span> <span class='ocrx_word' id='word_1_307' title='bbox 569 2127 598 2181; x_wconf 90' lang='lat' dir='ltr'><strong>iu</strong></span> <span class='ocrx_word' id='word_1_308' title='bbox 616 2125 793 2196; x_wconf 89' lang='lat' dir='ltr'><strong>plenitudiue</strong></span> <span class='ocrx_word' id='word_1_309' title='bbox 810 2124 923 2180; x_wconf 86' lang='lat' dir='ltr'><strong>deitatis</strong></span> <span class='ocrx_word' id='word_1_310' title='bbox 936 2124 965 2178; x_wconf 92' lang='lat' dir='ltr'><strong>in</strong></span> <span class='ocrx_word' id='word_1_311' title='bbox 1016 2125 1149 2180; x_wconf 85' lang='lat' dir='ltr'><strong>informa</strong></span> <span class='ocrx_word' id='word_1_312' title='bbox 1159 2124 1240 2180; x_wconf 90' lang='lat' dir='ltr'><strong>servi.</strong></span> <span class='ocrx_word' id='word_1_313' title='bbox 1254 2127 1324 2181; x_wconf 86' lang='lat' dir='ltr'><strong>ltem</strong></span> <span class='ocrx_word' id='word_1_314' title='bbox 1338 2123 1466 2196; x_wconf 86' lang='lat' dir='ltr'><strong>ejusdem</strong></span> <span class='ocrx_word' id='word_1_315' title='bbox 1476 2125 1557 2196; x_wconf 80' lang='lat' dir='ltr'><strong>qu‘us</strong></span> <span class='ocrx_word' id='word_1_316' title='bbox 1569 2141 1658 2197; x_wconf 91' lang='lat' dir='ltr'><strong>supra</strong></span> <span class='ocrx_word' id='word_1_317' title='bbox 1673 2141 1680 2179; x_wconf 92' lang='lat'><strong>:</strong></span> <span class='ocrx_word' id='word_1_318' title='bbox 1698 2124 1768 2190; x_wconf 82' lang='lat' dir='ltr'><strong>Quis</strong></span> <span class='ocrx_word' id='word_1_319' title='bbox 1782 2142 1827 2179; x_wconf 89' lang='lat' dir='ltr'><strong>non</strong></span> 
     </span>
     <span class='ocr_line' id='line_1_22' title="bbox 149 2216 1827 2290; baseline 0.003 -21"><span class='ocrx_word' id='word_1_320' title='bbox 149 2216 197 2270; x_wconf 91' lang='lat' dir='ltr'><strong>illa</strong></span> <span class='ocrx_word' id='word_1_321' title='bbox 215 2218 398 2288; x_wconf 79' lang='lat' dir='ltr'><strong>perfectionis</strong></span> <span class='ocrx_word' id='word_1_322' title='bbox 429 2218 532 2273; x_wconf 74' lang='lat' dir='ltr'><strong>divinae</strong></span> <span class='ocrx_word' id='word_1_323' title='bbox 560 2219 768 2290; x_wconf 76' lang='lat' dir='ltr'><strong>expressione?</strong></span> <span class='ocrx_word' id='word_1_324' title='bbox 796 2220 871 2289; x_wconf 84' lang='lat' dir='ltr'><strong>Ergo</strong></span> <span class='ocrx_word' id='word_1_325' title='bbox 899 2234 966 2273; x_wconf 91' lang='lat' dir='ltr'><strong>cum</strong></span> <span class='ocrx_word' id='word_1_326' title='bbox 1017 2223 1057 2275; x_wconf 89' lang='lat' dir='ltr'><strong>est</strong></span> <span class='ocrx_word' id='word_1_327' title='bbox 1072 2219 1222 2274; x_wconf 90' lang='lat' dir='ltr'><strong>derelictus</strong></span> <span class='ocrx_word' id='word_1_328' title='bbox 1235 2219 1264 2273; x_wconf 92' lang='lat' dir='ltr'><strong>in</strong></span> <span class='ocrx_word' id='word_1_329' title='bbox 1277 2218 1410 2273; x_wconf 78' lang='lat' dir='ltr'><strong>interno?</strong></span> <span class='ocrx_word' id='word_1_330' title='bbox 1427 2219 1553 2273; x_wconf 86' lang='lat' dir='ltr'><strong>Christus</strong></span> <span class='ocrx_word' id='word_1_331' title='bbox 1565 2219 1658 2287; x_wconf 85' lang='lat' dir='ltr'><strong>lesus,</strong></span> <span class='ocrx_word' id='word_1_332' title='bbox 1673 2219 1726 2274; x_wconf 90' lang='lat' dir='ltr'><strong>sed</strong></span> <span class='ocrx_word' id='word_1_333' title='bbox 1741 2219 1827 2274; x_wconf 89' lang='lat' dir='ltr'><strong>inani-</strong></span> 
     </span>
     <span class='ocr_line' id='line_1_23' title="bbox 151 2311 1827 2385; baseline 0.002 -21"><span class='ocrx_word' id='word_1_334' title='bbox 151 2314 224 2366; x_wconf 88' lang='lat' dir='ltr'><strong>esset</strong></span> <span class='ocrx_word' id='word_1_335' title='bbox 236 2311 266 2367; x_wconf 92' lang='lat' dir='ltr'><strong>in</strong></span> <span class='ocrx_word' id='word_1_336' title='bbox 281 2311 459 2383; x_wconf 88' lang='lat' dir='ltr'><strong>plenitudiue</strong></span> <span class='ocrx_word' id='word_1_337' title='bbox 479 2313 642 2379; x_wconf 88' lang='lat' dir='ltr'><strong>divinitatis,</strong></span> <span class='ocrx_word' id='word_1_338' title='bbox 661 2311 815 2367; x_wconf 84' lang='lat' dir='ltr'><strong>exinanivit</strong></span> <span class='ocrx_word' id='word_1_339' title='bbox 834 2329 863 2366; x_wconf 92' lang='lat' dir='ltr'><strong>se</strong></span> <span class='ocrx_word' id='word_1_340' title='bbox 879 2316 908 2367; x_wconf 92' lang='lat' dir='ltr'><strong>et</strong></span> <span class='ocrx_word' id='word_1_341' title='bbox 920 2329 966 2366; x_wconf 89' lang='lat' dir='ltr'><strong>ac·</strong></span> <span class='ocrx_word' id='word_1_342' title='bbox 1016 2329 1064 2368; x_wconf 91' lang='lat' dir='ltr'><strong>ma</strong></span> <span class='ocrx_word' id='word_1_343' title='bbox 1081 2313 1150 2367; x_wconf 88' lang='lat' dir='ltr'><strong>sola.</strong></span> <span class='ocrx_word' id='word_1_344' title='bbox 1171 2312 1238 2378; x_wconf 84' lang='lat' dir='ltr'><strong>Quis</strong></span> <span class='ocrx_word' id='word_1_345' title='bbox 1256 2317 1466 2368; x_wconf 88' lang='lat' dir='ltr'><strong>resurrectums</strong></span> <span class='ocrx_word' id='word_1_346' title='bbox 1485 2312 1579 2367; x_wconf 90' lang='lat' dir='ltr'><strong>triduo</strong></span> <span class='ocrx_word' id='word_1_347' title='bbox 1590 2312 1688 2383; x_wconf 88' lang='lat' dir='ltr'><strong>jacuit</strong></span> <span class='ocrx_word' id='word_1_348' title='bbox 1702 2313 1735 2368; x_wconf 90' lang='lat' dir='ltr'><strong>in</strong></span> <span class='ocrx_word' id='word_1_349' title='bbox 1751 2315 1827 2385; x_wconf 82' lang='lat' dir='ltr'><strong>scpul-</strong></span> 
     </span>
     <span class='ocr_line' id='line_1_24' title="bbox 151 2403 1826 2483; baseline 0.001 -24"><span class='ocrx_word' id='word_1_350' title='bbox 151 2403 227 2476; x_wconf 89' lang='lat' dir='ltr'><strong>cepit</strong></span> <span class='ocrx_word' id='word_1_351' title='bbox 248 2405 455 2476; x_wconf 86' lang='lat' dir='ltr'><strong>plenitudinem</strong></span> <span class='ocrx_word' id='word_1_352' title='bbox 483 2413 591 2462; x_wconf 90' lang='lat' dir='ltr'><strong>naturae</strong></span> <span class='ocrx_word' id='word_1_353' title='bbox 611 2410 639 2462; x_wconf 90' lang='lat' dir='ltr'><strong>et</strong></span> <span class='ocrx_word' id='word_1_354' title='bbox 659 2406 840 2478; x_wconf 80' lang='lat' dir='ltr'><strong>perfectionis</strong></span> <span class='ocrx_word' id='word_1_355' title='bbox 863 2407 965 2460; x_wconf 89' lang='lat' dir='ltr'><strong>huma·</strong></span> <span class='ocrx_word' id='word_1_356' title='bbox 1017 2423 1064 2461; x_wconf 91' lang='lat' dir='ltr'><strong>ero</strong></span> <span class='ocrx_word' id='word_1_357' title='bbox 1079 2406 1230 2462; x_wconf 78' lang='lat' dir='ltr'><strong>tChristus</strong></span> <span class='ocrx_word' id='word_1_358' title='bbox 1242 2408 1329 2483; x_wconf 88' lang='lat' dir='ltr'><strong>lesus,</strong></span> <span class='ocrx_word' id='word_1_359' title='bbox 1343 2405 1393 2460; x_wconf 92' lang='lat' dir='ltr'><strong>sed</strong></span> <span class='ocrx_word' id='word_1_360' title='bbox 1412 2406 1442 2460; x_wconf 87' lang='lat' dir='ltr'><strong>iu</strong></span> <span class='ocrx_word' id='word_1_361' title='bbox 1456 2422 1542 2461; x_wconf 88' lang='lat' dir='ltr'><strong>carne</strong></span> <span class='ocrx_word' id='word_1_362' title='bbox 1555 2407 1626 2461; x_wconf 89' lang='lat' dir='ltr'><strong>sola.</strong></span> <span class='ocrx_word' id='word_1_363' title='bbox 1645 2406 1759 2461; x_wconf 83' lang='lat' dir='ltr'><strong>Dicitur</strong></span> <span class='ocrx_word' id='word_1_364' title='bbox 1771 2423 1826 2478; x_wconf 85' lang='lat' dir='ltr'><strong>ergo</strong></span> 
     </span>
     <span class='ocr_line' id='line_1_25' title="bbox 153 2499 1824 2571; baseline 0.001 -19"><span class='ocrx_word' id='word_1_365' title='bbox 153 2514 207 2553; x_wconf 83' lang='lat' dir='ltr'><strong>nae.</strong></span> <span class='ocrx_word' id='word_1_366' title='bbox 233 2499 311 2555; x_wconf 88' lang='lat' dir='ltr'><strong>Sicut</strong></span> <span class='ocrx_word' id='word_1_367' title='bbox 330 2501 388 2555; x_wconf 90' lang='lat' dir='ltr'><strong>Deo</strong></span> <span class='ocrx_word' id='word_1_368' title='bbox 408 2500 478 2556; x_wconf 91' lang='lat' dir='ltr'><strong>nihil</strong></span> <span class='ocrx_word' id='word_1_369' title='bbox 501 2501 607 2570; x_wconf 87' lang='lat' dir='ltr'><strong>deemt,</strong></span> <span class='ocrx_word' id='word_1_370' title='bbox 634 2501 672 2555; x_wconf 91' lang='lat' dir='ltr'><strong>ita</strong></span> <span class='ocrx_word' id='word_1_371' title='bbox 691 2516 742 2555; x_wconf 91' lang='lat' dir='ltr'><strong>nec</strong></span> <span class='ocrx_word' id='word_1_372' title='bbox 764 2500 875 2556; x_wconf 92' lang='lat' dir='ltr'><strong>homini</strong></span> <span class='ocrx_word' id='word_1_373' title='bbox 897 2514 965 2555; x_wconf 89' lang='lat' dir='ltr'><strong>con·</strong></span> <span class='ocrx_word' id='word_1_374' title='bbox 1017 2500 1100 2555; x_wconf 88' lang='lat' dir='ltr'><strong>inhis</strong></span> <span class='ocrx_word' id='word_1_375' title='bbox 1116 2500 1235 2571; x_wconf 86' lang='lat' dir='ltr'><strong>singulis</strong></span> <span class='ocrx_word' id='word_1_376' title='bbox 1249 2499 1384 2556; x_wconf 88' lang='lat' dir='ltr'><strong>Christus.</strong></span> <span class='ocrx_word' id='word_1_377' title='bbox 1398 2502 1504 2555; x_wconf 90' lang='lat' dir='ltr'><strong>Verum</strong></span> <span class='ocrx_word' id='word_1_378' title='bbox 1519 2500 1580 2554; x_wconf 79' lang='lat' dir='ltr'><strong>haec</strong></span> <span class='ocrx_word' id='word_1_379' title='bbox 1595 2502 1698 2556; x_wconf 89' lang='lat' dir='ltr'><strong>omnia</strong></span> <span class='ocrx_word' id='word_1_380' title='bbox 1712 2501 1824 2556; x_wconf 90' lang='lat' dir='ltr'><strong>nonduo</strong></span> 
     </span>
     <span class='ocr_line' id='line_1_26' title="bbox 151 2593 1825 2667; baseline 0.001 -21"><span class='ocrx_word' id='word_1_381' title='bbox 151 2593 350 2649; x_wconf 86' lang='lat' dir='ltr'><strong>summationis</strong></span> <span class='ocrx_word' id='word_1_382' title='bbox 369 2596 401 2648; x_wconf 91' lang='lat' dir='ltr'><strong>ut</strong></span> <span class='ocrx_word' id='word_1_383' title='bbox 419 2597 492 2650; x_wconf 85' lang='lat' dir='ltr'><strong>esset</strong></span> <span class='ocrx_word' id='word_1_384' title='bbox 513 2596 656 2665; x_wconf 86' lang='lat' dir='ltr'><strong>perlectus</strong></span> <span class='ocrx_word' id='word_1_385' title='bbox 677 2595 706 2648; x_wconf 92' lang='lat' dir='ltr'><strong>in</strong></span> <span class='ocrx_word' id='word_1_386' title='bbox 727 2597 849 2665; x_wconf 88' lang='lat' dir='ltr'><strong>utraque</strong></span> <span class='ocrx_word' id='word_1_387' title='bbox 864 2594 965 2648; x_wconf 84' lang='lat' dir='ltr'><strong>forma.</strong></span> <span class='ocrx_word' id='word_1_388' title='bbox 1017 2595 1058 2648; x_wconf 92' lang='lat' dir='ltr'><strong>vel</strong></span> <span class='ocrx_word' id='word_1_389' title='bbox 1075 2597 1140 2663; x_wconf 89' lang='lat' dir='ltr'><strong>tres,</strong></span> <span class='ocrx_word' id='word_1_390' title='bbox 1156 2594 1205 2648; x_wconf 93' lang='lat' dir='ltr'><strong>sed</strong></span> <span class='ocrx_word' id='word_1_391' title='bbox 1221 2611 1292 2649; x_wconf 89' lang='lat' dir='ltr'><strong>unus</strong></span> <span class='ocrx_word' id='word_1_392' title='bbox 1308 2599 1349 2649; x_wconf 89' lang='lat' dir='ltr'><strong>est</strong></span> <span class='ocrx_word' id='word_1_393' title='bbox 1363 2594 1498 2649; x_wconf 88' lang='lat' dir='ltr'><strong>Christus.</strong></span> <span class='ocrx_word' id='word_1_394' title='bbox 1516 2594 1582 2649; x_wconf 92' lang='lat' dir='ltr'><strong>ldeo</strong></span> <span class='ocrx_word' id='word_1_395' title='bbox 1596 2611 1668 2667; x_wconf 87' lang='lat' dir='ltr'><strong>ergo</strong></span> <span class='ocrx_word' id='word_1_396' title='bbox 1684 2595 1793 2650; x_wconf 81' lang='lat' dir='ltr'><strong>dicit:«</strong></span> <span class='ocrx_word' id='word_1_397' title='bbox 1802 2594 1825 2649; x_wconf 93' lang='lat' dir='ltr'><strong>Si</strong></span> 
     </span>
     <span class='ocr_line' id='line_1_27' title="bbox 152 2686 1823 2759; baseline 0.002 -20"><span class='ocrx_word' id='word_1_398' title='bbox 152 2686 233 2741; x_wconf 91' lang='lat' dir='ltr'><strong>Unde</strong></span> <span class='ocrx_word' id='word_1_399' title='bbox 256 2691 285 2742; x_wconf 90' lang='lat' dir='ltr'><strong>et</strong></span> <span class='ocrx_word' id='word_1_400' title='bbox 306 2688 392 2742; x_wconf 84' lang='lat' dir='ltr'><strong>David</strong></span> <span class='ocrx_word' id='word_1_401' title='bbox 417 2688 506 2743; x_wconf 89' lang='lat' dir='ltr'><strong>dicit:</strong></span> <span class='ocrx_word' id='word_1_402' title='bbox 522 2708 535 2739; x_wconf 87' lang='grc'>«</span> <span class='ocrx_word' id='word_1_403' title='bbox 550 2688 698 2759; x_wconf 90' lang='lat' dir='ltr'><strong>Speciosus</strong></span> <span class='ocrx_word' id='word_1_404' title='bbox 719 2688 809 2743; x_wconf 84' lang='lat' dir='ltr'><strong>forma</strong></span> <span class='ocrx_word' id='word_1_405' title='bbox 825 2704 885 2758; x_wconf 79' lang='lat' dir='ltr'><strong>praa</strong></span> <span class='ocrx_word' id='word_1_406' title='bbox 903 2686 968 2741; x_wconf 88' lang='lat' dir='ltr'><strong>filiis</strong></span> <span class='ocrx_word' id='word_1_407' title='bbox 1018 2687 1174 2759; x_wconf 86' lang='lat' dir='ltr'><strong>diligeretis</strong></span> <span class='ocrx_word' id='word_1_408' title='bbox 1187 2704 1242 2757; x_wconf 92' lang='lat' dir='ltr'><strong>me,</strong></span> <span class='ocrx_word' id='word_1_409' title='bbox 1258 2687 1419 2759; x_wconf 82' lang='lat' dir='ltr'><strong>gauderetis</strong></span> <span class='ocrx_word' id='word_1_410' title='bbox 1436 2689 1543 2759; x_wconf 89' lang='lat' dir='ltr'><strong>utique,</strong></span> <span class='ocrx_word' id='word_1_411' title='bbox 1561 2687 1632 2758; x_wconf 90' lang='lat' dir='ltr'><strong>quia</strong></span> <span class='ocrx_word' id='word_1_412' title='bbox 1649 2689 1724 2743; x_wconf 88' lang='lat' dir='ltr'><strong>vado</strong></span> <span class='ocrx_word' id='word_1_413' title='bbox 1735 2689 1769 2744; x_wconf 89' lang='lat' dir='ltr'><strong>ad</strong></span> <span class='ocrx_word' id='word_1_414' title='bbox 1783 2690 1823 2742; x_wconf 81' lang='lat' dir='ltr'><strong>Pa·</strong></span> 
     </span>
     <span class='ocr_line' id='line_1_28' title="bbox 154 2779 1825 2854; baseline 0.002 -22"><span class='ocrx_word' id='word_1_415' title='bbox 154 2779 305 2835; x_wconf 92' lang='lat' dir='ltr'><strong>hominum</strong></span> <span class='ocrx_word' id='word_1_416' title='bbox 321 2781 401 2851; x_wconf 85' lang='lat' dir='ltr'><strong>(Psol.</strong></span> <span class='ocrx_word' id='word_1_417' title='bbox 422 2799 495 2851; x_wconf 77' lang='lat' dir='ltr'><strong>xxiv,</strong></span> <span class='ocrx_word' id='word_1_418' title='bbox 516 2781 554 2852; x_wconf 85' lang='grc'><strong>3).</strong></span> <span class='ocrx_word' id='word_1_419' title='bbox 574 2803 588 2830; x_wconf 70' lang='lat' dir='ltr'><strong>o</strong></span> <span class='ocrx_word' id='word_1_420' title='bbox 618 2781 802 2837; x_wconf 89' lang='lat' dir='ltr'><strong>Concluditur</strong></span> <span class='ocrx_word' id='word_1_421' title='bbox 823 2781 966 2853; x_wconf 85' lang='lat' dir='ltr'><strong>Apolline·</strong></span> <span class='ocrx_word' id='word_1_422' title='bbox 1017 2781 1189 2851; x_wconf 76' lang='lat' dir='ltr'><strong>tremtloon.</strong></span> <span class='ocrx_word' id='word_1_423' title='bbox 1203 2784 1324 2850; x_wconf 74' lang='lat' dir='ltr'><strong>xvv,28);</strong></span> <span class='ocrx_word' id='word_1_424' title='bbox 1337 2802 1351 2831; x_wconf 88' lang='lat'>»</span> <span class='ocrx_word' id='word_1_425' title='bbox 1363 2781 1765 2854; x_wconf 74' lang='lat' dir='ltr'><strong>quoniamnaturaehumana</strong></span> <span class='ocrx_word' id='word_1_426' title='bbox 1773 2798 1825 2852; x_wconf 82' lang='lat' dir='ltr'><strong>gra·</strong></span> 
     </span>
     <span class='ocr_line' id='line_1_29' title="bbox 153 2871 1825 2947; baseline 0.002 -22"><span class='ocrx_word' id='word_1_427' title='bbox 153 2871 230 2942; x_wconf 87' lang='lat' dir='ltr'><strong>rista,</strong></span> <span class='ocrx_word' id='word_1_428' title='bbox 261 2889 313 2928; x_wconf 92' lang='lat' dir='ltr'><strong>nec</strong></span> <span class='ocrx_word' id='word_1_429' title='bbox 339 2890 396 2945; x_wconf 90' lang='lat' dir='ltr'><strong>quo</strong></span> <span class='ocrx_word' id='word_1_430' title='bbox 423 2891 452 2930; x_wconf 92' lang='lat' dir='ltr'><strong>se</strong></span> <span class='ocrx_word' id='word_1_431' title='bbox 476 2879 574 2942; x_wconf 89' lang='lat' dir='ltr'><strong>vertat,</strong></span> <span class='ocrx_word' id='word_1_432' title='bbox 603 2874 660 2928; x_wconf 86' lang='lat' dir='ltr'><strong>suis</strong></span> <span class='ocrx_word' id='word_1_433' title='bbox 680 2874 824 2929; x_wconf 91' lang='lat' dir='ltr'><strong>clauditur</strong></span> <span class='ocrx_word' id='word_1_434' title='bbox 849 2873 966 2929; x_wconf 90' lang='lat' dir='ltr'><strong>retibus.</strong></span> <span class='ocrx_word' id='word_1_435' title='bbox 1017 2875 1168 2930; x_wconf 88' lang='lat' dir='ltr'><strong>tutandum</strong></span> <span class='ocrx_word' id='word_1_436' title='bbox 1182 2879 1233 2943; x_wconf 91' lang='lat' dir='ltr'><strong>est,</strong></span> <span class='ocrx_word' id='word_1_437' title='bbox 1247 2892 1279 2930; x_wconf 91' lang='lat' dir='ltr'><strong>eo</strong></span> <span class='ocrx_word' id='word_1_438' title='bbox 1292 2876 1368 2947; x_wconf 93' lang='lat' dir='ltr'><strong>quod</strong></span> <span class='ocrx_word' id='word_1_439' title='bbox 1381 2875 1420 2930; x_wconf 93' lang='lat' dir='ltr'><strong>sic</strong></span> <span class='ocrx_word' id='word_1_440' title='bbox 1435 2879 1581 2946; x_wconf 90' lang='lat' dir='ltr'><strong>assumpta</strong></span> <span class='ocrx_word' id='word_1_441' title='bbox 1593 2876 1766 2931; x_wconf 87' lang='lat' dir='ltr'><strong>estaVerbo</strong></span> <span class='ocrx_word' id='word_1_442' title='bbox 1776 2876 1825 2930; x_wconf 90' lang='lat' dir='ltr'><strong>nni-</strong></span> 
     </span>
     <span class='ocr_line' id='line_1_30' title="bbox 154 2966 1824 3040; baseline 0.002 -21"><span class='ocrx_word' id='word_1_443' title='bbox 154 2966 215 3036; x_wconf 90' lang='lat' dir='ltr'><strong>lpse</strong></span> <span class='ocrx_word' id='word_1_444' title='bbox 229 2966 306 3022; x_wconf 90' lang='lat' dir='ltr'><strong>enim</strong></span> <span class='ocrx_word' id='word_1_445' title='bbox 319 2967 390 3022; x_wconf 82' lang='lat' dir='ltr'><strong>dixit</strong></span> <span class='ocrx_word' id='word_1_446' title='bbox 411 2969 534 3023; x_wconf 87' lang='lat' dir='ltr'><strong>termam</strong></span> <span class='ocrx_word' id='word_1_447' title='bbox 556 2967 627 3022; x_wconf 93' lang='lat' dir='ltr'><strong>servi</strong></span> <span class='ocrx_word' id='word_1_448' title='bbox 648 2968 766 3039; x_wconf 91' lang='lat' dir='ltr'><strong>accepit,</strong></span> <span class='ocrx_word' id='word_1_449' title='bbox 791 2984 850 3023; x_wconf 91' lang='lat' dir='ltr'><strong>uon</strong></span> <span class='ocrx_word' id='word_1_450' title='bbox 873 2984 969 3021; x_wconf 88' lang='lat' dir='ltr'><strong>servus</strong></span> <span class='ocrx_word' id='word_1_451' title='bbox 1019 2969 1116 3040; x_wconf 89' lang='lat' dir='ltr'><strong>genito</strong></span> <span class='ocrx_word' id='word_1_452' title='bbox 1136 2973 1167 3023; x_wconf 88' lang='lat' dir='ltr'><strong>ut</strong></span> <span class='ocrx_word' id='word_1_453' title='bbox 1186 2970 1353 3024; x_wconf 88' lang='lat' dir='ltr'><strong>immortalis</strong></span> <span class='ocrx_word' id='word_1_454' title='bbox 1372 2969 1593 3024; x_wconf 86' lang='lat' dir='ltr'><strong>constitueretur</strong></span> <span class='ocrx_word' id='word_1_455' title='bbox 1613 2969 1642 3023; x_wconf 92' lang='lat' dir='ltr'><strong>in</strong></span> <span class='ocrx_word' id='word_1_456' title='bbox 1659 2971 1740 3040; x_wconf 83' lang='lat' dir='ltr'><strong>coelo,</strong></span> <span class='ocrx_word' id='word_1_457' title='bbox 1752 2975 1824 3040; x_wconf 89' lang='lat' dir='ltr'><strong>alque</strong></span> 
     </span>
     <span class='ocr_line' id='line_1_31' title="bbox 154 3059 1824 3136; baseline 0.002 -25"><span class='ocrx_word' id='word_1_458' title='bbox 154 3059 264 3115; x_wconf 90' lang='lat' dir='ltr'><strong>locutus</strong></span> <span class='ocrx_word' id='word_1_459' title='bbox 278 3065 329 3115; x_wconf 89' lang='lat' dir='ltr'><strong>est.</strong></span> <span class='ocrx_word' id='word_1_460' title='bbox 345 3063 451 3118; x_wconf 88' lang='lat' dir='ltr'><strong>lterum</strong></span> <span class='ocrx_word' id='word_1_461' title='bbox 467 3078 537 3132; x_wconf 83' lang='lat' dir='ltr'><strong>ergo</strong></span> <span class='ocrx_word' id='word_1_462' title='bbox 552 3061 697 3133; x_wconf 88' lang='lat' dir='ltr'><strong>interrogo</strong></span> <span class='ocrx_word' id='word_1_463' title='bbox 713 3079 719 3115; x_wconf 93' lang='lat'>:</span> <span class='ocrx_word' id='word_1_464' title='bbox 734 3060 806 3125; x_wconf 84' lang='lat' dir='ltr'><strong>Quid</strong></span> <span class='ocrx_word' id='word_1_465' title='bbox 817 3061 896 3114; x_wconf 90' lang='lat' dir='ltr'><strong>estin</strong></span> <span class='ocrx_word' id='word_1_466' title='bbox 909 3060 967 3116; x_wconf 86' lang='lat' dir='ltr'><strong>lor·</strong></span> <span class='ocrx_word' id='word_1_467' title='bbox 1019 3063 1058 3117; x_wconf 86' lang='lat' dir='ltr'><strong>ito</strong></span> <span class='ocrx_word' id='word_1_468' title='bbox 1073 3061 1154 3118; x_wconf 85' lang='lat' dir='ltr'><strong>lieret</strong></span> <span class='ocrx_word' id='word_1_469' title='bbox 1175 3065 1250 3118; x_wconf 87' lang='lat' dir='ltr'><strong>terra</strong></span> <span class='ocrx_word' id='word_1_470' title='bbox 1271 3062 1409 3129; x_wconf 90' lang='lat' dir='ltr'><strong>sublimis,</strong></span> <span class='ocrx_word' id='word_1_471' title='bbox 1442 3064 1474 3116; x_wconf 92' lang='lat' dir='ltr'><strong>ut</strong></span> <span class='ocrx_word' id='word_1_472' title='bbox 1499 3062 1730 3136; x_wconf 89' lang='lat' dir='ltr'><strong>incorruptibilis</strong></span> <span class='ocrx_word' id='word_1_473' title='bbox 1747 3063 1824 3135; x_wconf 86' lang='lat' dir='ltr'><strong>pulvis</strong></span> 
     </span>
     <span class='ocr_line' id='line_1_32' title="bbox 152 3153 1824 3226; baseline 0.003 -19"><span class='ocrx_word' id='word_1_474' title='bbox 152 3169 200 3207; x_wconf 81' lang='lat' dir='ltr'><strong>rua</strong></span> <span class='ocrx_word' id='word_1_475' title='bbox 215 3153 286 3209; x_wconf 81' lang='lat' dir='ltr'><strong>Dcit</strong></span> <span class='ocrx_word' id='word_1_476' title='bbox 301 3154 458 3226; x_wconf 80' lang='lat' dir='ltr'><strong>Respondit</strong></span> <span class='ocrx_word' id='word_1_477' title='bbox 473 3154 502 3208; x_wconf 91' lang='lat' dir='ltr'><strong>in</strong></span> <span class='ocrx_word' id='word_1_478' title='bbox 519 3160 621 3210; x_wconf 89' lang='lat' dir='ltr'><strong>natura</strong></span> <span class='ocrx_word' id='word_1_479' title='bbox 635 3155 701 3209; x_wconf 90' lang='lat' dir='ltr'><strong>Dei:</strong></span> <span class='ocrx_word' id='word_1_480' title='bbox 718 3155 816 3210; x_wconf 88' lang='lat' dir='ltr'><strong>«Sunt</strong></span> <span class='ocrx_word' id='word_1_481' title='bbox 832 3153 907 3212; x_wconf 90' lang='lat' dir='ltr'><strong>euim</strong></span> <span class='ocrx_word' id='word_1_482' title='bbox 920 3154 969 3223; x_wconf 77' lang='lat' dir='ltr'><strong>(ait</strong></span> <span class='ocrx_word' id='word_1_483' title='bbox 1019 3156 1132 3211; x_wconf 89' lang='lat' dir='ltr'><strong>sederet</strong></span> <span class='ocrx_word' id='word_1_484' title='bbox 1144 3157 1180 3211; x_wconf 91' lang='lat' dir='ltr'><strong>ad</strong></span> <span class='ocrx_word' id='word_1_485' title='bbox 1190 3155 1337 3211; x_wconf 90' lang='lat' dir='ltr'><strong>dexteram</strong></span> <span class='ocrx_word' id='word_1_486' title='bbox 1349 3157 1446 3211; x_wconf 83' lang='lat' dir='ltr'><strong>Patris.</strong></span> <span class='ocrx_word' id='word_1_487' title='bbox 1461 3155 1559 3211; x_wconf 86' lang='lat' dir='ltr'><strong>Sancti</strong></span> <span class='ocrx_word' id='word_1_488' title='bbox 1570 3158 1694 3212; x_wconf 84' lang='lat' dir='ltr'><strong>loannis</strong></span> <span class='ocrx_word' id='word_1_489' title='bbox 1706 3160 1824 3215; x_wconf 87' lang='lat' dir='ltr'><strong>Constan-</strong></span> 
     </span>
     <span class='ocr_line' id='line_1_33' title="bbox 154 3246 1823 3321; baseline 0.001 -19"><span class='ocrx_word' id='word_1_490' title='bbox 154 3248 311 3320; x_wconf 77' lang='lat' dir='ltr'><strong>dpostolus)</strong></span> <span class='ocrx_word' id='word_1_491' title='bbox 336 3248 385 3320; x_wconf 91' lang='lat' dir='ltr'><strong>qui</strong></span> <span class='ocrx_word' id='word_1_492' title='bbox 407 3265 466 3304; x_wconf 92' lang='lat' dir='ltr'><strong>non</strong></span> <span class='ocrx_word' id='word_1_493' title='bbox 486 3251 552 3303; x_wconf 87' lang='lat' dir='ltr'><strong>sunt</strong></span> <span class='ocrx_word' id='word_1_494' title='bbox 572 3251 676 3303; x_wconf 89' lang='lat' dir='ltr'><strong>natura</strong></span> <span class='ocrx_word' id='word_1_495' title='bbox 697 3248 736 3303; x_wconf 94' lang='lat' dir='ltr'><strong>dii</strong></span> <span class='ocrx_word' id='word_1_496' title='bbox 753 3248 824 3319; x_wconf 73' lang='lat' dir='ltr'><strong>(dot.</strong></span> <span class='ocrx_word' id='word_1_497' title='bbox 842 3263 878 3315; x_wconf 80' lang='lat' dir='ltr'><strong>iv,</strong></span> <span class='ocrx_word' id='word_1_498' title='bbox 900 3246 936 3317; x_wconf 80' lang='lat'><strong>8).</strong></span> <span class='ocrx_word' id='word_1_499' title='bbox 953 3270 967 3296; x_wconf 76' lang='grc' dir='ltr'><strong>ι»</strong></span> <span class='ocrx_word' id='word_1_500' title='bbox 1019 3250 1198 3321; x_wconf 87' lang='lat' dir='ltr'><strong>linopolitani</strong></span> <span class='ocrx_word' id='word_1_501' title='bbox 1215 3249 1339 3321; x_wconf 89' lang='lat' dir='ltr'><strong>episcopi</strong></span> <span class='ocrx_word' id='word_1_502' title='bbox 1358 3254 1386 3304; x_wconf 91' lang='lat' dir='ltr'><strong>et</strong></span> <span class='ocrx_word' id='word_1_503' title='bbox 1406 3250 1575 3305; x_wconf 83' lang='lat' dir='ltr'><strong>confessoris</strong></span> <span class='ocrx_word' id='word_1_504' title='bbox 1597 3251 1626 3305; x_wconf 94' lang='lat' dir='ltr'><strong>in</strong></span> <span class='ocrx_word' id='word_1_505' title='bbox 1650 3252 1776 3307; x_wconf 88' lang='lat' dir='ltr'><strong>homelia</strong></span> <span class='ocrx_word' id='word_1_506' title='bbox 1795 3251 1823 3305; x_wconf 86' lang='lat' dir='ltr'><strong>dc</strong></span> 
     </span>
     <span class='ocr_line' id='line_1_34' title="bbox 155 3340 1822 3413; baseline 0.002 -19"><span class='ocrx_word' id='word_1_507' title='bbox 155 3340 257 3404; x_wconf 83' lang='lat' dir='ltr'><strong>Orroero</strong></span> <span class='ocrx_word' id='word_1_508' title='bbox 268 3342 337 3412; x_wconf 92' lang='lat' dir='ltr'><strong>quid</strong></span> <span class='ocrx_word' id='word_1_509' title='bbox 352 3341 522 3397; x_wconf 83' lang='lat' dir='ltr'><strong>sitlormam</strong></span> <span class='ocrx_word' id='word_1_510' title='bbox 538 3342 612 3396; x_wconf 86' lang='lat' dir='ltr'><strong>servi</strong></span> <span class='ocrx_word' id='word_1_511' title='bbox 628 3341 768 3413; x_wconf 87' lang='lat' dir='ltr'><strong>accipiens</strong></span> <span class='ocrx_word' id='word_1_512' title='bbox 786 3358 792 3396; x_wconf 95' lang='lat'><strong>:</strong></span> <span class='ocrx_word' id='word_1_513' title='bbox 809 3341 870 3396; x_wconf 88' lang='lat' dir='ltr'><strong>sine</strong></span> <span class='ocrx_word' id='word_1_514' title='bbox 884 3340 969 3395; x_wconf 91' lang='lat' dir='ltr'><strong>dubio</strong></span> <span class='ocrx_word' id='word_1_515' title='bbox 1019 3347 1136 3398; x_wconf 90' lang='lat' dir='ltr'><strong>crocect</strong></span> <span class='ocrx_word' id='word_1_516' title='bbox 1146 3344 1255 3398; x_wconf 83' lang='lat' dir='ltr'><strong>latrone</strong></span> <span class='ocrx_word' id='word_1_517' title='bbox 1270 3360 1277 3398; x_wconf 92' lang='lat'>:</span> <span class='ocrx_word' id='word_1_518' title='bbox 1291 3343 1344 3399; x_wconf 91' lang='lat' dir='ltr'><strong>Sed</strong></span> <span class='ocrx_word' id='word_1_519' title='bbox 1352 3345 1672 3399; x_wconf 88' lang='lat' dir='ltr'><strong>curcumcruccveniat</strong></span> <span class='ocrx_word' id='word_1_520' title='bbox 1681 3346 1822 3409; x_wconf 87' lang='lat' dir='ltr'><strong>videamus,</strong></span> 
     </span>
     <span class='ocr_line' id='line_1_35' title="bbox 155 3435 1822 3508; baseline 0.002 -20"><span class='ocrx_word' id='word_1_521' title='bbox 155 3435 811 3504; x_wconf 85' lang='lat' dir='ltr'><strong>perlectionemnaturaeetconditionis,utdixi,</strong></span> <span class='ocrx_word' id='word_1_522' title='bbox 824 3436 967 3502; x_wconf 78' lang='lat' dir='ltr'><strong>hnmanae,</strong></span> <span class='ocrx_word' id='word_1_523' title='bbox 1019 3436 1126 3492; x_wconf 88' lang='lat' dir='ltr'><strong>scilicet</strong></span> <span class='ocrx_word' id='word_1_524' title='bbox 1143 3441 1175 3492; x_wconf 92' lang='lat' dir='ltr'><strong>ut</strong></span> <span class='ocrx_word' id='word_1_525' title='bbox 1193 3437 1222 3491; x_wconf 95' lang='lat' dir='ltr'><strong>hi</strong></span> <span class='ocrx_word' id='word_1_526' title='bbox 1241 3437 1289 3508; x_wconf 91' lang='lat' dir='ltr'><strong>qui</strong></span> <span class='ocrx_word' id='word_1_527' title='bbox 1308 3453 1374 3492; x_wconf 92' lang='lat' dir='ltr'><strong>eum</strong></span> <span class='ocrx_word' id='word_1_528' title='bbox 1390 3437 1555 3493; x_wconf 84' lang='lat' dir='ltr'><strong>crucifixere</strong></span> <span class='ocrx_word' id='word_1_529' title='bbox 1572 3455 1632 3494; x_wconf 84' lang='lat' dir='ltr'><strong>suae</strong></span> <span class='ocrx_word' id='word_1_530' title='bbox 1647 3440 1770 3495; x_wconf 88' lang='lat' dir='ltr'><strong>sentiant</strong></span> <span class='ocrx_word' id='word_1_531' title='bbox 1782 3439 1822 3493; x_wconf 91' lang='lat' dir='ltr'><strong>de·</strong></span> 
     </span>
     <span class='ocr_line' id='line_1_36' title="bbox 155 3529 1823 3604; baseline 0.004 -24"><span class='ocrx_word' id='word_1_532' title='bbox 155 3531 271 3584; x_wconf 89' lang='lat' dir='ltr'><strong>nlesset</strong></span> <span class='ocrx_word' id='word_1_533' title='bbox 291 3529 320 3584; x_wconf 90' lang='lat' dir='ltr'><strong>in</strong></span> <span class='ocrx_word' id='word_1_534' title='bbox 341 3530 491 3584; x_wconf 93' lang='lat' dir='ltr'><strong>hominum</strong></span> <span class='ocrx_word' id='word_1_535' title='bbox 513 3529 713 3584; x_wconf 87' lang='lat' dir='ltr'><strong>similitudine.</strong></span> <span class='ocrx_word' id='word_1_536' title='bbox 731 3530 763 3583; x_wconf 88' lang='lat' dir='ltr'><strong>Et</strong></span> <span class='ocrx_word' id='word_1_537' title='bbox 779 3529 968 3600; x_wconf 89' lang='lat' dir='ltr'><strong>pulchrenon</strong></span> <span class='ocrx_word' id='word_1_538' title='bbox 1019 3531 1136 3586; x_wconf 70' lang='lat' dir='ltr'><strong>mentia,</strong></span> <span class='ocrx_word' id='word_1_539' title='bbox 1156 3531 1332 3599; x_wconf 71' lang='lat' dir='ltr'><strong>cecitatem,</strong></span> <span class='ocrx_word' id='word_1_540' title='bbox 1358 3532 1422 3586; x_wconf 90' lang='lat' dir='ltr'><strong>ideo</strong></span> <span class='ocrx_word' id='word_1_541' title='bbox 1450 3532 1638 3604; x_wconf 74' lang='lat' dir='ltr'><strong>impudentiae</strong></span> <span class='ocrx_word' id='word_1_542' title='bbox 1665 3550 1765 3588; x_wconf 88' lang='lat' dir='ltr'><strong>eorum</strong></span> <span class='ocrx_word' id='word_1_543' title='bbox 1786 3533 1823 3586; x_wconf 91' lang='lat' dir='ltr'><strong>si·</strong></span> 
     </span>
     <span class='ocr_line' id='line_1_37' title="bbox 153 3621 1822 3696; baseline 0.003 -21"><span class='ocrx_word' id='word_1_544' title='bbox 153 3623 247 3677; x_wconf 85' lang='lat' dir='ltr'><strong>carnis</strong></span> <span class='ocrx_word' id='word_1_545' title='bbox 268 3623 317 3679; x_wconf 88' lang='lat' dir='ltr'><strong>sed</strong></span> <span class='ocrx_word' id='word_1_546' title='bbox 340 3623 491 3679; x_wconf 89' lang='lat' dir='ltr'><strong>homiuum</strong></span> <span class='ocrx_word' id='word_1_547' title='bbox 512 3623 582 3678; x_wconf 91' lang='lat' dir='ltr'><strong>dixit</strong></span> <span class='ocrx_word' id='word_1_548' title='bbox 601 3622 828 3692; x_wconf 90' lang='lat' dir='ltr'><strong>similitudinem,</strong></span> <span class='ocrx_word' id='word_1_549' title='bbox 851 3621 918 3695; x_wconf 91' lang='lat' dir='ltr'><strong>quia</strong></span> <span class='ocrx_word' id='word_1_550' title='bbox 940 3621 969 3676; x_wconf 91' lang='lat' dir='ltr'><strong>in</strong></span> <span class='ocrx_word' id='word_1_551' title='bbox 1019 3641 1108 3695; x_wconf 88' lang='lat' dir='ltr'><strong>gnum</strong></span> <span class='ocrx_word' id='word_1_552' title='bbox 1124 3627 1263 3695; x_wconf 88' lang='lat' dir='ltr'><strong>portatur.</strong></span> <span class='ocrx_word' id='word_1_553' title='bbox 1279 3624 1343 3680; x_wconf 89' lang='lat' dir='ltr'><strong>ldeo</strong></span> <span class='ocrx_word' id='word_1_554' title='bbox 1358 3626 1501 3696; x_wconf 87' lang='lat' dir='ltr'><strong>propheta</strong></span> <span class='ocrx_word' id='word_1_555' title='bbox 1521 3626 1561 3681; x_wconf 89' lang='lat' dir='ltr'><strong>ait</strong></span> <span class='ocrx_word' id='word_1_556' title='bbox 1577 3643 1583 3681; x_wconf 75' lang='grc' dir='ltr'>ε</span> <span class='ocrx_word' id='word_1_557' title='bbox 1601 3627 1710 3682; x_wconf 85' lang='lat' dir='ltr'><strong>«Tunc</strong></span> <span class='ocrx_word' id='word_1_558' title='bbox 1726 3628 1822 3682; x_wconf 90' lang='lat' dir='ltr'><strong>lamen·</strong></span> 
     </span>
     <span class='ocr_line' id='line_1_38' title="bbox 153 3716 1824 3789; baseline 0.001 -19"><span class='ocrx_word' id='word_1_559' title='bbox 153 3732 238 3772; x_wconf 90' lang='lat' dir='ltr'><strong>carne</strong></span> <span class='ocrx_word' id='word_1_560' title='bbox 251 3716 352 3773; x_wconf 89' lang='lat' dir='ltr'><strong>eadem</strong></span> <span class='ocrx_word' id='word_1_561' title='bbox 368 3720 420 3772; x_wconf 88' lang='lat' dir='ltr'><strong>est.</strong></span> <span class='ocrx_word' id='word_1_562' title='bbox 435 3717 491 3773; x_wconf 86' lang='lat' dir='ltr'><strong>Sed</strong></span> <span class='ocrx_word' id='word_1_563' title='bbox 504 3716 571 3789; x_wconf 90' lang='lat' dir='ltr'><strong>quia</strong></span> <span class='ocrx_word' id='word_1_564' title='bbox 584 3717 644 3771; x_wconf 90' lang='lat' dir='ltr'><strong>sine</strong></span> <span class='ocrx_word' id='word_1_565' title='bbox 667 3719 784 3787; x_wconf 86' lang='lat' dir='ltr'><strong>peccato</strong></span> <span class='ocrx_word' id='word_1_566' title='bbox 801 3719 863 3771; x_wconf 92' lang='lat' dir='ltr'><strong>erat</strong></span> <span class='ocrx_word' id='word_1_567' title='bbox 879 3716 967 3785; x_wconf 93' lang='lat' dir='ltr'><strong>solus,</strong></span> <span class='ocrx_word' id='word_1_568' title='bbox 1019 3718 1156 3773; x_wconf 85' lang='lat' dir='ltr'><strong>labuntur</strong></span> <span class='ocrx_word' id='word_1_569' title='bbox 1168 3735 1268 3773; x_wconf 91' lang='lat' dir='ltr'><strong>omnes</strong></span> <span class='ocrx_word' id='word_1_570' title='bbox 1282 3718 1374 3773; x_wconf 89' lang='lat' dir='ltr'><strong>tribus</strong></span> <span class='ocrx_word' id='word_1_571' title='bbox 1386 3722 1471 3773; x_wconf 77' lang='lat' dir='ltr'><strong>terrae</strong></span> <span class='ocrx_word' id='word_1_572' title='bbox 1487 3718 1597 3789; x_wconf 70' lang='lat' dir='ltr'><strong>(batth.</strong></span> <span class='ocrx_word' id='word_1_573' title='bbox 1613 3737 1691 3787; x_wconf 83' lang='lat' dir='ltr'><strong>xxxv,</strong></span> <span class='ocrx_word' id='word_1_574' title='bbox 1708 3723 1760 3786; x_wconf 82' lang='grc'><strong>39),</strong></span> <span class='ocrx_word' id='word_1_575' title='bbox 1773 3741 1785 3768; x_wconf 82' lang='lat'><strong>›·</strong></span> <span class='ocrx_word' id='word_1_576' title='bbox 1795 3719 1824 3772; x_wconf 79' lang='lat' dir='ltr'><strong>xi-</strong></span> 
     </span>
     <span class='ocr_line' id='line_1_39' title="bbox 153 3809 1822 3885; baseline 0.003 -25"><span class='ocrx_word' id='word_1_577' title='bbox 153 3811 245 3865; x_wconf 87' lang='lat' dir='ltr'><strong>omnis</strong></span> <span class='ocrx_word' id='word_1_578' title='bbox 267 3815 362 3866; x_wconf 91' lang='lat' dir='ltr'><strong>autem</strong></span> <span class='ocrx_word' id='word_1_579' title='bbox 380 3811 468 3866; x_wconf 92' lang='lat' dir='ltr'><strong>horno</strong></span> <span class='ocrx_word' id='word_1_580' title='bbox 490 3810 519 3865; x_wconf 93' lang='lat' dir='ltr'><strong>in</strong></span> <span class='ocrx_word' id='word_1_581' title='bbox 542 3815 666 3880; x_wconf 88' lang='lat' dir='ltr'><strong>peccato,</strong></span> <span class='ocrx_word' id='word_1_582' title='bbox 687 3810 716 3864; x_wconf 92' lang='lat' dir='ltr'><strong>in</strong></span> <span class='ocrx_word' id='word_1_583' title='bbox 737 3810 828 3882; x_wconf 90' lang='lat' dir='ltr'><strong>specie</strong></span> <span class='ocrx_word' id='word_1_584' title='bbox 843 3809 969 3865; x_wconf 87' lang='lat' dir='ltr'><strong>hominis</strong></span> <span class='ocrx_word' id='word_1_585' title='bbox 1019 3811 1118 3866; x_wconf 87' lang='lat' dir='ltr'><strong>dentes</strong></span> <span class='ocrx_word' id='word_1_586' title='bbox 1131 3815 1337 3882; x_wconf 83' lang='lat' dir='ltr'><strong>accusatorem,</strong></span> <span class='ocrx_word' id='word_1_587' title='bbox 1353 3816 1541 3883; x_wconf 80' lang='lat' dir='ltr'><strong>agnoscentes</strong></span> <span class='ocrx_word' id='word_1_588' title='bbox 1554 3811 1822 3885; x_wconf 83' lang='lat' dir='ltr'><strong>peccatum.thuid</strong></span> 
     </span>
     <span class='ocr_line' id='line_1_40' title="bbox 154 3904 1823 3980; baseline 0.002 -24"><span class='ocrx_word' id='word_1_589' title='bbox 154 3904 310 3960; x_wconf 86' lang='lat' dir='ltr'><strong>videbatur.</strong></span> <span class='ocrx_word' id='word_1_590' title='bbox 324 3905 405 3960; x_wconf 90' lang='lat' dir='ltr'><strong>Unde</strong></span> <span class='ocrx_word' id='word_1_591' title='bbox 424 3909 452 3960; x_wconf 92' lang='lat' dir='ltr'><strong>et</strong></span> <span class='ocrx_word' id='word_1_592' title='bbox 465 3904 608 3975; x_wconf 89' lang='lat' dir='ltr'><strong>propheta</strong></span> <span class='ocrx_word' id='word_1_593' title='bbox 621 3905 661 3959; x_wconf 91' lang='lat' dir='ltr'><strong>ait</strong></span> <span class='ocrx_word' id='word_1_594' title='bbox 676 3921 683 3958; x_wconf 93' lang='lat'><strong>:</strong></span> <span class='ocrx_word' id='word_1_595' title='bbox 700 3906 760 3958; x_wconf 86' lang='lat' dir='ltr'><strong>«Et</strong></span> <span class='ocrx_word' id='word_1_596' title='bbox 783 3905 870 3958; x_wconf 92' lang='lat' dir='ltr'><strong>homo</strong></span> <span class='ocrx_word' id='word_1_597' title='bbox 886 3908 927 3958; x_wconf 89' lang='lat' dir='ltr'><strong>est</strong></span> <span class='ocrx_word' id='word_1_598' title='bbox 940 3906 969 3957; x_wconf 90' lang='lat' dir='ltr'><strong>et</strong></span> <span class='ocrx_word' id='word_1_599' title='bbox 1020 3906 1123 3960; x_wconf 89' lang='lat' dir='ltr'><strong>mirum</strong></span> <span class='ocrx_word' id='word_1_600' title='bbox 1147 3906 1170 3960; x_wconf 87' lang='lat' dir='ltr'><strong>si</strong></span> <span class='ocrx_word' id='word_1_601' title='bbox 1191 3923 1307 3961; x_wconf 88' lang='lat' dir='ltr'><strong>crucem</strong></span> <span class='ocrx_word' id='word_1_602' title='bbox 1333 3909 1450 3979; x_wconf 90' lang='lat' dir='ltr'><strong>portans</strong></span> <span class='ocrx_word' id='word_1_603' title='bbox 1471 3906 1616 3974; x_wconf 87' lang='lat' dir='ltr'><strong>adveniet,</strong></span> <span class='ocrx_word' id='word_1_604' title='bbox 1644 3908 1783 3980; x_wconf 90' lang='lat' dir='ltr'><strong>quomodo</strong></span> <span class='ocrx_word' id='word_1_605' title='bbox 1800 3910 1823 3960; x_wconf 87' lang='lat' dir='ltr'><strong>et</strong></span> 
     </span>
     <span class='ocr_line' id='line_1_41' title="bbox 154 3997 1822 4072; baseline 0 -19"><span class='ocrx_word' id='word_1_606' title='bbox 154 3998 218 4069; x_wconf 91' lang='lat' dir='ltr'><strong>quis</strong></span> <span class='ocrx_word' id='word_1_607' title='bbox 234 3997 378 4069; x_wconf 80' lang='lat' dir='ltr'><strong>cognoscit</strong></span> <span class='ocrx_word' id='word_1_608' title='bbox 395 4014 461 4052; x_wconf 90' lang='lat' dir='ltr'><strong>eum</strong></span> <span class='ocrx_word' id='word_1_609' title='bbox 483 3998 497 4052; x_wconf 81' lang='lat' dir='ltr'><strong>i</strong></span> <span class='ocrx_word' id='word_1_610' title='bbox 518 4019 531 4046; x_wconf 89' lang='lat'>»</span> <span class='ocrx_word' id='word_1_611' title='bbox 556 3997 642 4052; x_wconf 91' lang='lat' dir='ltr'><strong>homo</strong></span> <span class='ocrx_word' id='word_1_612' title='bbox 663 3998 820 4052; x_wconf 90' lang='lat' dir='ltr'><strong>secundnm</strong></span> <span class='ocrx_word' id='word_1_613' title='bbox 841 4012 967 4063; x_wconf 90' lang='lat' dir='ltr'><strong>carnem,</strong></span> <span class='ocrx_word' id='word_1_614' title='bbox 1018 3999 1135 4055; x_wconf 88' lang='lat' dir='ltr'><strong>vulnera</strong></span> <span class='ocrx_word' id='word_1_615' title='bbox 1166 4000 1292 4072; x_wconf 89' lang='lat' dir='ltr'><strong>corporis</strong></span> <span class='ocrx_word' id='word_1_616' title='bbox 1325 4000 1386 4071; x_wconf 91' lang='lat' dir='ltr'><strong>ipsa</strong></span> <span class='ocrx_word' id='word_1_617' title='bbox 1414 4000 1619 4055; x_wconf 84' lang='lat' dir='ltr'><strong>demonstrant.</strong></span> <span class='ocrx_word' id='word_1_618' title='bbox 1652 4003 1732 4057; x_wconf 86' lang='lat' dir='ltr'><strong>Tunc</strong></span> <span class='ocrx_word' id='word_1_619' title='bbox 1757 4000 1822 4056; x_wconf 86' lang='lat' dir='ltr'><strong>euim</strong></span> 
     </span>
     <span class='ocr_line' id='line_1_42' title="bbox 153 4090 1822 4167; baseline 0.001 -21"><span class='ocrx_word' id='word_1_620' title='bbox 153 4092 202 4146; x_wconf 88' lang='lat' dir='ltr'><strong>sed</strong></span> <span class='ocrx_word' id='word_1_621' title='bbox 216 4092 292 4146; x_wconf 88' lang='lat' dir='ltr'><strong>ultra</strong></span> <span class='ocrx_word' id='word_1_622' title='bbox 309 4090 457 4145; x_wconf 90' lang='lat' dir='ltr'><strong>hominem</strong></span> <span class='ocrx_word' id='word_1_623' title='bbox 477 4090 574 4146; x_wconf 90' lang='lat' dir='ltr'><strong>divina</strong></span> <span class='ocrx_word' id='word_1_624' title='bbox 593 4092 733 4162; x_wconf 84' lang='lat' dir='ltr'><strong>operatio.</strong></span> <span class='ocrx_word' id='word_1_625' title='bbox 752 4090 879 4162; x_wconf 90' lang='lat' dir='ltr'><strong>Denique</strong></span> <span class='ocrx_word' id='word_1_626' title='bbox 903 4106 968 4143; x_wconf 90' lang='lat' dir='ltr'><strong>cum</strong></span> <span class='ocrx_word' id='word_1_627' title='bbox 1019 4092 1130 4164; x_wconf 82' lang='lat' dir='ltr'><strong>(iuquit)</strong></span> <span class='ocrx_word' id='word_1_628' title='bbox 1144 4092 1281 4148; x_wconf 88' lang='lat' dir='ltr'><strong>videbunt</strong></span> <span class='ocrx_word' id='word_1_629' title='bbox 1293 4110 1380 4165; x_wconf 92' lang='lat' dir='ltr'><strong>quem</strong></span> <span class='ocrx_word' id='word_1_630' title='bbox 1393 4094 1545 4149; x_wconf 86' lang='lat' dir='ltr'><strong>confixere.</strong></span> <span class='ocrx_word' id='word_1_631' title='bbox 1568 4095 1602 4148; x_wconf 81' lang='lat' dir='ltr'><strong>Et</strong></span> <span class='ocrx_word' id='word_1_632' title='bbox 1619 4094 1695 4150; x_wconf 89' lang='lat' dir='ltr'><strong>sicut</strong></span> <span class='ocrx_word' id='word_1_633' title='bbox 1712 4096 1772 4167; x_wconf 88' lang='lat' dir='ltr'><strong>post</strong></span> <span class='ocrx_word' id='word_1_634' title='bbox 1786 4110 1822 4148; x_wconf 67' lang='lat' dir='ltr'><strong>re</strong></span> 
     </span>
    </p>
   </div>
   <div class='ocr_carea' id='block_1_3' title="bbox 153 4182 1823 4345">
    <p class='ocr_par' dir='ltr' id='par_1_3' title="bbox 153 4182 1823 4345">
     <span class='ocr_line' id='line_1_43' title="bbox 153 4182 1822 4254; baseline 0.003 -18"><span class='ocrx_word' id='word_1_635' title='bbox 153 4185 295 4254; x_wconf 91' lang='lat' dir='ltr'><strong>leprosum</strong></span> <span class='ocrx_word' id='word_1_636' title='bbox 309 4187 448 4254; x_wconf 88' lang='lat' dir='ltr'><strong>tangeret,</strong></span> <span class='ocrx_word' id='word_1_637' title='bbox 464 4185 550 4238; x_wconf 93' lang='lat' dir='ltr'><strong>homo</strong></span> <span class='ocrx_word' id='word_1_638' title='bbox 562 4184 719 4250; x_wconf 87' lang='lat' dir='ltr'><strong>videbatur,</strong></span> <span class='ocrx_word' id='word_1_639' title='bbox 732 4183 783 4237; x_wconf 90' lang='lat' dir='ltr'><strong>sed</strong></span> <span class='ocrx_word' id='word_1_640' title='bbox 797 4183 868 4237; x_wconf 90' lang='lat' dir='ltr'><strong>ultra</strong></span> <span class='ocrx_word' id='word_1_641' title='bbox 879 4182 969 4237; x_wconf 90' lang='lat' dir='ltr'><strong>homi·</strong></span> <span class='ocrx_word' id='word_1_642' title='bbox 1019 4187 1225 4241; x_wconf 83' lang='lat' dir='ltr'><strong>surrectionem</strong></span> <span class='ocrx_word' id='word_1_643' title='bbox 1240 4187 1355 4241; x_wconf 85' lang='lat' dir='ltr'><strong>Thomae</strong></span> <span class='ocrx_word' id='word_1_644' title='bbox 1372 4187 1461 4243; x_wconf 86' lang='lat' dir='ltr'><strong>voluit</strong></span> <span class='ocrx_word' id='word_1_645' title='bbox 1471 4187 1664 4243; x_wconf 83' lang='lat' dir='ltr'><strong>diffidentiam</strong></span> <span class='ocrx_word' id='word_1_646' title='bbox 1676 4189 1822 4252; x_wconf 78' lang='lat' dir='ltr'><strong>confutare,</strong></span> 
     </span>
     <span class='ocr_line' id='line_1_44' title="bbox 156 4276 1823 4345; baseline 0 -16"><span class='ocrx_word' id='word_1_647' title='bbox 156 4291 221 4330; x_wconf 90' lang='lat' dir='ltr'><strong>uem</strong></span> <span class='ocrx_word' id='word_1_648' title='bbox 245 4293 309 4330; x_wconf 93' lang='lat' dir='ltr'><strong>cum</strong></span> <span class='ocrx_word' id='word_1_649' title='bbox 336 4277 498 4331; x_wconf 89' lang='lat' dir='ltr'><strong>mundaret.</strong></span> <span class='ocrx_word' id='word_1_650' title='bbox 525 4279 557 4331; x_wconf 87' lang='lat' dir='ltr'><strong>Et</strong></span> <span class='ocrx_word' id='word_1_651' title='bbox 579 4293 643 4331; x_wconf 91' lang='lat' dir='ltr'><strong>cum</strong></span> <span class='ocrx_word' id='word_1_652' title='bbox 664 4276 800 4331; x_wconf 86' lang='lat' dir='ltr'><strong>Lazarum</strong></span> <span class='ocrx_word' id='word_1_653' title='bbox 821 4279 968 4331; x_wconf 89' lang='lat' dir='ltr'><strong>mortuum</strong></span> <span class='ocrx_word' id='word_1_654' title='bbox 1018 4276 1104 4331; x_wconf 82' lang='lat' dir='ltr'><strong>atilli</strong></span> <span class='ocrx_word' id='word_1_655' title='bbox 1124 4277 1267 4331; x_wconf 90' lang='lat' dir='ltr'><strong>clavorum</strong></span> <span class='ocrx_word' id='word_1_656' title='bbox 1288 4276 1349 4330; x_wconf 91' lang='lat' dir='ltr'><strong>loca</strong></span> <span class='ocrx_word' id='word_1_657' title='bbox 1367 4276 1547 4345; x_wconf 86' lang='lat' dir='ltr'><strong>monstravit,</strong></span> <span class='ocrx_word' id='word_1_658' title='bbox 1565 4277 1823 4334; x_wconf 83' lang='lat' dir='ltr'><strong>etlaterisvulnera</strong></span> 
     </span>
    </p>
   </div>
   <div class='ocr_carea' id='block_1_4' title="bbox 135 4368 1823 5851">
    <p class='ocr_par' dir='ltr' id='par_1_4' title="bbox 135 4368 1823 5851">
     <span class='ocr_line' id='line_1_45' title="bbox 153 4368 1823 4442; baseline 0 -20"><span class='ocrx_word' id='word_1_659' title='bbox 153 4369 243 4437; x_wconf 87' lang='lat' dir='ltr'><strong>tieret,</strong></span> <span class='ocrx_word' id='word_1_660' title='bbox 262 4374 409 4425; x_wconf 89' lang='lat' dir='ltr'><strong>mortuum</strong></span> <span class='ocrx_word' id='word_1_661' title='bbox 424 4369 505 4442; x_wconf 91' lang='lat' dir='ltr'><strong>quasi</strong></span> <span class='ocrx_word' id='word_1_662' title='bbox 516 4370 600 4424; x_wconf 90' lang='lat' dir='ltr'><strong>bomo</strong></span> <span class='ocrx_word' id='word_1_663' title='bbox 613 4368 865 4440; x_wconf 86' lang='lat' dir='ltr'><strong>flebat,sedsupra</strong></span> <span class='ocrx_word' id='word_1_664' title='bbox 879 4369 969 4425; x_wconf 89' lang='lat' dir='ltr'><strong>homi·</strong></span> <span class='ocrx_word' id='word_1_665' title='bbox 1018 4369 1181 4435; x_wconf 85' lang='lat' dir='ltr'><strong>declaravit,</strong></span> <span class='ocrx_word' id='word_1_666' title='bbox 1207 4375 1235 4425; x_wconf 88' lang='lat' dir='ltr'><strong>et</strong></span> <span class='ocrx_word' id='word_1_667' title='bbox 1255 4369 1347 4425; x_wconf 87' lang='lat' dir='ltr'><strong>dixit:</strong></span> <span class='ocrx_word' id='word_1_668' title='bbox 1366 4393 1379 4419; x_wconf 87' lang='lat'>«</span> <span class='ocrx_word' id='word_1_669' title='bbox 1392 4370 1467 4425; x_wconf 90' lang='lat' dir='ltr'><strong>llitte</strong></span> <span class='ocrx_word' id='word_1_670' title='bbox 1490 4386 1610 4426; x_wconf 88' lang='lat' dir='ltr'><strong>manum</strong></span> <span class='ocrx_word' id='word_1_671' title='bbox 1630 4375 1755 4427; x_wconf 83' lang='lat' dir='ltr'><strong>tuamet</strong></span> <span class='ocrx_word' id='word_1_672' title='bbox 1772 4369 1823 4424; x_wconf 84' lang='lat' dir='ltr'><strong>vide</strong></span> 
     </span>
     <span class='ocr_line' id='line_1_46' title="bbox 152 4463 1823 4545; baseline -0.001 -29"><span class='ocrx_word' id='word_1_673' title='bbox 152 4479 219 4518; x_wconf 74' lang='lat' dir='ltr'><strong>rtem</strong></span> <span class='ocrx_word' id='word_1_674' title='bbox 243 4469 303 4519; x_wconf 85' lang='lat' dir='ltr'><strong>erat</strong></span> <span class='ocrx_word' id='word_1_675' title='bbox 318 4480 383 4519; x_wconf 87' lang='lat' dir='ltr'><strong>cum</strong></span> <span class='ocrx_word' id='word_1_676' title='bbox 400 4468 546 4518; x_wconf 88' lang='lat' dir='ltr'><strong>mortuum</strong></span> <span class='ocrx_word' id='word_1_677' title='bbox 570 4463 697 4519; x_wconf 83' lang='lat' dir='ltr'><strong>vinctum</strong></span> <span class='ocrx_word' id='word_1_678' title='bbox 715 4463 835 4535; x_wconf 88' lang='lat' dir='ltr'><strong>jubebat</strong></span> <span class='ocrx_word' id='word_1_679' title='bbox 848 4463 1154 4545; x_wconf 75' lang='lat' dir='ltr'><strong>pedibuquuoniam</strong></span> <span class='ocrx_word' id='word_1_680' title='bbox 1177 4463 1291 4534; x_wconf 87' lang='lat' dir='ltr'><strong>spiritus</strong></span> <span class='ocrx_word' id='word_1_681' title='bbox 1312 4480 1429 4519; x_wconf 85' lang='lat' dir='ltr'><strong>carnem</strong></span> <span class='ocrx_word' id='word_1_682' title='bbox 1453 4469 1481 4520; x_wconf 91' lang='lat' dir='ltr'><strong>et</strong></span> <span class='ocrx_word' id='word_1_683' title='bbox 1504 4481 1569 4520; x_wconf 89' lang='lat' dir='ltr'><strong>ossa</strong></span> <span class='ocrx_word' id='word_1_684' title='bbox 1589 4480 1651 4520; x_wconf 92' lang='lat' dir='ltr'><strong>non</strong></span> <span class='ocrx_word' id='word_1_685' title='bbox 1665 4466 1751 4521; x_wconf 83' lang='lat' dir='ltr'><strong>habet</strong></span> <span class='ocrx_word' id='word_1_686' title='bbox 1764 4464 1823 4518; x_wconf 88' lang='lat' dir='ltr'><strong>sicut</strong></span> 
     </span>
     <span class='ocr_line' id='line_1_47' title="bbox 153 4556 1821 4629; baseline -0.001 -18"><span class='ocrx_word' id='word_1_687' title='bbox 153 4557 239 4613; x_wconf 86' lang='lat' dir='ltr'><strong>exire.</strong></span> <span class='ocrx_word' id='word_1_688' title='bbox 256 4559 346 4613; x_wconf 88' lang='lat' dir='ltr'><strong>Homo</strong></span> <span class='ocrx_word' id='word_1_689' title='bbox 358 4557 508 4613; x_wconf 89' lang='lat' dir='ltr'><strong>videbatur</strong></span> <span class='ocrx_word' id='word_1_690' title='bbox 524 4574 590 4612; x_wconf 90' lang='lat' dir='ltr'><strong>cum</strong></span> <span class='ocrx_word' id='word_1_691' title='bbox 604 4557 743 4629; x_wconf 91' lang='lat' dir='ltr'><strong>penderet</strong></span> <span class='ocrx_word' id='word_1_692' title='bbox 758 4557 788 4611; x_wconf 91' lang='lat' dir='ltr'><strong>in</strong></span> <span class='ocrx_word' id='word_1_693' title='bbox 807 4573 901 4624; x_wconf 91' lang='lat' dir='ltr'><strong>cruce,</strong></span> <span class='ocrx_word' id='word_1_694' title='bbox 917 4556 967 4612; x_wconf 92' lang='lat' dir='ltr'><strong>sed</strong></span> <span class='ocrx_word' id='word_1_695' title='bbox 1017 4573 1064 4612; x_wconf 93' lang='lat' dir='ltr'><strong>me</strong></span> <span class='ocrx_word' id='word_1_696' title='bbox 1082 4557 1159 4612; x_wconf 89' lang='lat' dir='ltr'><strong>vides</strong></span> <span class='ocrx_word' id='word_1_697' title='bbox 1174 4557 1277 4613; x_wconf 90' lang='lat' dir='ltr'><strong>hahere</strong></span> <span class='ocrx_word' id='word_1_698' title='bbox 1290 4559 1362 4626; x_wconf 84' lang='lat' dir='ltr'><strong>(Luc.</strong></span> <span class='ocrx_word' id='word_1_699' title='bbox 1374 4574 1448 4625; x_wconf 85' lang='lat' dir='ltr'><strong>xxxv,</strong></span> <span class='ocrx_word' id='word_1_700' title='bbox 1459 4558 1515 4629; x_wconf 84' lang='grc'><strong>39).</strong></span> <span class='ocrx_word' id='word_1_701' title='bbox 1530 4578 1544 4609; x_wconf 79' lang='lat' dir='ltr'><strong>o</strong></span> <span class='ocrx_word' id='word_1_702' title='bbox 1560 4558 1607 4614; x_wconf 90' lang='lat' dir='ltr'><strong>Sic</strong></span> <span class='ocrx_word' id='word_1_703' title='bbox 1619 4562 1651 4615; x_wconf 91' lang='lat' dir='ltr'><strong>et</strong></span> <span class='ocrx_word' id='word_1_704' title='bbox 1661 4562 1729 4615; x_wconf 90' lang='lat' dir='ltr'><strong>tunc</strong></span> <span class='ocrx_word' id='word_1_705' title='bbox 1742 4561 1821 4614; x_wconf 81' lang='lat' dir='ltr'><strong>osteo·</strong></span> 
     </span>
     <span class='ocr_line' id='line_1_48' title="bbox 153 4650 1820 4724; baseline 0.001 -21"><span class='ocrx_word' id='word_1_706' title='bbox 153 4651 396 4720; x_wconf 86' lang='lat' dir='ltr'><strong>suprabominem</strong></span> <span class='ocrx_word' id='word_1_707' title='bbox 411 4668 477 4707; x_wconf 92' lang='lat' dir='ltr'><strong>cum</strong></span> <span class='ocrx_word' id='word_1_708' title='bbox 492 4650 626 4706; x_wconf 87' lang='lat' dir='ltr'><strong>reseratis</strong></span> <span class='ocrx_word' id='word_1_709' title='bbox 638 4650 756 4705; x_wconf 89' lang='lat' dir='ltr'><strong>tumulis</strong></span> <span class='ocrx_word' id='word_1_710' title='bbox 770 4656 897 4706; x_wconf 87' lang='lat' dir='ltr'><strong>mortuos</strong></span> <span class='ocrx_word' id='word_1_711' title='bbox 910 4667 968 4704; x_wconf 89' lang='lat' dir='ltr'><strong>sus·</strong></span> <span class='ocrx_word' id='word_1_712' title='bbox 1018 4651 1088 4706; x_wconf 91' lang='lat' dir='ltr'><strong>dens</strong></span> <span class='ocrx_word' id='word_1_713' title='bbox 1108 4651 1227 4706; x_wconf 90' lang='lat' dir='ltr'><strong>vulnera</strong></span> <span class='ocrx_word' id='word_1_714' title='bbox 1245 4667 1415 4724; x_wconf 89' lang='lat' dir='ltr'><strong>crucemque</strong></span> <span class='ocrx_word' id='word_1_715' title='bbox 1440 4651 1661 4722; x_wconf 88' lang='lat' dir='ltr'><strong>demonstrabit,</strong></span> <span class='ocrx_word' id='word_1_716' title='bbox 1691 4657 1722 4708; x_wconf 90' lang='lat' dir='ltr'><strong>ut</strong></span> <span class='ocrx_word' id='word_1_717' title='bbox 1741 4656 1820 4708; x_wconf 88' lang='lat' dir='ltr'><strong>osten·</strong></span> 
     </span>
     <span class='ocr_line' id='line_1_49' title="bbox 152 4743 1820 4818; baseline 0.001 -21"><span class='ocrx_word' id='word_1_718' title='bbox 152 4744 260 4798; x_wconf 86' lang='lat' dir='ltr'><strong>citaret.</strong></span> <span class='ocrx_word' id='word_1_719' title='bbox 305 4745 400 4801; x_wconf 85' lang='lat' dir='ltr'><strong>Sancti</strong></span> <span class='ocrx_word' id='word_1_720' title='bbox 440 4744 592 4817; x_wconf 75' lang='lat' dir='ltr'><strong>Augustini</strong></span> <span class='ocrx_word' id='word_1_721' title='bbox 622 4744 747 4816; x_wconf 90' lang='lat' dir='ltr'><strong>episcopi</strong></span> <span class='ocrx_word' id='word_1_722' title='bbox 780 4743 968 4817; x_wconf 89' lang='lat' dir='ltr'><strong>Hipponensis</strong></span> <span class='ocrx_word' id='word_1_723' title='bbox 1018 4744 1065 4799; x_wconf 88' lang='lat' dir='ltr'><strong>dat</strong></span> <span class='ocrx_word' id='word_1_724' title='bbox 1076 4745 1155 4799; x_wconf 91' lang='lat' dir='ltr'><strong>illum</strong></span> <span class='ocrx_word' id='word_1_725' title='bbox 1169 4762 1198 4799; x_wconf 93' lang='lat' dir='ltr'><strong>se</strong></span> <span class='ocrx_word' id='word_1_726' title='bbox 1209 4761 1270 4800; x_wconf 90' lang='lat' dir='ltr'><strong>esse</strong></span> <span class='ocrx_word' id='word_1_727' title='bbox 1285 4747 1333 4818; x_wconf 93' lang='lat' dir='ltr'><strong>qui</strong></span> <span class='ocrx_word' id='word_1_728' title='bbox 1348 4745 1616 4802; x_wconf 73' lang='lat' dir='ltr'><strong>luceratcrucitixus.</strong></span> <span class='ocrx_word' id='word_1_729' title='bbox 1629 4748 1701 4803; x_wconf 85' lang='lat' dir='ltr'><strong>item</strong></span> <span class='ocrx_word' id='word_1_730' title='bbox 1710 4745 1820 4818; x_wconf 85' lang='lat' dir='ltr'><strong>ejusdem</strong></span> 
     </span>
     <span class='ocr_line' id='line_1_50' title="bbox 152 4837 1819 4910; baseline 0.001 -20"><span class='ocrx_word' id='word_1_731' title='bbox 152 4837 276 4892; x_wconf 80' lang='lat' dir='ltr'><strong>acclesiae</strong></span> <span class='ocrx_word' id='word_1_732' title='bbox 298 4839 333 4894; x_wconf 93' lang='lat' dir='ltr'><strong>ad</strong></span> <span class='ocrx_word' id='word_1_733' title='bbox 360 4839 521 4894; x_wconf 90' lang='lat' dir='ltr'><strong>Dardanum</strong></span> <span class='ocrx_word' id='word_1_734' title='bbox 543 4838 620 4893; x_wconf 88' lang='lat' dir='ltr'><strong>inter</strong></span> <span class='ocrx_word' id='word_1_735' title='bbox 641 4841 743 4893; x_wconf 85' lang='lat' dir='ltr'><strong>caetera</strong></span> <span class='ocrx_word' id='word_1_736' title='bbox 759 4855 766 4892; x_wconf 76' lang='grc' dir='ltr'>ε</span> <span class='ocrx_word' id='word_1_737' title='bbox 782 4837 846 4893; x_wconf 85' lang='lat' dir='ltr'><strong>Noli</strong></span> <span class='ocrx_word' id='word_1_738' title='bbox 872 4838 967 4910; x_wconf 88' lang='lat' dir='ltr'><strong>itaque</strong></span> <span class='ocrx_word' id='word_1_739' title='bbox 1018 4839 1046 4894; x_wconf 90' lang='lat' dir='ltr'><strong>in</strong></span> <span class='ocrx_word' id='word_1_740' title='bbox 1056 4838 1181 4893; x_wconf 87' lang='lat' dir='ltr'><strong>homelia</strong></span> <span class='ocrx_word' id='word_1_741' title='bbox 1192 4838 1227 4894; x_wconf 93' lang='lat' dir='ltr'><strong>de</strong></span> <span class='ocrx_word' id='word_1_742' title='bbox 1235 4840 1405 4895; x_wconf 73' lang='lat' dir='ltr'><strong>ascensione</strong></span> <span class='ocrx_word' id='word_1_743' title='bbox 1416 4840 1529 4895; x_wconf 88' lang='lat' dir='ltr'><strong>Domini</strong></span> <span class='ocrx_word' id='word_1_744' title='bbox 1540 4857 1547 4894; x_wconf 93' lang='lat'>:</span> <span class='ocrx_word' id='word_1_745' title='bbox 1560 4841 1634 4896; x_wconf 85' lang='lat' dir='ltr'><strong>Nam</strong></span> <span class='ocrx_word' id='word_1_746' title='bbox 1644 4838 1819 4897; x_wconf 81' lang='lat' dir='ltr'><strong>sicutduohos</strong></span> 
     </span>
     <span class='ocr_line' id='line_1_51' title="bbox 152 4930 1818 5005; baseline 0.001 -21"><span class='ocrx_word' id='word_1_747' title='bbox 152 4930 282 4986; x_wconf 89' lang='lat' dir='ltr'><strong>dubitare</strong></span> <span class='ocrx_word' id='word_1_748' title='bbox 307 4931 347 4986; x_wconf 90' lang='lat' dir='ltr'><strong>ibi</strong></span> <span class='ocrx_word' id='word_1_749' title='bbox 372 4948 447 4987; x_wconf 89' lang='lat' dir='ltr'><strong>nunc</strong></span> <span class='ocrx_word' id='word_1_750' title='bbox 472 4949 532 4988; x_wconf 90' lang='lat' dir='ltr'><strong>esse</strong></span> <span class='ocrx_word' id='word_1_751' title='bbox 554 4933 702 4987; x_wconf 91' lang='lat' dir='ltr'><strong>hominem</strong></span> <span class='ocrx_word' id='word_1_752' title='bbox 726 4931 870 4986; x_wconf 85' lang='lat' dir='ltr'><strong>Christum</strong></span> <span class='ocrx_word' id='word_1_753' title='bbox 893 4931 968 4987; x_wconf 88' lang='lat' dir='ltr'><strong>uude</strong></span> <span class='ocrx_word' id='word_1_754' title='bbox 1015 4932 1114 5004; x_wconf 89' lang='lat' dir='ltr'><strong>jurgio</strong></span> <span class='ocrx_word' id='word_1_755' title='bbox 1130 4933 1266 5003; x_wconf 82' lang='lat' dir='ltr'><strong>separatis</strong></span> <span class='ocrx_word' id='word_1_756' title='bbox 1280 4950 1354 4988; x_wconf 80' lang='lat' dir='ltr'><strong>rinus</strong></span> <span class='ocrx_word' id='word_1_757' title='bbox 1365 4934 1395 4988; x_wconf 90' lang='lat' dir='ltr'><strong>in</strong></span> <span class='ocrx_word' id='word_1_758' title='bbox 1409 4934 1503 4989; x_wconf 90' lang='lat' dir='ltr'><strong>medio</strong></span> <span class='ocrx_word' id='word_1_759' title='bbox 1514 4935 1625 5005; x_wconf 88' lang='lat' dir='ltr'><strong>positus</strong></span> <span class='ocrx_word' id='word_1_760' title='bbox 1635 4933 1818 4990; x_wconf 88' lang='lat' dir='ltr'><strong>altercantium</strong></span> 
     </span>
     <span class='ocr_line' id='line_1_52' title="bbox 152 5025 1818 5098; baseline -0.001 -20"><span class='ocrx_word' id='word_1_761' title='bbox 152 5027 287 5079; x_wconf 87' lang='lat' dir='ltr'><strong>venturus</strong></span> <span class='ocrx_word' id='word_1_762' title='bbox 320 5031 380 5095; x_wconf 88' lang='lat' dir='ltr'><strong>est,</strong></span> <span class='ocrx_word' id='word_1_763' title='bbox 414 5025 636 5097; x_wconf 89' lang='lat' dir='ltr'><strong>memoriterque</strong></span> <span class='ocrx_word' id='word_1_764' title='bbox 662 5027 764 5094; x_wconf 91' lang='lat' dir='ltr'><strong>recola,</strong></span> <span class='ocrx_word' id='word_1_765' title='bbox 792 5029 821 5080; x_wconf 89' lang='lat' dir='ltr'><strong>et</strong></span> <span class='ocrx_word' id='word_1_766' title='bbox 847 5025 968 5081; x_wconf 81' lang='lat' dir='ltr'><strong>fideliter</strong></span> <span class='ocrx_word' id='word_1_767' title='bbox 1017 5025 1097 5081; x_wconf 90' lang='lat' dir='ltr'><strong>litem</strong></span> <span class='ocrx_word' id='word_1_768' title='bbox 1118 5026 1345 5098; x_wconf 85' lang='lat' dir='ltr'><strong>discordiamque</strong></span> <span class='ocrx_word' id='word_1_769' title='bbox 1368 5026 1502 5095; x_wconf 88' lang='lat' dir='ltr'><strong>dissolvit,</strong></span> <span class='ocrx_word' id='word_1_770' title='bbox 1517 5028 1556 5082; x_wconf 85' lang='lat' dir='ltr'><strong>ita</strong></span> <span class='ocrx_word' id='word_1_771' title='bbox 1571 5025 1818 5085; x_wconf 81' lang='lat' dir='ltr'><strong>ethristusnohis</strong></span> 
     </span>
     <span class='ocr_line' id='line_1_53' title="bbox 153 5118 1817 5192; baseline -0.001 -19"><span class='ocrx_word' id='word_1_772' title='bbox 153 5122 216 5173; x_wconf 84' lang='lat' dir='ltr'><strong>tene</strong></span> <span class='ocrx_word' id='word_1_773' title='bbox 239 5118 430 5175; x_wconf 88' lang='lat' dir='ltr'><strong>Christianam</strong></span> <span class='ocrx_word' id='word_1_774' title='bbox 455 5120 662 5175; x_wconf 85' lang='lat' dir='ltr'><strong>contessionem</strong></span> <span class='ocrx_word' id='word_1_775' title='bbox 684 5136 741 5192; x_wconf 92' lang='lat' dir='ltr'><strong>qua</strong></span> <span class='ocrx_word' id='word_1_776' title='bbox 770 5119 926 5175; x_wconf 86' lang='lat' dir='ltr'><strong>resurrexit</strong></span> <span class='ocrx_word' id='word_1_777' title='bbox 950 5135 967 5173; x_wconf 93' lang='lat' dir='ltr'><strong>a</strong></span> <span class='ocrx_word' id='word_1_778' title='bbox 1017 5120 1093 5175; x_wconf 87' lang='lat' dir='ltr'><strong>tecit.</strong></span> <span class='ocrx_word' id='word_1_779' title='bbox 1119 5121 1190 5174; x_wconf 88' lang='lat' dir='ltr'><strong>Deus</strong></span> <span class='ocrx_word' id='word_1_780' title='bbox 1214 5120 1295 5175; x_wconf 91' lang='lat' dir='ltr'><strong>nobis</strong></span> <span class='ocrx_word' id='word_1_781' title='bbox 1317 5121 1394 5192; x_wconf 87' lang='lat' dir='ltr'><strong>juste</strong></span> <span class='ocrx_word' id='word_1_782' title='bbox 1418 5121 1605 5190; x_wconf 89' lang='lat' dir='ltr'><strong>irascebatur,</strong></span> <span class='ocrx_word' id='word_1_783' title='bbox 1636 5125 1666 5178; x_wconf 89' lang='lat' dir='ltr'><strong>et</strong></span> <span class='ocrx_word' id='word_1_784' title='bbox 1692 5139 1740 5178; x_wconf 91' lang='lat' dir='ltr'><strong>nos</strong></span> <span class='ocrx_word' id='word_1_785' title='bbox 1763 5135 1817 5174; x_wconf 88' lang='lat' dir='ltr'><strong>con·</strong></span> 
     </span>
     <span class='ocr_line' id='line_1_54' title="bbox 151 5212 1817 5282; baseline -0.001 -15"><span class='ocrx_word' id='word_1_786' title='bbox 151 5212 281 5279; x_wconf 84' lang='lat' dir='ltr'><strong>mortuis,</strong></span> <span class='ocrx_word' id='word_1_787' title='bbox 308 5213 434 5268; x_wconf 91' lang='lat' dir='ltr'><strong>ascendit</strong></span> <span class='ocrx_word' id='word_1_788' title='bbox 455 5213 485 5268; x_wconf 87' lang='lat' dir='ltr'><strong>iu</strong></span> <span class='ocrx_word' id='word_1_789' title='bbox 508 5215 620 5282; x_wconf 90' lang='lat' dir='ltr'><strong>coelum,</strong></span> <span class='ocrx_word' id='word_1_790' title='bbox 645 5213 726 5269; x_wconf 89' lang='lat' dir='ltr'><strong>sedet</strong></span> <span class='ocrx_word' id='word_1_791' title='bbox 753 5213 789 5268; x_wconf 91' lang='lat' dir='ltr'><strong>ad</strong></span> <span class='ocrx_word' id='word_1_792' title='bbox 817 5213 967 5268; x_wconf 87' lang='lat' dir='ltr'><strong>dexteram</strong></span> <span class='ocrx_word' id='word_1_793' title='bbox 1017 5213 1217 5268; x_wconf 88' lang='lat' dir='ltr'><strong>temnebamus</strong></span> <span class='ocrx_word' id='word_1_794' title='bbox 1236 5214 1353 5281; x_wconf 90' lang='lat' dir='ltr'><strong>iratum,</strong></span> <span class='ocrx_word' id='word_1_795' title='bbox 1377 5219 1406 5269; x_wconf 90' lang='lat' dir='ltr'><strong>et</strong></span> <span class='ocrx_word' id='word_1_796' title='bbox 1426 5215 1597 5271; x_wconf 89' lang='lat' dir='ltr'><strong>clementem</strong></span> <span class='ocrx_word' id='word_1_797' title='bbox 1612 5217 1763 5272; x_wconf 89' lang='lat' dir='ltr'><strong>Dominum</strong></span> <span class='ocrx_word' id='word_1_798' title='bbox 1778 5213 1817 5267; x_wconf 90' lang='lat' dir='ltr'><strong>de·</strong></span> 
     </span>
     <span class='ocr_line' id='line_1_55' title="bbox 151 5305 1817 5383; baseline -0.001 -23"><span class='ocrx_word' id='word_1_799' title='bbox 151 5307 250 5375; x_wconf 86' lang='lat' dir='ltr'><strong>Patris,</strong></span> <span class='ocrx_word' id='word_1_800' title='bbox 266 5322 317 5361; x_wconf 89' lang='lat' dir='ltr'><strong>uec</strong></span> <span class='ocrx_word' id='word_1_801' title='bbox 327 5306 440 5362; x_wconf 88' lang='lat' dir='ltr'><strong>aliunde</strong></span> <span class='ocrx_word' id='word_1_802' title='bbox 456 5324 541 5380; x_wconf 89' lang='lat' dir='ltr'><strong>quam</strong></span> <span class='ocrx_word' id='word_1_803' title='bbox 556 5307 624 5363; x_wconf 84' lang='lat' dir='ltr'><strong>inda</strong></span> <span class='ocrx_word' id='word_1_804' title='bbox 639 5307 675 5361; x_wconf 91' lang='lat' dir='ltr'><strong>ad</strong></span> <span class='ocrx_word' id='word_1_805' title='bbox 687 5305 854 5378; x_wconf 84' lang='lat' dir='ltr'><strong>judicandos</strong></span> <span class='ocrx_word' id='word_1_806' title='bbox 868 5309 967 5361; x_wconf 90' lang='lat' dir='ltr'><strong>ventu·</strong></span> <span class='ocrx_word' id='word_1_807' title='bbox 1017 5307 1202 5375; x_wconf 88' lang='lat' dir='ltr'><strong>clinabamus,</strong></span> <span class='ocrx_word' id='word_1_808' title='bbox 1217 5312 1245 5363; x_wconf 92' lang='lat' dir='ltr'><strong>et</strong></span> <span class='ocrx_word' id='word_1_809' title='bbox 1257 5324 1287 5363; x_wconf 89' lang='lat' dir='ltr'><strong>se</strong></span> <span class='ocrx_word' id='word_1_810' title='bbox 1306 5308 1435 5363; x_wconf 90' lang='lat' dir='ltr'><strong>medium</strong></span> <span class='ocrx_word' id='word_1_811' title='bbox 1456 5308 1585 5364; x_wconf 88' lang='lat' dir='ltr'><strong>Christus</strong></span> <span class='ocrx_word' id='word_1_812' title='bbox 1608 5309 1736 5383; x_wconf 84' lang='lat' dir='ltr'><strong>ingessit,</strong></span> <span class='ocrx_word' id='word_1_813' title='bbox 1749 5312 1775 5362; x_wconf 89' lang='lat' dir='ltr'><strong>et</strong></span> <span class='ocrx_word' id='word_1_814' title='bbox 1785 5320 1817 5359; x_wconf 85' lang='lat' dir='ltr'><strong>so</strong></span> 
     </span>
     <span class='ocr_line' id='line_1_56' title="bbox 152 5399 1816 5474; baseline -0.001 -20"><span class='ocrx_word' id='word_1_815' title='bbox 152 5416 198 5454; x_wconf 84' lang='lat' dir='ltr'><strong>cus</strong></span> <span class='ocrx_word' id='word_1_816' title='bbox 216 5405 259 5456; x_wconf 89' lang='lat' dir='ltr'><strong>est</strong></span> <span class='ocrx_word' id='word_1_817' title='bbox 279 5400 355 5455; x_wconf 89' lang='lat' dir='ltr'><strong>vivos</strong></span> <span class='ocrx_word' id='word_1_818' title='bbox 378 5404 407 5456; x_wconf 88' lang='lat' dir='ltr'><strong>at</strong></span> <span class='ocrx_word' id='word_1_819' title='bbox 428 5404 564 5457; x_wconf 89' lang='lat' dir='ltr'><strong>mortuos.</strong></span> <span class='ocrx_word' id='word_1_820' title='bbox 589 5403 623 5456; x_wconf 85' lang='lat' dir='ltr'><strong>Et</strong></span> <span class='ocrx_word' id='word_1_821' title='bbox 644 5400 683 5455; x_wconf 91' lang='lat' dir='ltr'><strong>sic</strong></span> <span class='ocrx_word' id='word_1_822' title='bbox 698 5405 832 5455; x_wconf 84' lang='lat' dir='ltr'><strong>venturus</strong></span> <span class='ocrx_word' id='word_1_823' title='bbox 853 5399 902 5453; x_wconf 91' lang='lat' dir='ltr'><strong>illa</strong></span> <span class='ocrx_word' id='word_1_824' title='bbox 920 5415 968 5454; x_wconf 89' lang='lat' dir='ltr'><strong>an·</strong></span> <span class='ocrx_word' id='word_1_825' title='bbox 1018 5401 1101 5455; x_wconf 88' lang='lat' dir='ltr'><strong>ciavit</strong></span> <span class='ocrx_word' id='word_1_826' title='bbox 1113 5405 1266 5473; x_wconf 84' lang='lat' dir='ltr'><strong>utramque</strong></span> <span class='ocrx_word' id='word_1_827' title='bbox 1279 5408 1423 5469; x_wconf 90' lang='lat' dir='ltr'><strong>naturam,</strong></span> <span class='ocrx_word' id='word_1_828' title='bbox 1438 5401 1558 5457; x_wconf 90' lang='lat' dir='ltr'><strong>ctnobis</strong></span> <span class='ocrx_word' id='word_1_829' title='bbox 1572 5404 1653 5474; x_wconf 89' lang='lat' dir='ltr'><strong>quod</strong></span> <span class='ocrx_word' id='word_1_830' title='bbox 1668 5399 1816 5459; x_wconf 81' lang='lat' dir='ltr'><strong>imminebat</strong></span> 
     </span>
     <span class='ocr_line' id='line_1_57' title="bbox 151 5491 1818 5568; baseline -0.002 -21"><span class='ocrx_word' id='word_1_831' title='bbox 151 5493 241 5564; x_wconf 87' lang='lat' dir='ltr'><strong>getica</strong></span> <span class='ocrx_word' id='word_1_832' title='bbox 259 5510 326 5550; x_wconf 91' lang='lat' dir='ltr'><strong>voce</strong></span> <span class='ocrx_word' id='word_1_833' title='bbox 350 5497 473 5549; x_wconf 88' lang='lat' dir='ltr'><strong>testante</strong></span> <span class='ocrx_word' id='word_1_834' title='bbox 493 5492 737 5566; x_wconf 87' lang='lat' dir='ltr'><strong>quemadmodum</strong></span> <span class='ocrx_word' id='word_1_835' title='bbox 766 5497 809 5549; x_wconf 90' lang='lat' dir='ltr'><strong>est</strong></span> <span class='ocrx_word' id='word_1_836' title='bbox 830 5491 872 5547; x_wconf 84' lang='lat' dir='ltr'><strong>ire</strong></span> <span class='ocrx_word' id='word_1_837' title='bbox 891 5491 967 5547; x_wconf 89' lang='lat' dir='ltr'><strong>visus</strong></span> <span class='ocrx_word' id='word_1_838' title='bbox 1017 5495 1188 5566; x_wconf 88' lang='lat' dir='ltr'><strong>supplicium</strong></span> <span class='ocrx_word' id='word_1_839' title='bbox 1203 5496 1265 5568; x_wconf 89' lang='lat' dir='ltr'><strong>ipse</strong></span> <span class='ocrx_word' id='word_1_840' title='bbox 1283 5495 1428 5552; x_wconf 88' lang='lat' dir='ltr'><strong>sustinuit.</strong></span> <span class='ocrx_word' id='word_1_841' title='bbox 1446 5497 1517 5551; x_wconf 88' lang='lat' dir='ltr'><strong>ltem</strong></span> <span class='ocrx_word' id='word_1_842' title='bbox 1535 5496 1670 5567; x_wconf 90' lang='lat' dir='ltr'><strong>ejusdem</strong></span> <span class='ocrx_word' id='word_1_843' title='bbox 1693 5494 1818 5552; x_wconf 83' lang='lat' dir='ltr'><strong>ineadem</strong></span> 
     </span>
     <span class='ocr_line' id='line_1_58' title="bbox 151 5586 1817 5664; baseline 0 -24"><span class='ocrx_word' id='word_1_844' title='bbox 151 5587 179 5641; x_wconf 93' lang='lat' dir='ltr'><strong>in</strong></span> <span class='ocrx_word' id='word_1_845' title='bbox 189 5588 301 5655; x_wconf 68' lang='lat' dir='ltr'><strong>caelum,</strong></span> <span class='ocrx_word' id='word_1_846' title='bbox 317 5588 346 5642; x_wconf 92' lang='lat' dir='ltr'><strong>id</strong></span> <span class='ocrx_word' id='word_1_847' title='bbox 359 5592 411 5657; x_wconf 90' lang='lat' dir='ltr'><strong>est,</strong></span> <span class='ocrx_word' id='word_1_848' title='bbox 426 5588 454 5642; x_wconf 94' lang='lat' dir='ltr'><strong>in</strong></span> <span class='ocrx_word' id='word_1_849' title='bbox 468 5588 568 5643; x_wconf 88' lang='lat' dir='ltr'><strong>eadem</strong></span> <span class='ocrx_word' id='word_1_850' title='bbox 583 5587 677 5642; x_wconf 84' lang='lat' dir='ltr'><strong>forma</strong></span> <span class='ocrx_word' id='word_1_851' title='bbox 692 5586 786 5641; x_wconf 88' lang='lat' dir='ltr'><strong>carnis</strong></span> <span class='ocrx_word' id='word_1_852' title='bbox 799 5589 884 5658; x_wconf 88' lang='lat' dir='ltr'><strong>atque</strong></span> <span class='ocrx_word' id='word_1_853' title='bbox 898 5586 964 5641; x_wconf 88' lang='lat' dir='ltr'><strong>sub·</strong></span> <span class='ocrx_word' id='word_1_854' title='bbox 1018 5589 1145 5644; x_wconf 90' lang='lat' dir='ltr'><strong>homilia.</strong></span> <span class='ocrx_word' id='word_1_855' title='bbox 1166 5591 1201 5645; x_wconf 89' lang='lat' dir='ltr'><strong>Ut</strong></span> <span class='ocrx_word' id='word_1_856' title='bbox 1220 5590 1296 5645; x_wconf 91' lang='lat' dir='ltr'><strong>inter</strong></span> <span class='ocrx_word' id='word_1_857' title='bbox 1317 5595 1421 5645; x_wconf 84' lang='lat' dir='ltr'><strong>coetera</strong></span> <span class='ocrx_word' id='word_1_858' title='bbox 1443 5606 1450 5644; x_wconf 75' lang='grc' dir='ltr'>ε</span> <span class='ocrx_word' id='word_1_859' title='bbox 1466 5589 1596 5646; x_wconf 90' lang='lat' dir='ltr'><strong>Christus</strong></span> <span class='ocrx_word' id='word_1_860' title='bbox 1619 5590 1712 5664; x_wconf 84' lang='lat' dir='ltr'><strong>igitur</strong></span> <span class='ocrx_word' id='word_1_861' title='bbox 1731 5591 1817 5645; x_wconf 73' lang='lat' dir='ltr'><strong>naua</strong></span> 
     </span>
     <span class='ocr_line' id='line_1_59' title="bbox 151 5679 1818 5755; baseline 0.002 -22"><span class='ocrx_word' id='word_1_862' title='bbox 151 5679 256 5735; x_wconf 88' lang='lat' dir='ltr'><strong>stantia</strong></span> <span class='ocrx_word' id='word_1_863' title='bbox 270 5681 315 5735; x_wconf 89' lang='lat' dir='ltr'><strong>cui</strong></span> <span class='ocrx_word' id='word_1_864' title='bbox 329 5682 457 5753; x_wconf 89' lang='lat' dir='ltr'><strong>prolecto</strong></span> <span class='ocrx_word' id='word_1_865' title='bbox 472 5679 716 5736; x_wconf 89' lang='lat' dir='ltr'><strong>immortalitatem</strong></span> <span class='ocrx_word' id='word_1_866' title='bbox 730 5680 817 5751; x_wconf 90' lang='lat' dir='ltr'><strong>dedit,</strong></span> <span class='ocrx_word' id='word_1_867' title='bbox 833 5685 966 5735; x_wconf 91' lang='lat' dir='ltr'><strong>naturam</strong></span> <span class='ocrx_word' id='word_1_868' title='bbox 1016 5685 1128 5738; x_wconf 76' lang='lat' dir='ltr'><strong>natura</strong></span> <span class='ocrx_word' id='word_1_869' title='bbox 1143 5683 1285 5755; x_wconf 90' lang='lat' dir='ltr'><strong>primitias</strong></span> <span class='ocrx_word' id='word_1_870' title='bbox 1297 5684 1399 5739; x_wconf 90' lang='lat' dir='ltr'><strong>obtulit</strong></span> <span class='ocrx_word' id='word_1_871' title='bbox 1423 5683 1508 5752; x_wconf 90' lang='lat' dir='ltr'><strong>Patri,</strong></span> <span class='ocrx_word' id='word_1_872' title='bbox 1529 5687 1561 5739; x_wconf 89' lang='lat' dir='ltr'><strong>et</strong></span> <span class='ocrx_word' id='word_1_873' title='bbox 1582 5683 1711 5740; x_wconf 86' lang='lat' dir='ltr'><strong>oblatum</strong></span> <span class='ocrx_word' id='word_1_874' title='bbox 1726 5683 1818 5739; x_wconf 84' lang='lat' dir='ltr'><strong>donum</strong></span> 
     </span>
     <span class='ocr_line' id='line_1_60' title="bbox 135 5773 1819 5851; baseline 0.004 -28"><span class='ocrx_word' id='word_1_875' title='bbox 135 5786 196 5825; x_wconf 85' lang='lat' dir='ltr'><strong>uon</strong></span> <span class='ocrx_word' id='word_1_876' title='bbox 222 5773 347 5831; x_wconf 84' lang='lat' dir='ltr'><strong>abstulit.</strong></span> <span class='ocrx_word' id='word_1_877' title='bbox 373 5777 446 5833; x_wconf 88' lang='lat' dir='ltr'><strong>ltem</strong></span> <span class='ocrx_word' id='word_1_878' title='bbox 475 5775 607 5851; x_wconf 80' lang='lat' dir='ltr'><strong>ejusdem</strong></span> <span class='ocrx_word' id='word_1_879' title='bbox 629 5775 659 5833; x_wconf 94' lang='lat' dir='ltr'><strong>in</strong></span> <span class='ocrx_word' id='word_1_880' title='bbox 682 5773 802 5851; x_wconf 82' lang='lat' dir='ltr'><strong>epistola</strong></span> <span class='ocrx_word' id='word_1_881' title='bbox 822 5773 860 5830; x_wconf 90' lang='lat' dir='ltr'><strong>ad</strong></span> <span class='ocrx_word' id='word_1_882' title='bbox 880 5775 965 5828; x_wconf 83' lang='lat' dir='ltr'><strong>Volu-</strong></span> <span class='ocrx_word' id='word_1_883' title='bbox 1017 5776 1136 5834; x_wconf 87' lang='lat' dir='ltr'><strong>miratus</strong></span> <span class='ocrx_word' id='word_1_884' title='bbox 1151 5784 1194 5833; x_wconf 91' lang='lat' dir='ltr'><strong>est</strong></span> <span class='ocrx_word' id='word_1_885' title='bbox 1208 5780 1300 5832; x_wconf 73' lang='lat' dir='ltr'><strong>Pater.</strong></span> <span class='ocrx_word' id='word_1_886' title='bbox 1322 5778 1401 5843; x_wconf 84' lang='lat' dir='ltr'><strong>Quod</strong></span> <span class='ocrx_word' id='word_1_887' title='bbox 1422 5781 1498 5835; x_wconf 89' lang='lat' dir='ltr'><strong>tanta</strong></span> <span class='ocrx_word' id='word_1_888' title='bbox 1510 5776 1640 5850; x_wconf 82' lang='lat' dir='ltr'><strong>dignitas</strong></span> <span class='ocrx_word' id='word_1_889' title='bbox 1655 5776 1819 5836; x_wconf 76' lang='lat' dir='ltr'><strong>oflerebatur.</strong></span> 
     </span>
    </p>
   </div>
   <div class='ocr_carea' id='block_1_5' title="bbox 118 5861 976 5938">
    <p class='ocr_par' dir='ltr' id='par_1_5' title="bbox 118 5861 976 5938">
     <span class='ocr_line' id='line_1_61' title="bbox 118 5861 976 5938; baseline 0.016 -24"><span class='ocrx_word' id='word_1_890' title='bbox 118 5861 241 5922; x_wconf 77' lang='lat' dir='ltr'><strong>sianum</strong></span> <span class='ocrx_word' id='word_1_891' title='bbox 262 5867 346 5928; x_wconf 84' lang='lat' dir='ltr'><strong>iuter</strong></span> <span class='ocrx_word' id='word_1_892' title='bbox 370 5875 488 5938; x_wconf 76' lang='lat' dir='ltr'><strong>cetera.</strong></span> <span class='ocrx_word' id='word_1_893' title='bbox 515 5875 600 5937; x_wconf 85' lang='lat' dir='ltr'><strong>ltune</strong></span> <span class='ocrx_word' id='word_1_894' title='bbox 625 5891 696 5936; x_wconf 85' lang='lat' dir='ltr'><strong>vero</strong></span> <span class='ocrx_word' id='word_1_895' title='bbox 718 5873 760 5934; x_wconf 85' lang='lat' dir='ltr'><strong>ita</strong></span> <span class='ocrx_word' id='word_1_896' title='bbox 781 5872 856 5934; x_wconf 82' lang='lat' dir='ltr'><strong>iuter</strong></span> <span class='ocrx_word' id='word_1_897' title='bbox 879 5871 976 5930; x_wconf 88' lang='lat' dir='ltr'><strong>Deum</strong></span> 
     </span>
    </p>
   </div>
   <div class='ocr_carea' id='block_1_6' title="bbox 0 0 1944 6148">
    <p class='ocr_par' dir='ltr' id='par_1_6' title="bbox 0 0 1944 6148">
     <span class='ocr_line' id='line_1_62' title="bbox 0 0 1944 6148; baseline 0 0"><span class='ocrx_word' id='word_1_898' title='bbox 0 0 1944 6148; x_wconf 95' lang='lat' dir='ltr'><strong> </strong></span> 
     </span>
    </p>
   </div>
  </div>
 </body>
</html>
