3870 6150
130 247 177 310 tut

574 236 716 307 leesor.
738 252 781 307 lo
800 252 880 308 sae.
901 248 945 307 ur.
960 280 995 292 -
1013 251 1137 308 isinoru
1155 233 1366 309 uenelroars

1763 246 1813 307 arr

131 382 197 418 nam
222 363 289 417 duni
310 361 465 416 seeundum
490 359 583 414 carnis
607 363 758 432 assumptae
779 360 944 432 mysterium
956 372 985 445 Α
1031 361 1085 415 Vll.
1100 360 1235 432 Septimac
1252 357 1415 415 assertionis
1426 374 1541 414 accessu
1554 357 1626 414 adiit
1640 363 1747 414 coetum
1763 376 1813 413 no-

130 455 261 510 Eeelesiae
274 471 332 509 suae
342 454 429 509 tuerit
439 453 574 525 dignatus
583 459 667 525 eaput
676 453 799 508 existere
808 453 943 522 Christus,

130 550 232 605 merito
246 549 274 602 in
285 547 422 603 membris
434 548 494 618 ejus
506 546 628 602 intentio
639 547 838 619 episcoporum
851 545 946 601 officia

130 659 269 716 peragere
280 641 406 696 comitur
419 640 578 695 oculorum.
588 639 643 711 lpsi
659 640 736 695 enirn
752 640 786 694 de
802 640 946 695 sublimio·

129 738 209 792 ribus
222 734 389 791 celsitudine
403 733 511 789 ordinis
531 739 644 805 regunt,
660 737 689 787 et
708 734 865 805 disponunt
879 733 945 788 sub·

126 830 217 905 jectis
231 828 427 885 multitudines
440 827 579 899 plebium,
594 828 671 882 unde
685 833 792 899 quanto
806 827 859 900 ipsi
872 827 946 882 tiuut

130 926 272 991 ductores,
288 926 368 977 tanto
384 920 550 976 meritorum
572 921 682 976 lumine
704 920 808 976 debent
827 921 945 992 praesul·

87 997 89 1002 Ι
131 1036 210 1092 gere,
224 1018 400 1090 quapropter
415 1031 513 1070 omnes
527 1014 650 1088 episcopi
663 1015 738 1071 inter
747 1020 848 1070 caetera
857 1014 944 1069 virtu-

132 1116 192 1168 tum
203 1115 370 1166 ornamenta
383 1109 475 1164 nitore
489 1107 580 1163 earnis
591 1107 696 1164 debent
707 1109 876 1180 propensius
888 1107 946 1163 eni·

131 1209 284 1272 tere,utex
294 1204 346 1258 boc
356 1203 504 1259 audientes
512 1201 837 1274 munditiamappetant,
846 1217 945 1274 exque

132 1302 262 1356 doctores
274 1297 457 1352 immunditia
471 1313 529 1350 non
544 1296 688 1367 deturpat,
702 1296 773 1350 adeo
788 1301 820 1350 ut
833 1295 854 1349 si
866 1295 945 1350 dein·

132 1411 199 1465 ceps
214 1390 338 1464 episcopi
354 1390 457 1444 detecti
473 1389 579 1444 luerim
596 1388 818 1444 exsecrabilibus
833 1389 947 1460 flagitiis

134 1504 199 1543 cum
214 1485 388 1558 quibuslibet
396 1483 510 1538 feminis
524 1482 664 1554 pollui,ac
678 1482 810 1536 familiari
826 1481 947 1554 peculia·

134 1583 216 1636 ritate
229 1577 344 1647 versari,
360 1576 493 1632 noverint
504 1593 534 1630 se
547 1575 728 1631 irrevocabili
740 1575 882 1631 sententia
894 1577 946 1630 Pa-

133 1679 210 1730 trum
220 1671 363 1738 ulcisci3id
374 1676 424 1739 est,
433 1670 524 1725 atloci
533 1674 561 1724 et
570 1669 821 1741 ordinisdiguitate
830 1669 945 1741 privari.

995 451 1813 525 strumtaminverecundaprogressio,quamignobilisac

995 548 1163 603 detestanda
1178 548 1376 620 praesumptio,
1387 545 1527 619 quosdam
1545 545 1624 601 enim
1640 550 1691 600 aut
1712 549 1811 601 eventu

996 642 1207 711 necessitatum,
1221 647 1270 698 aut
1289 646 1371 696 metu
1392 640 1594 713 periculorum,
1610 639 1648 695 ab
1671 640 1808 713 episcopis

995 736 1146 807 sumpsisse
1159 736 1290 791 norimus
1304 734 1555 791 ecclesiasticarum
1580 733 1675 789 officia
1690 734 1808 806 dignita·

994 823 1067 884 ium.
1082 831 1115 884 Et
1135 829 1272 902 quoniam
1293 845 1358 884 eum
1381 827 1437 883 illis
1457 829 1519 883 haec
1540 828 1772 900 imponerentur,
1783 828 1806 883 id

996 923 1047 977 sibi
1067 923 1128 978 lteri
1147 924 1271 979 uoluisse
1290 921 1385 978 testati
1408 925 1485 992 sunt,
1499 922 1603 977 idcirco
1630 921 1659 975 id
1678 938 1804 994 spernere

995 1023 1079 1088 atque
1093 1017 1129 1072 ad
1142 1016 1260 1088 pristina
1277 1020 1444 1088 pertentant
1458 1016 1592 1088 conjugia
1605 1032 1760 1086 moresque
1770 1034 1805 1072 re·

996 1109 1067 1178 dire,
1090 1112 1149 1164 tam
1173 1110 1305 1182 nequiter
1324 1110 1448 1165 coelestia
1464 1110 1531 1181 jura
1551 1109 1708 1177 solventes,
1729 1126 1802 1180 quan

995 1206 1129 1275 prompte
1145 1203 1240 1259 soeeuli
1252 1206 1363 1259 exstant
1383 1203 1523 1258 illecebris
1536 1202 1689 1258 inhiantes.
1708 1203 1765 1267 Qua
1775 1203 1803 1258 de

996 1313 1027 1352 ra
1053 1314 1134 1352 nosse
1159 1315 1210 1352 nos
1232 1297 1372 1364 convenit,
1394 1297 1469 1368 quod
1491 1297 1660 1369 episcopalis
1682 1297 1802 1352 eminen-

996 1390 1044 1444 tiae
1071 1392 1184 1445 culmen
1213 1407 1270 1445 non
1299 1390 1443 1444 immerito
1476 1389 1561 1446 sacris
1592 1390 1727 1445 omnibus
1754 1407 1802 1445 essa

997 1500 1109 1538 summa
1124 1485 1294 1555 percensuit,
1310 1500 1374 1556 quae
1394 1483 1505 1538 caeteris
1519 1483 1720 1538 sacerdotibus
1735 1499 1801 1539 exer-

997 1579 1085 1633 cenda
1105 1577 1260 1649 perbibuit,
1276 1576 1383 1631 seilicet
1407 1577 1581 1648 templorum
1607 1576 1659 1631 Dei
1679 1577 1801 1632 sacratio·

998 1687 1073 1739 nem,
1091 1670 1250 1725 chrismatis
1273 1669 1513 1738 benedictionem,
1536 1686 1740 1742 sacrorumque
1765 1687 1801 1725 or·

169 1769 201 1821 V.
230 1766 340 1834 Quintae
365 1764 483 1819 aetionis
506 1763 630 1835 impulsu
653 1763 841 1834 pervenitad
864 1745 1097 1819 totiusBdinum
1123 1764 1344 1833 restitutionem,
1368 1781 1431 1836 ques
1452 1764 1551 1819 tandiu
1575 1764 1659 1819 aliter
1685 1764 1800 1819 ordinata

133 1860 246 1918 aoncilii
259 1876 369 1914 sacrum
383 1857 513 1912 auditum
530 1858 667 1930 quosdam
680 1856 840 1912 sacerdotes
854 1861 883 1910 et
893 1856 946 1911 mi·
997 1858 1162 1931 persistunt,
1200 1874 1285 1930 quam
1332 1856 1570 1913 excellentissime
1615 1857 1799 1926 conferuntur,

135 1955 246 2020 nistros,
261 1952 458 2008 obliviscentes
478 1951 620 2022 majorum
641 1955 670 2006 et
692 1956 819 2006 veterum
841 1950 946 2005 consti·
999 1951 1064 2023 quia
1088 1957 1116 2007 et
1138 1956 1217 2007 tanto
1247 1952 1282 2006 ab
1312 1952 1351 2007 eis
1381 1951 1565 2024 singulariter
1596 1951 1799 2023 impenduntur,

133 2052 270 2115 tutorum,
283 2051 333 2102 aut
347 2062 478 2115 uxorum,
499 2050 549 2099 aut
573 2061 807 2116 quarumcunque
826 2043 947 2098 semina·
998 2048 1105 2116 quanto
1116 2045 1208 2100 eidem
1217 2061 1329 2100 summo
1342 2045 1459 2100 culmini
1473 2044 1640 2116 peragenda
1652 2047 1797 2111 servantur,

134 2160 198 2198 rum
219 2139 369 2196 immunda
389 2138 522 2194 societate
543 2142 571 2192 et
594 2138 755 2194 exsecrabili
779 2137 948 2210 contagione
999 2137 1148 2202 Quomodo
1162 2155 1230 2209 ergo
1243 2137 1292 2209 qni
1316 2155 1350 2192 ea
1373 2138 1402 2192 in
1429 2155 1458 2192 se
1485 2137 1587 2208 recipit
1609 2155 1626 2192 a
1648 2155 1678 2194 se
1698 2138 1798 2208 rejicere

133 2235 253 2307 turpari,
269 2237 298 2287 et
320 2232 441 2304 pessima
456 2231 548 2287 cordis
570 2231 769 2299 obstinatione,
784 2236 843 2286 tam
862 2231 949 2286 saeris
998 2231 1113 2302 poterit,
1132 2249 1197 2287 curn
1219 2232 1280 2286 haec
1299 2247 1315 2285 a
1334 2232 1411 2286 nullo
1432 2231 1522 2285 altero
1546 2231 1668 2286 conferri
1688 2248 1765 2304 quam
1785 2247 1797 2285 a

134 2328 329 2399 litterisquam
339 2328 456 2380 Patrum
468 2325 574 2397 regulis
587 2325 743 2393 obviantes,
754 2341 806 2380 nec
821 2325 875 2379 lavi
885 2325 947 2396 qui·
999 2325 1065 2380 solis
1081 2324 1260 2396 pontificibus
1272 2325 1359 2393 novit,
1375 2324 1477 2396 quibus
1491 2341 1544 2380 nec
1558 2325 1649 2397 ligata
1668 2325 1742 2394 solvi,
1756 2341 1796 2380 uer

136 2424 201 2479 dem
218 2420 404 2493 respiramine
414 2421 637 2490 contemplantes
647 2418 723 2490 quod
734 2419 870 2490 seriptum
884 2421 946 2473 est:
999 2420 1088 2474 soluta
1112 2424 1270 2490 potuerunt
1294 2419 1329 2473 ab
1350 2418 1444 2490 aliquo
1467 2418 1602 2490 religari?
1624 2419 1671 2475 Sic
1686 2419 1757 2474 enim
1769 2417 1796 2474 ad

136 2511 948 2585 «Sanctiestote,quoniametegosanetussum(barritu,
999 2514 1115 2568 Petrum
1131 2513 1239 2567 Veritas
1261 2512 1322 2568 ait:
1345 2512 1549 2585 Quodcumque
1576 2512 1709 2584 ligaveris
1730 2528 1796 2584 super

135 2611 189 2682 tl),
205 2608 272 2664 dicit
285 2607 438 2671 Dominus;
453 2630 466 2656 ιι
482 2609 511 2660 et
525 2606 594 2660 illud
618 2606 809 2676 apostolicum
825 2623 831 2660 :
849 2625 863 2657 a
877 2605 949 2660 ltlor·
998 2609 1104 2661 terram
1120 2606 1174 2661 erit
1187 2607 1309 2677 ligatum
1323 2607 1393 2663 etin
1410 2607 1490 2675 eoelo,
1506 2608 1535 2661 et
1556 2606 1744 2679 qaodcunque
1754 2606 1795 2660 sol·

137 2704 241 2759 titicate
269 2701 399 2756 membra
421 2703 532 2763 vestro,
555 2716 618 2770 quae
646 2703 712 2754 sunt
734 2702 948 2771 superterram
999 2700 1168 2771 verissuper
1182 2705 1287 2754 terram
1311 2700 1364 2755 erit
1386 2701 1509 2755 solutum
1532 2704 1560 2756 et
1580 2700 1610 2755 iu
1625 2699 1795 2771 coelotltottt.

135 2798 201 2869 (Col.
213 2812 253 2860 ru,
270 2796 306 2864 a),
321 2814 334 2845 ιι
348 2793 438 2860 idest,
453 2792 670 2848 fornicationem
685 2791 948 2870 etimruunditiam,
978 2810 980 2815 ·
999 2810 1052 2862 xvi,
1081 2796 1133 2864 19),
1157 2810 1339 2866 nequaquam
1365 2794 1520 2865 aliquando
1545 2794 1650 2866 peterit
1674 2791 1796 2866 profanari

136 2888 393 2961 concupiscentiam
405 2889 518 2954 malam,
527 2892 553 2940 et
565 2885 726 2953 avaritiam,
734 2885 836 2957 quibus
844 2890 950 2958 quanto
999 2887 1077 2959 quod
1085 2887 1187 2942 divinae
1191 2887 1327 2958 jussionis
1333 2887 1476 2958 simulque
1485 2888 1648 2959 apostolicas
1654 2887 1797 2942 traditionis

136 2990 179 3039 est
191 2980 363 3054 pertinacior
371 2979 412 3033 vis
428 2979 457 3033 iu
468 2979 560 3046 malis,
578 2982 655 3034 tauto
668 2978 871 3034 austerioribus
883 2995 948 3034 eon·
999 2981 1165 3036 auctoritate
1183 2997 1295 3036 sacrum
1317 2982 1442 3037 noscitur
1460 2981 1609 3036 exstitisse.
1625 2983 1729 3037 Verum
1742 2979 1797 3036 siml

135 3078 212 3133 venit
221 3074 333 3130 obviare
346 3073 473 3129 decretis.
485 3075 603 3144 Propter
613 3073 690 3145 quod
704 3072 821 3161 flagitiis
832 3072 950 3128 detectis
960 3116 988 3190 C
1001 3079 1130 3129 sanctum
1147 3075 1270 3130 chrisma
1293 3076 1427 3131 collatum
1441 3079 1470 3130 et
1494 3075 1593 3130 altaris
1614 3074 1709 3131 honor
1732 3072 1796 3129 ercli

134 3169 296 3244 specialiter
309 3168 363 3222 hoe
378 3170 502 3221 asancto
516 3166 635 3222 coneilio
651 3166 794 3235 definitur,
803 3171 836 3222 ut
850 3182 950 3221 omnes
1000 3184 1056 3223 non
1065 3174 1182 3240 queunt,
1192 3168 1229 3224 ita
1238 3185 1353 3241 quoque
1364 3184 1475 3224 sacrum
1485 3163 1795 3240 decusbonorum,quod

137 3263 262 3337 episcopi
277 3262 305 3316 id
331 3261 424 3332 ipsum
439 3260 467 3314 iu
493 3260 550 3314 suis
563 3276 691 3332 quarere
704 3259 822 3315 sollicite
839 3261 948 3315 curent.
999 3262 1044 3316 bis
1058 3279 1174 3333 compar
1186 3262 1308 3318 habetur
1322 3267 1351 3318 et
1363 3263 1482 3330 socium,
1496 3262 1624 3334 qualibet
1635 3263 1722 3318 tuerit
1734 3276 1795 3332 oetas·¹

137 3361 170 3415 ut
196 3374 261 3412 eum
285 3357 337 3410 hoe
366 3353 509 3410 verissime
530 3353 655 3425 reperire
677 3353 830 3424 potuerint,
852 3369 951 3409 omnes
1000 3356 1078 3410 sione
1093 3359 1274 3427 perceptum,
1289 3356 1416 3411 manebit
1430 3354 1796 3413 omnimodeineenvulsun.

136 3453 239 3525 placita
254 3450 383 3505 cautione
399 3448 492 3503 taliter
505 3447 687 3519 distringant,
701 3452 733 3503 ut
744 3463 892 3520 nunquam
906 3447 949 3501 ul·
999 3450 1041 3504 Ad
1050 3449 1265 3520 exstirpandum
1275 3467 1342 3505 vero
1353 3449 1488 3505 radicitus
1496 3449 1583 3520 hujus
1591 3450 1702 3504 callida
1712 3447 1796 3504 machi·

137 3547 224 3602 terius
246 3548 304 3599 tam
327 3543 516 3598 abominanda
531 3541 722 3597 committant.
736 3541 865 3596 ldulieres
883 3558 951 3596 vero
1000 3542 1124 3598 nationis
1144 3543 1244 3597 inutile
1267 3548 1483 3615 argumentum,
1498 3543 1528 3597 id
1542 3543 1596 3598 sibi
1614 3542 1796 3598 rationabiliter

137 3657 187 3697 seu
214 3639 311 3694 libera
336 3637 402 3707 sint,
420 3653 469 3692 seu
487 3636 669 3691 ancillatam
692 3635 814 3707 turpiter
827 3635 949 3703 sociatae,
1001 3636 1062 3691 dari
1075 3635 1238 3702 noluerunt,
1254 3636 1282 3691 iu
1295 3622 1407 3707 objectu
1424 3637 1501 3709 quod
1522 3637 1696 3692 sacrosancti
1710 3632 1795 3709 baptis

135 3735 174 3792 ita
198 3732 362 3789 omnimode
377 3735 553 3804 separentur,
570 3734 619 3784 aut
634 3733 708 3784 certe
730 3729 903 3797 vendantur,
919 3736 952 3784 ut
1001 3730 1083 3785 matis
1093 3730 1315 3802 inappreciabile
1330 3731 1436 3785 donum
1448 3735 1491 3785 est
1507 3746 1630 3802 semper,
1638 3736 1667 3786 et
1675 3746 1745 3803 saepe
1753 3742 1796 3783 nou

138 3828 253 3884 ulterius
266 3827 301 3882 ad
310 3825 457 3882 consocios
470 3824 513 3879 sui
522 3823 649 3879 criminis
661 3823 821 3879 revertendi
834 3840 950 3902 omnem
978 3819 1093 3878 'solum
1117 3823 1287 3890 nolentibus,
1311 3841 1408 3880 verum
1434 3824 1519 3879 etiam
1540 3824 1628 3896 (quod
1650 3824 1740 3896 maJ'us
1760 3822 1796 3889 at]

137 3919 260 3978 habeant
279 3921 387 3975 aditum
410 3920 595 3989 denegatum.
622 3917 665 3973 llli
688 3933 768 3986 vero,
790 3917 812 3972 si
834 3918 951 3972 omnino
1002 3916 1194 3972 nescientibus
1218 3916 1391 3989 impartitur,
1412 3918 1462 3973 sed
1484 3919 1539 3974 hoe
1561 3935 1579 3973 a
1601 3919 1688 3975 nullo,
1704 3917 1797 3991 pentes

137 4012 259 4070 coerceri
272 4009 464 4082 nequiverint,
475 4025 564 4081 usque
577 4008 614 4063 ad
628 4006 735 4062 exitum
746 4007 810 4062 vitae
824 4024 882 4062 suae
892 4023 952 4085 mo·
1001 4011 1146 4082 profanari
1161 4010 1346 4083 permittitur.
1359 4012 1440 4077 Quod
1453 4012 1475 4067 si
1486 4015 1515 4067 et
1524 4010 1569 4067 hie
1579 4012 1797 4084 opponiturmce

137 4104 269 4162 nasteriis
296 4103 423 4173 deputati
450 4101 604 4172 disciplinis
632 4101 794 4156 monasticis
816 4106 953 4157 maneant
1002 4104 1070 4159 dum
1085 4104 1203 4164 rationis
1217 4122 1349 4178 capacem
1364 4106 1483 4161 existere
1498 4105 1548 4177 qui
1563 4106 1616 4161 hoc
1629 4106 1798 4178 probaturae

39 4188 42 4199 ’
139 4198 257 4256 omuino
272 4195 400 4267 subjecti.
1002 4198 1107 4269 cipere,
1121 4198 1188 4253 hinc
1204 4199 1371 4255 omnimodo
1383 4204 1565 4272 cognoscant,
1580 4199 1683 4271 quiesi
1696 4198 1797 4270 majora

174 4287 807 4360 Vl.Sextaediscutionisobjectu,quorumdam
817 4289 952 4344 malesibi
1002 4293 1121 4364 impune
1145 4310 1202 4349 non
1228 4293 1364 4349 deserunt
1378 4295 1452 4367 quod
1474 4293 1583 4366 parvuli
1604 4295 1648 4349 vel
1671 4288 1797 4349 nescienda

137 4384 317 4444 consciorum
328 4381 419 4455 patuit
428 4383 596 4436 denotatum
605 4380 817 4454 elogiun1.Nam
828 4385 950 4438 relatum
1002 4386 1043 4442 vel
1060 4386 1185 4441 nolendo
1201 4387 1373 4459 percipiunt,
1386 4383 1493 4459 quanto
1508 4387 1600 4459 magis
1614 4404 1674 4443 non
1688 4381 1797 4442 convenit

138 4485 181 4538 est
195 4479 278 4536 nobis
296 4477 437 4550 quosdam
457 4475 645 4530 subdiaconos
659 4480 811 4548 postquam
830 4478 864 4532 ad
882 4478 993 4562 saeriD
1004 4480 1112 4546 violari,
1122 4480 1198 4552 quod
1211 4498 1262 4552 pre
1272 4481 1371 4536 mortis
1381 4488 1430 4536 ant
1439 4497 1588 4554 poeuarum
1602 4481 1795 4550 evadendaper

139 4575 246 4631 ordinis
260 4571 443 4645 pervenerint
457 4569 590 4642 gradum,
606 4586 663 4624 nou
679 4571 772 4625 solum
786 4571 879 4626 carnis
898 4571 951 4626 im·
1002 4574 1246 4629 nieieoccultallei
1256 4574 1468 4646 dispensatione
1478 4566 1794 4648 dignosciturobvenisset

61 4678 64 4689 ⁴
137 4667 280 4724 munditia
293 4664 442 4731 sordidari,
454 4680 518 4718 cum
533 4663 669 4733 scriptum
687 4665 740 4719 sit:
754 4684 767 4715 ιι
778 4665 954 4720 ltlundamini

138 4761 188 4836 qui
201 4761 281 4816 fertis
299 4776 362 4814 vasa
384 4757 493 4812 llomini
509 4757 572 4827 (leo.
594 4758 651 4824 ιιι).
666 4777 680 4809 ιι
706 4758 755 4813 sed
776 4758 862 4813 etiam
879 4759 954 4831 qirod

139 4855 217 4911 dictu
230 4853 311 4910 nefas
326 4856 496 4924 esthuoque
508 4851 786 4922 uxoribuseopulari‚
799 4858 953 4908 asserentes

140 4943 954 5017 hocideosibilicere,quiabenedictionemapontificeue·

140 5039 232 5097 sciunt
242 5036 626 5113 percepisse.Proinde,omui
634 5039 849 5093 excusationum
857 5039 952 5094 discis·

139 5154 170 5191 so
179 5135 330 5202 velamine,
340 5132 369 5187 id
380 5131 562 5205 precipimus
578 5131 729 5200 observari,
745 5136 775 5186 ut
789 5149 853 5188 cum
864 5131 953 5188 iidem

139 5229 325 5287 subdiacones
334 5226 576 5280 ordinanturcum
585 5225 657 5280 vasis
667 5225 817 5281 ministerii
825 5226 955 5282 benedic-

138 5325 178 5381 tio
190 5323 230 5380 eis
240 5323 276 5377 ab
287 5321 419 5393 episcopo
431 5319 599 5388 detur,sieut
609 5319 638 5374 iu
649 5319 818 5391 quibusdam
826 5319 954 5374 Ecclesiis

138 5411 954 5486 vetustastraditantiqua,etsacradignoscitureonsuetu·

139 5513 175 5569 do
186 5512 312 5568 substare
323 5507 524 5581 prolata,omni
534 5507 648 5579 penitus
657 5506 693 5561 ab
699 5505 844 5562 illissorde
855 5507 955 5564 mulie-

139 5599 954 5663 rumactamiliaritateremota.Quodsihocvulueredein-

140 5714 205 5768 ceps
215 5693 455 5765 luerintsauciati,
467 5711 532 5750 mox
543 5696 629 5748 erunt
639 5693 690 5748 sub
700 5693 875 5766 poenitentiae
886 5712 954 5752 one·

118 5786 207 5849 rr'bas
217 5789 355 5865 usquead
367 5793 531 5848 extremum
544 5787 609 5850 vitae
621 5789 794 5851 monasteris
803 5789 954 5867 religandi.

1003 4667 1147 4722 ltccedaut
1157 4684 1226 4738 ergo
1236 4668 1335 4723 talium
1349 4668 1556 4724 desideriorum
1572 4668 1634 4724 sine
1650 4661 1794 4724 verecunde
1836 4692 1839 4753 ἰ

1003 4760 1176 4833 impuderati
1190 4761 1309 4829 favores,
1326 4767 1353 4817 et
1366 4762 1432 4817 licet
1444 4762 1524 4817 iuviti
1548 4763 1727 4836 perceperint
1737 4749 1793 4832 quel
1837 4764 1839 4815 t

1003 4872 1061 4910 non
1076 4854 1260 4910 merebantur
1274 4855 1390 4924 habere,
1405 4855 1527 4911 libenter
1548 4860 1647 4912 tamen
1663 4874 1694 4912 ac
1707 4851 1792 4910 celet

1003 4948 1146 5004 retineant
1169 4949 1314 5018 meritum,
1329 4949 1404 5021 quod
1420 4949 1544 5005 nolendo
1565 4956 1685 5023 propter
1701 4953 1792 5005 ternae

1003 5043 1149 5098 consecuti
1172 5048 1238 5098 sunt
1265 5043 1442 5099 necessitatis
1469 5046 1582 5112 eventu,
1603 5050 1635 5100 ut
1658 5049 1713 5100 tam
1735 5028 1793 5096 iuviti

1003 5139 1141 5208 appetant
1152 5136 1228 5192 bona
1241 5136 1370 5209 diligere,
1385 5153 1474 5209 quam
1488 5140 1590 5209 sponte
1604 5137 1733 5194 videntur
1745 5124 1794 5190 dai·

1004 5229 1103 5284 dentes
1116 5230 1298 5302 impugnare.
1320 5231 1399 5296 Quod
1413 5231 1436 5286 si
1450 5230 1514 5304 quis
1525 5235 1593 5304 post
1614 5232 1669 5288 hoc
1688 5218 1795 5304 peraruit

1004 5323 1195 5394 dispositionis
1207 5324 1331 5380 edictum
1347 5340 1405 5380 non
1419 5325 1568 5380 sinceriter
1577 5325 1664 5382 sacris
1678 5312 1797 5382 immed

1004 5416 1135 5487 cultibus,
1147 5422 1176 5472 et
1189 5417 1327 5489 abjiciens
1341 5435 1359 5473 a
1372 5434 1401 5473 se
1414 5419 1537 5491 gratiam
1550 5436 1640 5492 quam
1653 5420 1799 5492 accepite*

1003 5510 1107 5566 labitur
1132 5511 1169 5566 ad
1197 5511 1373 5585 eorijugium,
1399 5529 1551 5586 moresque
1580 5514 1679 5571 saeculi
1696 5515 1801 5571 attenta·

1003 5604 1084 5673 verit,
1097 5606 1141 5660 vel
1156 5623 1223 5661 eum
1239 5606 1331 5662 redire
1344 5606 1381 5662 ad
1400 5607 1453 5661 hoe
1477 5606 1645 5679 eonstiterit,
1659 5625 1724 5665 mox
1741 5598 1806 5664 omui

1004 5697 1185 5755 ecelesiastici
1195 5700 1304 5755 ordinis
1313 5699 1451 5770 dignitate
1463 5700 1640 5772 privatur,et
1652 5706 1685 5759 ut
1693 5701 1810 5776 apostata

1004 5795 1142 5849 asanctre
1163 5794 1296 5850 Ecclesia
1316 5793 1474 5868 liminibus,
1489 5799 1518 5850 et
1537 5794 1676 5855 societate
1696 5796 1815 5867 fidelium
