3870 6150
622 251 857 320 amaminor
874 256 1070 319 coronano.
1576 244 1582 251 ’
1647 264 1699 322 ιιι

103 367 191 438 ribus,
201 384 238 426 ιιι
252 368 411 426 immatura
421 368 540 425 curandi
549 368 671 426 facilitas
683 370 832 427 mortifera
842 376 978 459 Atameu
999 371 1077 426 locus
1099 370 1176 443 apud
1197 386 1265 427 eum
1285 366 1418 428 videlieet
1440 374 1545 429 sanctu
1567 373 1697 430 Ecclesiae

103 479 114 518 ι
128 466 208 535 peste
226 463 297 518 nihil
316 463 413 536 possit,
425 462 475 519 sed
488 463 605 536 segnius
624 467 715 520 tracta
733 464 831 536 perni-
882 465 975 520 unitas
989 468 1041 534 est,
1053 464 1083 518 in
1095 480 1151 535 qua
1164 480 1247 536 supra
1262 470 1375 537 petram
1390 468 1491 534 statur,
1504 466 1574 522 dum
1590 468 1700 523 contes-

103 559 169 613 eatu
185 573 244 613 nou
262 557 400 628 legitimae
417 556 572 612 curationis
583 557 710 612 involvat
725 557 833 630 pariter
882 557 971 615 siouis
991 556 1119 613 soliditas
1141 557 1291 614 humiliter
1312 564 1437 615 tenetur.
1459 561 1512 615 Vos
1535 575 1649 632 quoque
1671 565 1700 616 et

103 650 361 706 ttosetmedeutes.
375 650 416 707 0b
429 651 459 706 id
473 666 544 723 ergo
559 653 717 706 statuentes
731 651 831 707 decer·
882 667 981 708 omnes
999 650 1100 707 iratres
1123 653 1234 707 nostros
1257 651 1411 708 Ecclesiam
1432 652 1537 708 Christi
1558 653 1698 725 sangarius

103 761 120 812 ι,
133 748 167 800 ιιι
185 743 215 799 hi
235 744 285 816 qni
301 760 359 800 uon
378 748 445 800 sunt
459 744 543 799 bonae
564 743 785 815 conversationis
804 747 834 800 et
881 745 1060 817 redemptam
1080 749 1212 817 regentes
1228 760 1387 816 monemus,
1402 747 1435 800 ιιι
1448 760 1549 801 omnes
1564 762 1583 801 a
1598 746 1698 818 praeci-

103 852 141 892 ιιιι
159 837 217 894 vita
235 842 277 893 est
292 836 468 906 accusabilis,
479 838 522 893 vel
536 853 661 909 quorum
673 838 756 906 tides,
775 838 833 893 vita
882 837 953 909 pitio
963 837 994 893 in
1003 854 1061 910 quo
1071 838 1173 893 iratres
1185 842 1214 893 et
1223 837 1337 894 Domini
1347 841 1475 910 pastores
1482 839 1658 896 detrahendo
1671 844 1701 895 et

103 933 171 987 artas
188 931 323 1002 uescitur,
336 947 395 988 nou
413 932 523 1004 possint
540 931 656 987 Domini
676 932 833 988 sacerdotes
881 931 1081 1004 persequendo
1090 929 1337 1002 verbislabuutur,
1348 931 1457 1005 laqueis
1469 933 1572 1004 quibus
1581 933 1699 1004 potestis

103 1040 161 1095 are,
172 1040 225 1080 nec
237 1024 308 1080 viles
321 1041 452 1097 personae
465 1025 501 1081 ad
512 1025 723 1082 accusationem
732 1041 832 1091 eorum
881 1025 1010 1094 retentis,
1022 1029 1051 1082 ιι
1072 1025 1129 1080 labi
1150 1041 1200 1081 eos
1221 1025 1252 1081 in
1272 1025 1329 1080 ime
1351 1041 1411 1081 non
1434 1026 1617 1097 permittatis,
1631 1027 1700 1098 quia

103 1120 216 1174 tantm.
362 1139 369 1148 ·
881 1118 1078 1190 scriptumest
1095 1134 1101 1173 :
1120 1120 1193 1175 alra
1206 1117 1260 1173 viri
1270 1118 1414 1190 justitiam
1429 1118 1481 1174 Dei
1493 1134 1552 1174 non
1565 1124 1700 1191 operatur

103 1210 187 1267 viliter
204 1210 236 1266 hi
256 1211 306 1284 qni
330 1211 360 1266 in
382 1211 527 1285 aliquibus
550 1212 719 1269 criminibus
730 1211 833 1269 irretiti
883 1214 949 1283 ttae.
964 1227 985 1280 ι,
999 1211 1060 1285 20);
1076 1234 1090 1264 o
1108 1212 1174 1267 hinc
1191 1227 1291 1268 rursus
1306 1211 1431 1267 dicitur:
1449 1234 1463 1263 ιι
1479 1212 1521 1269 Sit
1539 1211 1633 1268 omnis
1647 1212 1698 1268 ho-

103 1304 146 1360 rel
157 1304 206 1377 qui
219 1308 285 1360 sunt
296 1304 443 1377 suspiciosi
454 1321 553 1363 vocem
565 1306 832 1378 adversusmqiores
881 1321 930 1362 mo
947 1306 1027 1363 velox
1049 1305 1087 1362 ad
1104 1305 1291 1375 audiendum,
1306 1306 1404 1362 tardus
1417 1305 1455 1361 ad
1468 1305 1657 1378 loquendum,
1671 1311 1701 1362 et

103 1413 159 1454 uon
177 1397 304 1454 habeant
317 1398 478 1469 accusandi,
493 1401 562 1473 quia
576 1399 728 1473 suspiciosa
739 1415 793 1455 vox
804 1404 833 1460 ιι
881 1399 1024 1456 tardusad
1034 1399 1108 1455 iram
1118 1399 1186 1472 (too.
1201 1416 1221 1468 1,
1237 1399 1319 1470 itta
1334 1399 1397 1455 haec
1410 1404 1507 1456 autem
1521 1416 1571 1456 vos
1583 1405 1699 1456 auctore

103 1506 132 1547 ca
149 1491 299 1546 veritatem
317 1491 391 1547 solet
408 1492 569 1564 opprimere
575 1511 585 1564 ;
601 1493 754 1565 peregriua
766 1507 832 1549 vero
881 1493 1048 1549 Deoomnia
1066 1509 1177 1549 servare
1199 1507 1258 1548 non
1280 1491 1407 1565 ambigo,
1423 1493 1472 1549 sed
1487 1493 1635 1550 occasione
1649 1494 1698 1549 ad·

103 1584 250 1655 a,salvain
261 1585 833 1659 omnibusapostolicaauctoritate,gene·
881 1586 1046 1643 monitionis
1059 1589 1159 1642 exorta
1176 1584 1259 1642 bonis
1280 1586 1380 1642 vestris
1396 1586 1530 1659 operibus
1545 1591 1575 1645 et
1587 1587 1698 1643 deside—

103 1677 686 1751 utctiouneprohibemus‚quiaindignum
696 1678 831 1750 est,utab
881 1679 931 1736 riis
951 1695 998 1737 mc
1021 1680 1125 1737 furtive
1148 1679 1304 1752 subjungo,
1323 1683 1357 1735 ut
1378 1680 1455 1753 quod
1477 1697 1537 1737 non
1561 1682 1701 1738 admoniti

103 1771 143 1828 uis
154 1771 310 1844 judicetur,
329 1772 379 1845 qui
396 1771 593 1844 provinciales,
608 1777 638 1829 et
655 1789 715 1829 ase
730 1762 872 1839 electosB
883 1774 984 1843 facitis,
1000 1775 1114 1847 quando
1125 1773 1204 1830 vobis
1217 1777 1247 1829 et
1259 1772 1418 1830 admonens
1432 1774 1557 1848 additur,
1566 1776 1630 1847 jam
1640 1788 1699 1832 non

115 1864 222 1922 habere
236 1866 359 1939 jndices,
371 1866 427 1921 nisi
443 1866 533 1922 luerit
548 1866 738 1941 appellatum3
758 1868 832 1924 unde
882 1867 937 1924 soli
951 1867 1068 1924 ιιιιιιιιι.

103 1961 179 2028 ιι,ιιι
195 1959 218 2014 si
237 1959 338 2032 aliquis
355 1959 554 2032 episcoporum
564 1961 833 2032 supercertisaccu·
918 1961 1109 2034 Quapropter,
1122 1961 1236 2031 fratros,
1253 1965 1365 2034 oportet
1379 1977 1427 2018 vos
1444 1963 1475 2017 et
1488 1976 1587 2018 omues
1599 1961 1700 2018 lldelee

107 2051 285 2122 criminibus,
300 2055 333 2109 ut
348 2053 384 2109 ab
399 2053 532 2110 omnibus
546 2053 692 2124 audiatur,
704 2053 754 2126 qui
766 2057 833 2110 sunt
881 2054 999 2128 diligere
1012 2055 1146 2126 invicem,
1161 2058 1190 2110 ιι
1205 2071 1264 2111 non
1281 2054 1443 2124 detrahere,
1455 2059 1506 2112 aut
1514 2070 1645 2112 accusare
1659 2056 1699 2111 al·

103 2145 209 2201 evincia
223 2145 373 2217 episcopis,
390 2147 458 2218 quia
471 2162 531 2202 non
546 2149 659 2219 oportet
669 2150 832 2203 accusatum
880 2151 1032 2217 teratrum,
1047 2149 1185 2222 scriptum
1206 2152 1248 2205 cst
1270 2149 1347 2205 enim
1366 2165 1373 2204 :
1394 2171 1409 2200 α
1427 2149 1517 2222 Dilige
1535 2149 1700 2223 proximum

103 2238 119 2294 ιι
136 2254 225 2311 quam
242 2239 273 2294 in
291 2239 352 2295 foro
369 2255 420 2295 suo
437 2239 540 2295 audiri.
557 2239 586 2296 Si
599 2240 663 2313 quis
676 2256 743 2296 vero
753 2240 830 2312 judi-
881 2246 964 2297 tuum
983 2242 1091 2315 lltctth
1110 2259 1138 2312 v,
1153 2241 1209 2315 ll),
1224 2264 1238 2293 r
1253 2245 1283 2299 ιι
1297 2243 1442 2315 conjunge
1456 2243 1545 2299 lldem
1559 2258 1625 2299 cum
1640 2244 1699 2313 illo,

103 2331 236 2388 dversum
242 2331 295 2388 sibi
302 2333 434 2404 senserit,
441 2349 542 2389 vocem
551 2333 748 2405 appellationis
755 2333 832 2390 exhi·
882 2335 961 2407 quod
973 2335 997 2392 si
1008 2336 1199 2393 denudaveris
1209 2336 1343 2392 absconsa
1356 2336 1432 2392 illius
1447 2353 1505 2393 non
1520 2338 1701 2411 persequeris

103 2426 296 2499 appellantem
305 2432 402 2483 autem
414 2444 474 2484 non
484 2427 570 2484 debet
578 2427 695 2484 afflictio
704 2428 771 2497 ulla,
782 2430 832 2483 aut
881 2429 1698 2503 posteum.sicutenimhomoquiperditamicumsunm,

103 2521 189 2577 tionis
201 2522 339 2593 injuriare
354 2522 493 2591 custodia,
505 2522 556 2579 sed
571 2523 656 2580 liceat
666 2523 833 2596 appellatori
882 2522 922 2579 sic
931 2521 981 2595 qui
991 2522 1086 2595 perdit
1099 2523 1257 2579 amicitiam
1268 2523 1390 2596 proximi
1403 2523 1458 2580 sui.
1469 2525 1503 2579 Ει
1512 2524 1585 2579 sicut
1594 2524 1644 2597 qui
1656 2525 1699 2581 di·

103 2630 145 2670 un
166 2631 280 2671 caumm
302 2617 501 2688 appellationis
522 2617 653 2673 remedio
674 2617 831 2686 sublevere,
882 2615 974 2672 mittit
982 2631 1067 2672 avem
1083 2616 1119 2672 de
1134 2628 1225 2672 mano
1234 2632 1296 2687 sua,
1307 2616 1347 2672 sic
1356 2617 1406 2690 qui
1416 2617 1591 2691 dereliquisti
1604 2619 1699 2690 proxi·

121 2707 210 2765 etiam
230 2709 261 2765 in
283 2710 375 2765 causis
397 2710 593 2766 criminalibus
610 2711 766 2783 appellare,
779 2727 833 2767 nec
882 2725 964 2766 mum
979 2712 1113 2781 tuum,et
1128 2711 1381 2783 noneumoapies,
1395 2727 1453 2766 nou
1468 2710 1549 2766 illum
1563 2713 1700 2784 sequaris,

103 2802 181 2858 laudi
194 2819 247 2858 vox
261 2803 423 2876 denegetur
435 2804 462 2859 ei
474 2821 561 2877 quem
574 2804 714 2877 supplicio
722 2808 834 2861 senteu-
882 2803 1021 2877 quoniam
1038 2804 1123 2876 longe
1140 2804 1230 2860 abest.
1244 2803 1352 2877 Effugit
1367 2803 1446 2860 enirn
1458 2804 1540 2876 quasi
1554 2820 1654 2878 caprea
1666 2806 1701 2862 de

103 2894 228 2966 stinarit,
243 2897 372 2968 pulsatus
393 2901 460 2953 ante
479 2914 564 2954 snum
578 2898 706 2970 judicem
719 2914 834 2954 causam
882 2897 1297 2971 laqueo,quouiamvulnerata
1307 2901 1351 2954 ιιι
1362 2898 1458 2954 anima
1469 2899 1540 2970 ejus,
1550 2899 1702 2956 ultraeum

109 2993 141 3045 et
150 3005 209 3045 uon
219 2995 286 3046 ante
298 3007 381 3047 suum
392 2991 521 3062 judicem
530 2992 670 3064 pulsatus,
679 2993 704 3048 si
713 2992 834 3049 voluerit
882 3007 940 3047 non
952 2991 1060 3063 poteris
1076 2991 1221 3065 colligare,
1240 2995 1269 3047 et
1286 2992 1436 3048 maledicta
1450 2996 1494 3048 est
1508 2993 1700 3062 concordatio,

103 3122 108 3148 ,
123 3087 154 3138 et
176 3085 207 3137 ut
228 3084 345 3156 pulsatis
363 3085 473 3156 quoties
490 3085 696 3158 appellaverint
709 3085 832 3141 induciae
883 3084 1030 3140 denudare
1040 3089 1137 3141 autem
1145 3085 1230 3141 amici
1240 3085 1376 3158 mysteria
1383 3085 1702 3158 desperatiocstanimae

103 3191 131 3232 r.
145 3174 175 3232 Si
188 3176 252 3248 quis
266 3194 335 3250 ergo
357 3177 446 3234 iratus
463 3179 571 3235 crimen
586 3177 704 3252 aliquod
716 3133 870 3236 cuilibetC
881 3177 1013 3246 infidelis,
1025 3194 1155 3234 annuens
1171 3178 1253 3234 oculo
1268 3178 1388 3234 fabricat
1405 3178 1514 3251 iniqua,
1531 3196 1618 3236 nemo
1634 3194 1701 3237 eum

103 3284 125 3324 e
145 3270 289 3341 obiecerit,
314 3272 472 3328 convicium
495 3288 554 3328 non
576 3276 620 3328 est
642 3289 695 3345 pro
716 3289 831 3330 accusa·
880 3271 1020 3343 abjiciet:
1043 3272 1073 3327 ln
1086 3275 1239 3344 conspectu
1258 3272 1407 3328 oculorum
1422 3277 1537 3328 tuorum
1550 3274 1699 3330 conculca·

107 3361 284 3434 habendum,
299 3366 348 3423 sed
368 3365 505 3438 permisso
526 3366 666 3423 tractandi
687 3367 789 3440 spatio,
801 3366 832 3422 id
880 3364 923 3422 bit
943 3381 974 3420 os
995 3380 1090 3433 suum,
1104 3371 1133 3421 et
1151 3381 1237 3437 super
1260 3381 1394 3421 sermone
1415 3371 1480 3422 tuos
1502 3365 1700 3424 admirabitur.

114 3454 206 3513 iratus
225 3458 307 3526 dixit,
326 3475 378 3531 per
402 3460 572 3532 scripturam
593 3475 622 3516 se
642 3459 832 3533 probaturum
881 3457 1298 3531 Novissimeantempervertot
1310 3476 1341 3515 os
1355 3474 1449 3527 suum,
1460 3458 1632 3516 etinverbis
1645 3461 1701 3517 tuis

103 3549 239 3621 lateahn3
260 3555 293 3608 ut
315 3553 339 3609 si
362 3554 483 3609 fortasse
506 3555 675 3626 resipiscens
698 3567 762 3626 qua
781 3569 833 3626 per
882 3551 961 3608 dabit
978 3552 1152 3609 scandalum.
1168 3553 1255 3609 llulta
1272 3552 1376 3623 ιιιᾱιιι,
1392 3557 1421 3609 et
1432 3568 1491 3608 non
1504 3554 1648 3626 coequari
1663 3556 1700 3627 ei,

103 3643 193 3701 rdiam
207 3647 288 3716 dixit,
301 3648 407 3703 iterare
424 3652 475 3704 aut
488 3648 611 3705 scribere
627 3648 760 3719 uoluerit,
773 3664 832 3705 non
882 3649 912 3702 et
923 3646 1063 3703 Dominus
1072 3646 1150 3703 odiet
1158 3646 1311 3712 illumoui
1326 3645 1356 3702 in
1370 3646 1460 3702 altum
1468 3647 1699 3723 mittitlapidem‚
1805 3668 1812 3695 ι

103 3755 140 3795 ns
159 3739 286 3796 cn'miuis
305 3745 444 3798 teneatur.
461 3742 561 3797 Omnis
576 3758 646 3814 ergo
662 3741 712 3815 qui
724 3741 833 3798 crimen
883 3755 970 3812 super
986 3745 1070 3813 capnt
1083 3741 1145 3812 ejus
1159 3740 1251 3811 cadet,
1266 3743 1296 3797 et
1309 3739 1393 3813 plaga
1407 3740 1504 3798 dolose
1518 3741 1627 3799 dividet
1638 3744 1700 3799 vul-

103 3837 125 3902 t,
144 3834 248 3890 scribat
270 3852 301 3890 se
324 3836 523 3908 probaturum.
547 3837 653 3893 Revera
666 3835 707 3891 ibi
719 3852 834 3909 semper
882 3850 961 3890 nera.
974 3833 1028 3899 Qui
1044 3833 1118 3890 lodit
1130 3835 1244 3890 foveam
1258 3824 1401 3891 inciditur
1416 3850 1492 3906 eam,
1503 3835 1589 3908 etqui
1601 3837 1702 3893 statuit

118 3932 232 4000 agatur,
248 3929 297 3985 ubi
317 3930 426 3986 crimen
449 3929 619 3987 admittitur.
645 3930 680 3986 at
699 3930 749 4004 qui
775 3947 832 3987 nou
882 3926 1010 4000 lapidem
1020 3927 1148 4000 proximo
1158 3925 1323 3983 offendetin
1333 3942 1385 3997 eo;
1398 3927 1487 3999 etqui
1499 3928 1635 4000 laqueum
1646 3930 1702 3987 alio

103 4021 180 4078 iverit
194 4023 270 4094 quod
283 4022 395 4096 objecit,
406 4040 521 4097 poenam
532 4040 620 4097 quarn
632 4024 763 4080 intulerit
771 4024 833 4097 ipse
882 4021 975 4095 ponit,
983 4020 1125 4094 peribitiu
1132 4019 1182 4076 illo
1187 4037 1197 4091 ;
1206 4019 1329 4076 faciendi
1337 4020 1543 4093 nequissimum
1552 4022 1702 4079 consilium

103 4131 152 4172 m,
883 4126 969 4183 snper
978 4110 1073 4183 ipsum
1083 4109 1257 4181 devolvetur,
1266 4114 1296 4165 ιι
1306 4125 1365 4166 uon
1379 4115 1517 4182 agnoscet
1530 4112 1606 4168 nude
1615 4113 1699 4169 adve-

103 4209 161 4266 cuit
173 4211 310 4282 etiam,ut
321 4212 344 4267 si
358 4214 504 4286 episcopus
518 4217 665 4268 accusatus
677 4213 834 4286 appellave-
884 4206 944 4261 niet
955 4203 1009 4261 illi.
1020 4203 1112 4261 illusio
1124 4207 1154 4260 et
1164 4203 1375 4276 improperium
1386 4205 1584 4277 superborum,
1595 4210 1625 4262 ιι
1639 4208 1700 4262 vin·

103 4304 252 4360 ostolioam
263 4307 407 4375 sedem‚id
416 4307 611 4374 statuendum,
620 4305 699 4378 quod
707 4306 833 4379 ejusdem
884 4298 960 4355 dicta
972 4299 1045 4355 sicut
1056 4299 1103 4355 leo
1116 4297 1300 4354 insidiabitur
1315 4297 1373 4368 illi;
1390 4300 1492 4371 laqueo
1504 4299 1640 4372 peribunt
1653 4302 1703 4373 qui

103 4398 233 4468 pontifex
248 4400 400 4456 censuerit.
415 4401 480 4455 Haec
491 4403 586 4456 tamen
599 4400 678 4456 omni
691 4399 723 4455 in
739 4415 832 4456 saeer-
884 4392 1064 4449 oblectantur
1078 4409 1145 4449 casu
1160 4391 1316 4464 justorum.
1333 4392 1417 4448 Dolor
1435 4396 1531 4449 antem
1554 4402 1703 4452 consumet

103 4506 216 4547 musa
229 4493 324 4548 forma
337 4498 474 4565 emetur,
486 4510 522 4550 ne
532 4510 708 4567 quemquam
716 4497 832 4551 senten.
842 4509 873 4584 D
883 4485 946 4541 illos
955 4489 1110 4559 autequam
1125 4485 1294 4540 moriautur.
1308 4486 1349 4541 lta
1359 4490 1387 4541 et
1396 4485 1477 4540 furor
1487 4490 1609 4559 utraque
1622 4503 1700 4544 exse·

103 4599 136 4640 in
158 4602 176 4639 a
193 4602 245 4642 suo
263 4587 361 4658 judice
380 4587 455 4642 dicta
473 4589 661 4660 constringat,
678 4588 834 4644 occurrere
884 4578 1011 4647 orabilis,
1028 4583 1057 4634 ιι
1076 4578 1120 4634 ιιι
1136 4583 1320 4650 peccatomm
1340 4577 1490 4634 continens
1505 4579 1560 4634 erit
1575 4580 1701 4637 illonun.

103 4693 133 4735 ,ο
144 4679 265 4752 quisque
277 4680 405 4737 fidelium
419 4680 510 4736 ruinis
525 4681 609 4737 debet
622 4698 833 4754 oppressorum,
885 4673 940 4738 Qui
950 4671 1086 4728 vindicari
1096 4673 1193 4739 mlta
1206 4672 1264 4726 Deo
1281 4671 1406 4727 inveniet
1419 4671 1585 4743 vindictam,
1597 4678 1702 4748 etpec·

103 4786 233 4829 sororum
255 4773 383 4842 consilio,
399 4791 454 4847 quo
473 4777 588 4831 valeant
605 4792 641 4831 ex
660 4776 835 4831 revelatione
884 4771 947 4823 cata
965 4765 1040 4822 illitis
1059 4780 1174 4822 servans
1194 4764 1326 4821 servabit.
1346 4763 1490 4837 Relinque
1505 4767 1636 4838 proximo
1651 4772 1701 4826 luo

103 4865 264 4927 apindictoe
278 4884 295 4922 a
308 4885 338 4924 se
352 4869 401 4924 Dei
415 4885 562 4925 removere
576 4869 740 4925 vindictam,
755 4868 836 4924 Libat
885 4859 999 4916 nocenti
1013 4863 1052 4928 te,
1063 4863 1091 4914 et
1102 4863 1171 4915 tunc
1178 4857 1346 4932 deprecanti
1353 4857 1405 4913 tibi
1413 4863 1531 4932 peccata
1540 4860 1687 4919 tolveutnr
1692 4876 1701 4931 ι

103 4975 239 5032 prospera
256 4964 304 5034 qui
322 4963 357 5018 ab
376 4962 488 5019 afflictis
510 4963 591 5036 pellit
611 4962 743 5030 adversa,
758 4961 835 5017 unde
885 4953 1092 5009 homohomiui
1106 4952 1419 5019 servatiram,ctaDeo
1432 4953 1537 5025 quaerit
1548 4955 1701 5012 medelam.

103 5069 156 5109 ‚um
171 5057 213 5110 est
231 5072 237 5110 :
257 5077 271 5106 e
289 5057 386 5113 prater
401 5057 518 5112 fratrem
540 5057 680 5129 adjuvans
698 5055 834 5111 exaltabi-
886 5046 1078 5104 inhominem
1091 5045 1217 5102 similem
1231 5044 1700 5120 sibinonhabetmisericordiam,

104 5163 112 5203 :
124 5149 272 5205 «Ecclesia
283 5151 361 5206 euim
373 5151 422 5207 Dei
433 5151 493 5207 sine
504 5151 618 5207 macula
630 5156 659 5206 et
669 5167 741 5222 ruga
751 5148 837 5204 debet
885 5141 956 5197 etde
965 5140 1089 5213 peccatis
1098 5139 1156 5196 suis
1169 5139 1340 5211 deprecetur
1351 5139 1522 5197 altissimum
1532 5143 1546 5198 l
1561 5142 1620 5214 ipse
1633 5143 1702 5199 dum

103 5256 142 5297 tre
160 5242 268 5313 (Epioe.
284 5261 309 5314 v,
327 5248 381 5316 27t3
398 5264 413 5295 o
429 5251 457 5300 et
468 5245 533 5300 ideo
546 5261 605 5301 non
620 5248 732 5316 oportet
744 5259 807 5298 eam
819 5257 837 5296 a
886 5251 951 5291 earo
964 5234 1010 5303 sit,
1023 5239 1117 5291 servat
1128 5233 1213 5303 iram,
1225 5237 1255 5289 et
1265 5233 1500 5305 propitiationem
1514 5235 1611 5307 petita
1622 5236 1703 5292 Dcol

103 5333 193 5391 isdem
206 5339 377 5408 conculcari,
389 5341 438 5393 aut
452 5338 600 5406 maculari,
617 5338 685 5409 qnia
697 5336 836 5408 scriptum
885 5329 954 5396 Quis
967 5328 1094 5386 exorabit
1113 5343 1167 5400 pro
1191 5325 1301 5383 delictis
1315 5326 1412 5382 illius?
1428 5327 1568 5383 ilemento
1586 5328 1701 5384 novissi·

103 5429 181 5485 iuna
195 5434 238 5486 est
251 5431 383 5487 columba
401 5449 466 5487 mea
482 5434 608 5504 perlecta
623 5448 687 5487 mea
701 5430 791 5503 (dont.
806 5445 836 5498 ιι,
886 5425 1047 5493 ιιιοιιιιιι,ιι
1060 5421 1160 5477 desine
1173 5418 1337 5475 inimicari?
1347 5419 1488 5475 tabitudo
1497 5420 1574 5476 euim
1583 5423 1612 5476 ιι
1625 5437 1703 5477 ιιιοιι

103 5521 196 5578 »hino
217 5524 320 5580 iterum
340 5527 477 5582 Dominus
498 5526 535 5581 ad
556 5527 670 5598 lloysen
686 5524 726 5580 ait
740 5541 746 5579 ι
762 5524 838 5578 «Est
887 5517 1043 5577 imminent
1054 5513 1209 5571 mandatis.
1219 5512 1376 5569 llemorare
1386 5511 1517 5568 timorem
1528 5512 1588 5580 Dei,
1600 5516 1629 5568 et
1643 5531 1703 5572 nou

111 5631 200 5688 penes
211 5633 269 5688 me,
280 5623 309 5675 et
319 5619 406 5675 stabis
414 5636 500 5691 snpra
513 5624 624 5691 petram
632 5618 730 5691 (Dnod
741 5632 836 5685 mur,
886 5610 1017 5668 irasceris
1031 5608 1171 5681 proximo.
1183 5608 1341 5663 liemorare
1348 5605 1512 5660 testamenti
1521 5605 1703 5679 ultissimi,et

103 5733 106 5755 ι
122 5709 190 5776 Quia
203 5714 247 5767 est
258 5712 346 5782 locus,
360 5714 410 5786 qui
425 5730 483 5769 uon
497 5713 535 5769 sit
546 5711 669 5782 Domini,
683 5712 752 5768 dnm
767 5726 836 5767 cun·
887 5705 1000 5778 despice
1020 5701 1212 5775 iguorautiam
1226 5697 1359 5773 proximi.
1375 5697 1491 5761 Abstine
1512 5704 1541 5756 te
1561 5716 1579 5756 a
1601 5701 1662 5772 lite,
1675 5710 1705 5760 ιι

103 5801 188 5881 eipso
202 5820 255 5879 per
268 5823 356 5881 quem
366 5810 463 5864 creata
472 5812 549 5879 sunt,
560 5804 766 5866 continentur?
780 5802 838 5862 Sed
887 5799 1137 5873 minuespeccata,
1145 5795 1234 5861 homo
1244 5790 1731 5868 euimimsuubut'mtub'xbbtlffia
