3870 6150
87 257 89 261 v
142 230 193 286 127
579 222 723 281 ΑΡΡΕΝΙ).
742 220 787 280 ΑΙ)
806 221 887 279 SAEC.
908 222 952 278 lll.
968 251 1003 264 -
1021 222 1147 280 lSlDDRl
1163 223 1379 282 manethonis
1770 226 1820 283 {28

140 333 288 408 episcopis,
303 336 331 389 et
343 331 491 389 servandas
506 333 688 388 censuerunt.
702 332 741 387 De
750 329 867 387 occultis
876 331 953 387 enim
963 331 1123 418 Aperituri
1139 346 1224 404 super
1235 348 1283 387 me
1296 330 1436 403 veniebat,
1450 333 1479 387 et
1493 329 1647 387 corridere
1661 329 1821 388 consolatus

141 427 227 483 alieni
240 426 330 482 cordis
343 429 452 481 temere
466 423 595 496 judicare
613 426 762 497 peccatum
776 425 828 492 est,
845 426 873 479 et
886 439 954 479 eum
1003 425 1192 497 sum,justitie
1203 425 1319 482 indutus
1336 440 1410 496 sum,
1425 428 1454 481 et
1463 424 1560 482 vestim
1576 441 1624 480 me
1646 423 1819 481 vestimento

140 521 221 592 cujus
239 535 297 574 non
318 517 450 575 videntur
473 533 560 590 opera
580 517 635 574 nisi
650 516 736 585 hona,
760 516 891 590 iniquum
912 520 954 573 est
1003 522 1032 574 et
1047 518 1218 588 diademate,
1233 517 1342 591 judicio
1354 534 1435 590 meo;
1449 520 1546 575 oculus
1563 517 1605 574 fui
1620 533 1705 589 caeco,
1725 519 1755 574 et
1771 533 1820 590 pes

140 630 176 669 ex
191 611 348 684 suspicione
362 611 579 684 reprehendere,
592 626 658 666 cnm
672 625 772 666 eorum
784 609 952 682 qurehomi·
1003 611 1118 680 clando;
1145 616 1226 684 pater
1243 627 1321 668 eram
1345 628 1517 686 pauperum,
1542 614 1570 668 et
1589 627 1708 668 causam
1732 626 1819 683 quam

137 706 222 762 nibus
234 709 300 762 sunt
312 705 458 778 incognita
472 704 548 760 solus
561 704 634 760 Dens
643 703 732 776 judex
747 703 783 758 sit
787 720 796 773 ;
809 703 870 774 ipse
884 720 952 761 vero
1003 705 1162 761 nesciebam
1175 704 1391 778 diligentissime
1402 705 1619 778 investigabam.
1629 703 1818 762 conterebam

138 799 218 856 novit
232 799 397 855 abscondita
408 797 511 868 cordis,
528 800 557 855 et
573 813 631 854 non
645 796 717 854 alius
726 814 734 866 ;
754 795 859 869 injusta
874 797 952 854 enirn
1001 798 1093 854 molas
1104 797 1208 870 iniqui,
1229 803 1257 855 et
1269 798 1304 854 de
1318 797 1450 855 dentibus
1470 798 1546 854 illius
1564 797 1731 855 auferebam
1744 813 1817 870 pra·

17 965 24 977 ⁸
92 916 95 921 ·
135 893 244 966 judicia
257 892 292 949 ab
305 891 439 948 omuibus
451 891 575 948 cauenda
593 896 668 960 sunt,
687 891 813 947 maxime
826 893 952 947 umens
1001 890 1068 946 darn
1088 890 1153 962 (lob.
1174 906 1247 960 ιιιι,
1278 890 1331 963 ta),
1352 912 1367 941 n
1387 896 1417 947 et
1446 891 1564 964 reliqna.
1589 892 1643 947 Vos
1668 906 1751 963 ergo,
1771 890 1818 963 qui

138 987 226 1043 servis
240 986 363 1042 Domini.
387 985 506 1042 Servum
518 988 615 1041 autem
635 984 685 1041 Dei
705 999 763 1039 non
777 983 953 1057 oportetliti-
1001 982 1031 1038 in
1049 984 1162 1055 specula
1184 1000 1202 1038 a
1224 982 1348 1040 Domino
1374 983 1439 1040 estis
1457 984 1553 1057 positi,
1580 983 1773 1057 comprimere
1791 987 1819 1040 et

139 1096 218 1152 gare,
232 1095 286 1135 nec
300 1094 477 1153 quemquam
489 1079 636 1135 damnare.
656 1076 787 1150 Episcopi
799 1092 952 1150 namqnea
1001 1076 1139 1148 repellere
1171 1092 1219 1131 eos
1249 1092 1431 1150 summopere
1457 1076 1565 1134 debetis
1599 1077 1649 1150 qui
1682 1072 1816 1133 hahihns

136 1172 279 1247 plebibus,
294 1176 323 1228 et
336 1173 422 1240 clero,
444 1174 473 1228 et
490 1171 603 1228 Domini
622 1171 743 1227 aservis
754 1169 864 1227 ferendi
874 1172 949 1239 sunt,
1001 1169 1117 1225 insidias
1129 1173 1300 1242 praeparant,
1320 1174 1370 1226 aut
1390 1170 1422 1226 iu
1442 1187 1492 1227 eos
1512 1169 1666 1228 seditiones
1687 1173 1719 1226 et
1737 1185 1815 1226 soan-

137 1267 232 1324 ntsub
247 1265 448 1323 exercitatione
459 1265 618 1322 tolerantia
634 1263 949 1336 sustineanturtempo·
1002 1261 1065 1317 dala
1085 1261 1219 1319 excitant.
1234 1262 1327 1319 Facile
1343 1265 1385 1318 est
1405 1263 1482 1320 enirn
1500 1263 1586 1320 verbo
1605 1261 1709 1319 fallere
1728 1263 1816 1320 homi

137 1359 215 1429 ralia,
241 1364 392 1432 sperentur
416 1361 531 1415 aeterna.
550 1360 645 1431 Auget
669 1357 747 1414 enim
769 1356 871 1414 merita
893 1357 951 1411 vir-
1002 1371 1079 1427 nem,
1095 1359 1264 1413 nontamen
1284 1357 1477 1413 Deum.·ldeo
1495 1357 1546 1413 hos
1568 1357 1720 1429 repellere,
1741 1357 1814 1412 etab

138 1453 205 1509 tntis
224 1451 301 1525 qnod
321 1451 500 1525 propositum
517 1468 575 1507 non
594 1450 680 1507 violat
697 1449 851 1523 religionis.
872 1448 950 1506 Sata·
1002 1449 1213 1507 hisroscavere
1227 1454 1349 1522 oportet,
1369 1454 1509 1524 quatenus
1527 1449 1665 1507 exstincte
1686 1450 1814 1507 funditas

137 1546 265 1618 gendum
276 1548 320 1601 cst
331 1545 412 1602 uobis
422 1562 459 1601 ne
467 1544 570 1616 aliquis
580 1544 701 1600 fratrum
708 1547 873 1599 nostrorum
883 1557 951 1614 gra·
1000 1543 1086 1615 hnjus
1098 1543 1176 1599 modi
1185 1543 1317 1616 caligine,
1332 1543 1435 1600 lucifer
1443 1543 1483 1601 eis
1495 1544 1676 1617 resplendeat
1683 1543 1814 1600 etlaetitia

137 1637 208 1695 viter
234 1640 373 1695 laceretur
406 1637 449 1693 vel
476 1642 584 1710 pereat.
616 1637 786 1693 Succurrere
810 1651 878 1708 ergo
900 1651 951 1691 vos
1001 1636 1117 1705 oriatur,
1134 1636 1304 1693 sanctissimi
1320 1636 1433 1693 fratres.
1456 1639 1526 1694 Data
1548 1653 1587 1693 ru
1604 1636 1744 1694 liniendas
1762 1636 1812 1693 Oc·

137 1735 248 1804 oportet
268 1730 419 1806 oppressis,
442 1735 472 1787 et
490 1731 614 1787 liberam
629 1746 677 1786 eos
694 1730 731 1785 de
749 1745 838 1785 manu
858 1712 990 1802 perse-B
1001 1730 1101 1801 tobris,
1117 1729 1268 1787 Saturnino
1278 1735 1306 1787 et
1316 1730 1460 1788 Gallicano
1472 1731 1506 1786 Ν
1518 1746 1559 1787 cc.
1572 1731 1682 1787 consul.

137 1826 297 1898 quentium,
310 1829 344 1883 ut
355 1841 421 1882 cum
434 1825 519 1882 beato
535 1824 586 1880 tob
604 1823 703 1881 dicatis
725 1839 731 1879 :
751 1842 766 1877 α
789 1822 952 1881 Benedictio
1001 1835 1003 1840 ·

539 2116 634 2185 ITEM
655 2116 851 2185 EPISTDLA
872 2117 1047 2186 EJUSDEM
1069 2115 1269 2184 ZEPHlRlNl
1291 2115 1417 2184 PAPAE.

169 2297 346 2356 Charissimis
360 2297 493 2355 fratribus
507 2315 558 2371 per
577 2299 732 2371 AEgyptum
745 2298 863 2355 Domino
874 2299 949 2355 mili-
999 2300 1082 2371 mini,
1096 2300 1172 2356 unde
1186 2303 1215 2356 et
1235 2300 1297 2372 ipse
1316 2300 1376 2357 nit:
1393 2300 1500 2357 «Beati
1521 2300 1569 2374 qni
1587 2300 1812 2374 persecutionem

135 2394 261 2451 tannbus
274 2395 444 2449 Zaraamuus
461 2393 597 2448 liomnnae
614 2391 694 2447 urbis
708 2392 947 2465 archiepiscopus.
998 2394 1149 2465 patiuntur
1167 2398 1284 2466 propter
1300 2392 1440 2465 justitiam
1462 2394 1569 2466 (nant.
1593 2411 1621 2463 ιι,
1648 2395 1709 2468 to);
1730 2415 1745 2447 s
1769 2395 1812 2450 bis

169 2488 286 2543 Tantam
300 2502 317 2542 a
329 2486 452 2543 Domino
466 2485 552 2558 hujus
572 2490 675 2542 sanctae
689 2485 773 2554 sedis,
790 2490 819 2542 et
834 2489 947 2558 aposto·
975 2543 977 2547 ,
998 2486 1063 2543 fulti
1075 2486 1215 2559 suffragiis
1228 2502 1287 2543 non
1301 2487 1426 2542 multum
1444 2487 1581 2543 debemus
1595 2488 1699 2543 timere
1712 2505 1813 2561 oppro

131 2580 193 2638 licae
213 2580 342 2637 Ecclesiae
361 2580 524 2648 fundatore,
550 2583 577 2635 et
598 2579 680 2635 beato
713 2580 796 2635 Petro
820 2579 948 2652 principe
997 2580 1093 2637 brium
1117 2579 1280 2649 hominnm,
1306 2597 1400 2653 neque
1424 2597 1525 2638 eorum
1549 2581 1812 2654 exprobrationibus

133 2676 337 2748 apostolorum,
352 2674 512 2748 accepimus
525 2672 669 2742 fiduciam,
682 2674 716 2728 ut
730 2689 781 2744 pro
797 2673 947 2729 universali
998 2672 1082 2742 vinci,
1096 2673 1232 2745 quoniam
1243 2672 1297 2728 hoc
1315 2673 1395 2728 nobis
1410 2674 1547 2729 Dominus
1559 2673 1643 2745 jubet
1651 2690 1704 2745 per
1712 2673 1811 2729 isaiam

131 2768 235 2824 Christi
250 2767 387 2839 sanguine
398 2768 545 2839 redempta
558 2766 688 2834 Ecclesia,
704 2767 828 2839 impigro
839 2766 946 2823 laborc-
996 2765 1271 2839 prophetamdicens
1281 2767 1396 2823 :Audite
1409 2783 1456 2822 me
1465 2767 1515 2840 qui
1526 2767 1601 2822 saihs
1606 2767 1813 2840 judicium,po

131 2876 195 2916 mus
205 2859 318 2930 affectu,
338 2863 367 2914 et
387 2860 518 2916 omuibus
532 2859 651 2915 Domino
668 2859 871 2915 famulantibus
882 2876 946 2916 suc·
996 2860 1081 2932 pulus
1096 2876 1177 2915 meus
1190 2860 1220 2914 in
1233 2875 1357 2932 quornm
1370 2860 1502 2916 cordibus
1516 2860 1564 2916 lex
1576 2876 1640 2916 mea
1653 2864 1704 2915 est.
1722 2860 1811 2916 Nolite

131 2970 288 3022 curramus,
299 2954 441 3010 etcunctis
451 2954 497 3027 pie
507 2953 663 3010 viventibus
672 2953 948 3026 apostolioaauctori-
995 2953 1096 3010 timere
1107 2953 1291 3026 opprobrium
1304 2953 1464 3024 hominum,
1473 2957 1502 3010 et
1508 2953 1698 3026 blasphemias
1711 2970 1811 3010 eornm

131 3051 190 3104 tate
203 3064 288 3121 opem
299 3048 433 3103 feramus.
447 3048 551 3104 Omnes
563 3047 612 3120 qui
626 3048 656 3102 in
667 3046 778 3104 Christo
791 3047 889 3103 volunt
897 3047 945 3120 pie
995 3063 1032 3102 ne
1046 3047 1180 3117 timeatis,
1195 3047 1407 3102 considerantes
1423 3046 1500 3119 qnod
1513 3048 1543 3103 in
1557 3047 1666 3119 psalmo
1676 3047 1812 3120 scriptum

129 3142 232 3210 vivere,
245 3157 357 3197 necesse
371 3147 423 3209 est,
439 3144 471 3196 ut
486 3141 520 3197 ab
541 3141 638 3212 impiis
656 3145 682 3197 et
696 3139 879 3197 d'usimilihus
895 3157 944 3213 pa·
996 3143 1039 3196 est
1053 3156 1060 3195 ι
1078 3162 1092 3190 «
1105 3140 1205 3196 Nonne
1214 3141 1286 3196 Deus
1300 3140 1420 3212 requirit
1432 3140 1496 3208 ista,
1508 3140 1568 3212 ipse
1578 3139 1656 3195 enim
1665 3141 1812 3198 noritabs·

128 3233 239 3290 tiantnr
254 3233 416 3307 opprobria,
432 3237 461 3290 et
473 3233 666 3306 despiciantur
675 3239 816 3306 tanquam
830 3234 908 3290 stulti
918 3238 947 3290 et
995 3232 1109 3290 condita
1129 3231 1222 3289 cordis
1243 3233 1326 3304 (Psoi.
1349 3250 1426 3302 ιιιιι,
1452 3233 1509 3304 22),
1534 3255 1548 3284 u
1574 3238 1602 3290 et
1624 3234 1811 3307 cogitationes

128 3327 407 3397 insani‚utmeliores
414 3332 442 3385 et
449 3327 630 3401 purgatiores
639 3327 806 3384 efficiantur.
813 3326 946 3392 Quibona
994 3327 1096 3382 talium
1109 3326 1261 3383 hominum
1270 3327 1406 3399 qnoniam
1416 3343 1498 3382 vanae
1511 3330 1592 3395 sunt3
1602 3347 1616 3380 u
1626 3329 1705 3383 Vana
1716 3333 1811 3385 annm

126 3421 297 3494 temporalia
317 3421 440 3494 perdunt
457 3425 491 3477 nt
511 3421 669 3492 percipiant
697 3423 814 3476 aeterna.
840 3423 945 3476 Eomm
993 3419 1812 3492 locutisuntunusquisqneadproximumsunm,labiado-

128 3531 194 3571 vero
207 3515 348 3587 despectio
370 3520 398 3571 et
417 3514 510 3571 irrisio
527 3514 557 3569 in
574 3514 648 3586 ipsos
669 3513 881 3588 retorquebitur
895 3514 945 3586 qui
993 3512 1051 3569 losa
1062 3513 1093 3568 in
1111 3513 1196 3569 corde
1215 3516 1244 3568 et
1262 3512 1345 3569 corde
1358 3513 1443 3569 locuti
1458 3517 1525 3570 sunt
1534 3513 1619 3570 mata.
1634 3514 1690 3570 Sed
1705 3515 1812 3588 disper·

127 3626 175 3666 eos
190 3609 324 3681 aftiigtmt
338 3612 367 3664 et
382 3607 562 3665 contumeliis
576 3606 714 3677 afficiunt,
729 3623 795 3665 curn
808 3612 837 3664 et
851 3607 941 3664 abun·
954 3586 982 3662 C
994 3606 1043 3663 det
1056 3607 1128 3664 Deus
1143 3606 1273 3663 universa
1283 3606 1357 3661 labia
1370 3605 1467 3663 dolosa
1485 3609 1515 3662 et
1526 3606 1656 3680 lingnam
1668 3607 1810 3680 magnilo-

127 3704 224 3760 dantia
236 3718 336 3759 eorum
348 3701 378 3758 in
392 3704 558 3775 egestatem,
575 3705 604 3758 et
617 3701 750 3775 superbia
759 3701 904 3758 transierit
913 3701 943 3757 in
992 3716 1090 3774 quana
1105 3700 1159 3766 Qui
1169 3700 1303 3756 dixerunt
1314 3700 1390 3756 labia
1404 3703 1501 3756 nostra
1522 3716 1539 3755 a
1556 3700 1731 3770 nobiseum,
1748 3700 1811 3774 quis

127 3795 331 3853 confusionem.
342 3795 511 3852 Nuntiatum
518 3795 645 3852 estenim
655 3794 882 3868 sedisapostolicae
891 3811 943 3868 per
992 3796 1090 3851 noster
1109 3794 1246 3851 Dominus
1264 3797 1307 3849 est
1328 3793 1411 3865 (Psoi.
1434 3809 1471 3861 ιι,
1496 3793 1576 3865 tbi?
1590 3814 1605 3845 o
1620 3794 1732 3850 Namsi
1749 3794 1812 3851 hee

125 3890 322 3965 apocrisiarios
340 3893 451 3946 nostros
476 3889 614 3961 quosdam
636 3890 759 3945 fratrum
780 3891 942 3944 nostrorum
992 3887 1021 3943 in
1043 3887 1181 3943 memoria
1202 3886 1369 3956 retinerent,
1386 3886 1507 3941 minime
1527 3886 1564 3942 ad
1582 3888 1693 3943 tautam
1705 3887 1813 3959 prosili-

126 3986 326 4058 episcoporum
343 3983 475 4039 videlicet
496 3982 531 4037 ab
549 3981 680 4038 Ecclesiis
699 3987 727 4038 et
746 3981 858 4038 sedibus
880 3997 943 4053 pro
991 3984 1056 4036 rent
1067 3979 1256 4052 iniquitatem.
1273 3980 1335 4036 Non
1350 3979 1429 4036 enim
1442 3978 1584 4051 probabili
1597 3984 1626 4036 et
1636 3984 1757 4053 paterna
1765 3981 1814 4037 do·

125 4079 195 4150 priis
213 4077 291 4149 pelli,
314 4091 421 4146 suaque
442 4074 483 4128 eis
504 4074 611 4130 auferri
632 4073 835 4146 supellectilia,
858 4074 942 4130 etsie
992 4073 1083 4129 ctrina
1095 4074 1148 4128 hoc
1160 4073 1276 4144 faciunt,
1297 4072 1347 4130 sed
1359 4077 1392 4130 ut
1405 4089 1485 4130 suam
1504 4077 1653 4130 exerceant
1669 4073 1702 4128 in
1717 4089 1812 4131 servos

125 4170 216 4227 nudos
229 4172 258 4225 et
272 4167 440 4240 exspoliatos
463 4166 499 4222 ad
514 4165 624 4238 judicia
644 4166 749 4236 vocari,
769 4166 845 4239 quod
863 4167 942 4223 omni
991 4166 1043 4223 Dei
1056 4166 1219 4225 undictam.
1234 4166 1378 4240 Scriptum
1391 4183 1516 4239 namque
1527 4171 1569 4224 est
1585 4185 1592 4223 :
1610 4167 1750 4224 Viastulti
1762 4182 1810 4224 ne·

124 4262 235 4321 ratione
245 4263 331 4329 caret,
342 4276 408 4316 cum
423 4260 577 4316 constitute
586 4260 777 4332 apostolorum
786 4277 942 4334 eorumque
992 4263 1037 4317 cta
1047 4260 1077 4317 in
1090 4260 1180 4318 oculis
1191 4262 1252 4334 ejus
1263 4261 1350 4333 (Pron.
1361 4278 1409 4331 ιιι,
1425 4261 1478 4332 tt).
1491 4279 1505 4314 a
1516 4262 1566 4318 lit:
1577 4278 1592 4313 n
1602 4260 1736 4318 Suntvias
1745 4276 1810 4335 qna

125 4370 329 4423 successorum,
341 4359 369 4411 et
378 4356 522 4426 praecepta
535 4353 753 4426 imperatorum,
769 4371 801 4410 ao
810 4354 942 4412 constitu·
991 4355 1123 4412 videntur
1133 4355 1246 4412 homini
1261 4355 1357 4427 justae,
1373 4353 1526 4411 notissima
1541 4356 1637 4411 autem
1649 4369 1751 4412 earum
1760 4354 1810 4412 tle·

124 4451 218 4509 tiones
227 4451 326 4523 legum
335 4447 459 4522 idipsum
468 4447 649 4520 prohibeant,
661 4451 690 4504 et
698 4448 860 4521 apostolica
867 4448 942 4506 sedis
991 4449 1100 4506 ducunt
1111 4449 1147 4505 ad
1165 4452 1289 4506 mortem
1311 4449 1399 4521 (Pron
1419 4464 1477 4517 ιιι,
1498 4447 1552 4521 ta).
1567 4468 1582 4501 u
1598 4449 1653 4505 Nos
1666 4447 1747 4505 enim
1760 4446 1811 4523 qni

123 4545 275 4603 auctoritas
287 4543 412 4616 idipsum
425 4541 487 4598 fieri
501 4546 586 4598 vetet.
609 4542 788 4614 Praeceptum
802 4546 845 4599 est
862 4559 940 4616 ergo,
991 4544 1054 4600 haec
1073 4542 1210 4616 patimur,
1228 4541 1336 4615 judicio
1350 4543 1401 4598 Dei
1412 4543 1473 4599 hac
1496 4558 1640 4599 reservare
1658 4542 1809 4613 debemus,

124 4640 154 4695 in
178 4637 303 4710 antiquis
318 4636 441 4707 statutis,
458 4636 606 4710 episcopos
616 4636 723 4707 ejectos
735 4639 822 4710 atque
830 4637 888 4692 suis
896 4654 941 4694 re-
992 4635 1476 4711 quireddctunicniquesecundum
1487 4636 1809 4709 operaejus.Quietiam

123 4732 177 4789 bns
187 4730 363 4804 exspoliatos,
377 4731 408 4785 in
422 4729 552 4786 Ecclesiis
564 4728 685 4802 propriis
697 4729 794 4802 recipi,
807 4735 835 4787 et
848 4730 941 4802 primo
991 4746 1043 4802 per
1051 4730 1195 4787 ministros
1207 4747 1272 4787 suos
1281 4731 1408 4788 intonuit
1419 4731 1533 4787 dicens:
1544 4751 1559 4782 u
1568 4729 1636 4787 itini
1644 4729 1808 4800 vindictam,

124 4841 175 4882 sua
186 4824 283 4882 omnia
297 4824 336 4881 eis
351 4823 442 4894 reddi,
463 4827 493 4880 et
507 4823 625 4880 demum
641 4840 711 4896 quos
734 4840 782 4880 eos
800 4823 876 4896 juste
894 4841 941 4880 ac·
992 4840 1045 4896 ego
1060 4824 1216 4881 retribuam
1239 4826 1323 4896 (Dora.
1340 4840 1389 4893 ιιι,
1407 4824 1460 4897 te).
1484 4845 1498 4873 u
1516 4824 1572 4880 Vos
1584 4823 1662 4880 enirn
1680 4823 1714 4880 in
1734 4827 1810 4881 recta

109 4936 222 4977 ‘eusare
235 4919 357 4974 voluerit
375 4934 459 4991 aequo
477 4917 603 4990 periculo
624 4918 728 4974 facere.
752 4917 862 4974 ludices
881 4934 981 5034 esseD
991 4918 1048 4974 fide
1062 4922 1091 4975 et
1102 4934 1186 4991 opere
1199 4936 1232 4974 ao
1246 4919 1322 4975 bona
1337 4918 1482 4974 voluntate
1504 4917 1659 4974 succurrite
1673 4916 1807 4987 vicissim,

123 5014 318 5084 derementea
335 5011 482 5086 episcopos
496 5016 574 5068 recta
592 5012 743 5084 sapientes,
763 5015 792 5068 et
804 5011 834 5066 in
847 5012 941 5069 Eccle·
991 5029 1045 5069 nec
1058 5012 1187 5085 aliquisa
1201 5013 1398 5085 supplemento
1411 5010 1506 5068 fratris
1521 5010 1668 5067 subtrahat
1675 5022 1808 5077 manum,

123 5106 165 5164 sia
188 5106 388 5163 convenientes
407 5105 457 5161 nbi
477 5109 563 5161 testes
586 5109 682 5162 essent
694 5104 871 5178 singulorum
893 5106 943 5179 qni
992 5107 1128 5178 quoniam
1144 5106 1175 5162 in
1189 5107 1244 5163 hoe
1264 5106 1303 5162 ait
1318 5105 1471 5161 Dominus:
1488 5105 1696 5177 «cognoscent
1708 5117 1808 5160 omnes

123 5200 250 5274 oppressi
261 5198 442 5255 videbantur.
466 5199 522 5254 Nec
534 5197 614 5271 prius
630 5214 679 5255 eos
697 5199 870 5272 respondere
889 5199 941 5255 de·
991 5199 1060 5273 quia
1077 5196 1133 5256 mei
1155 5200 1221 5255 estis
1238 5198 1377 5272 discipuli,
1400 5197 1423 5253 si
1442 5197 1625 5255 dilectionem
1651 5195 1809 5253 habueritis

122 5295 190 5352 bere
205 5309 292 5367 quarn
302 5291 400 5348 omnia
412 5308 464 5349 sua
478 5291 518 5348 eis
532 5296 562 5348 et
576 5291 705 5348 Ecclesiis
717 5308 817 5349 eorum
829 5292 942 5365 legibus
990 5293 1025 5348 ad
1039 5293 1161 5349 invicem
1175 5291 1262 5364 (loon.
1277 5309 1337 5362 xm,
1354 5293 1412 5366 35);
1428 5313 1443 5344 a
1457 5293 1534 5349 unde
1552 5294 1581 5347 et
1594 5291 1655 5364 ipse
1668 5306 1725 5363 per
1737 5291 1806 5346 Pro·

121 5386 307 5462 integerrime
317 5386 514 5442 restituantur.
529 5386 585 5442 Nee
598 5385 714 5455 mirum,
727 5384 838 5456 fratres,
854 5386 878 5442 si
893 5403 941 5443 vos
989 5387 1105 5459 phetam
1125 5386 1263 5459 loquitur,
1287 5388 1404 5443 dicem:
1423 5407 1437 5438 u
1452 5388 1523 5442 Ecce
1543 5400 1630 5458 quam
1648 5383 1759 5440 bonnm
1780 5387 1809 5440 et

122 5485 407 5556 persequunturcnm
422 5481 618 5551 eaputrerum
631 5479 939 5537 ChristumDominum
989 5496 1075 5554 quam
1089 5481 1250 5553 jucundum
1280 5479 1407 5538 habitare
1433 5482 1533 5536 fratres
1557 5479 1587 5534 in
1612 5493 1705 5536 unum
1723 5477 1808 5551 (Ptol.

121 5579 254 5632 nostrum
280 5590 369 5648 nsque
394 5572 430 5630 ad
457 5575 580 5630 mortem
609 5577 675 5630 sunt
697 5573 846 5646 persecuti.
868 5574 939 5647 ipsas
987 5588 1092 5644 cxxxii,
1113 5575 1177 5648 1).»
1195 5573 1317 5647 Spiritali
1338 5574 1401 5630 dico
1424 5572 1584 5630 habitaculo
1604 5576 1634 5629 et
1655 5569 1808 5628 concordia

120 5671 217 5726 nmen
238 5667 449 5743 persecutiones
469 5668 610 5738 patienter
630 5667 783 5741 portanda
803 5673 883 5739 sunt,
908 5673 939 5727 ut
987 5683 1053 5742 qnae
1074 5670 1105 5726 in
1122 5671 1179 5727 Deo
1202 5672 1244 5725 est
1262 5673 1292 5725 et
1304 5667 1413 5726 unitate
1434 5666 1509 5736 fidei,
1529 5666 1614 5739 htrjus
1637 5663 1809 5723 delectabilis

122 5761 326 5837 ejusdiseipuli
343 5780 404 5822 esse
426 5762 649 5838 cognoscamini,
669 5778 721 5836 pro
737 5779 795 5838 quo
816 5766 844 5819 et
861 5763 936 5837 pati·
988 5764 1146 5821 secundum
1169 5763 1316 5822 variatam
1345 5760 1501 5821 habitaculi
1525 5776 1589 5837 quae
1619 5758 1752 5818 videlieet
1776 5758 1807 5817 in
