<?xml version="1.0" encoding="UTF-8"?>
<!DOCTYPE html PUBLIC "-//W3C//DTD XHTML 1.0 Transitional//EN"
    "http://www.w3.org/TR/xhtml1/DTD/xhtml1-transitional.dtd">
<html xmlns="http://www.w3.org/1999/xhtml" xml:lang="en" lang="en">
 <head>
  <title>
</title>
<meta http-equiv="Content-Type" content="text/html;charset=utf-8" />
  <meta name='ocr-system' content='tesseract 3.04.00' />
  <meta name='ocr-capabilities' content='ocr_page ocr_carea ocr_par ocr_line ocrx_word'/>
</head>
<body>
  <div class='ocr_page' id='page_1' title='image "./patrologiaecurs03unkngoog_0376.png"; bbox 0 0 3870 6150; ppageno 0'>
   <div class='ocr_carea' id='block_1_1' title="bbox 131 221 1814 304">
    <p class='ocr_par' dir='ltr' id='par_1_1' title="bbox 131 221 1814 304">
     <span class='ocr_line' id='line_1_1' title="bbox 131 221 1814 304; baseline 0.002 -4"><span class='ocrx_word' id='word_1_1' title='bbox 131 237 183 300; x_wconf 76' lang='lat' dir='ltr'>aar</span> <span class='ocrx_word' id='word_1_2' title='bbox 706 221 716 231; x_wconf 83' lang='lat'>&#39;</span> <span class='ocrx_word' id='word_1_3' title='bbox 753 235 991 301; x_wconf 79' lang='lat' dir='ltr'>oscannum</span> <span class='ocrx_word' id='word_1_4' title='bbox 1010 238 1202 301; x_wconf 80' lang='lat' dir='ltr'>contrario.</span> <span class='ocrx_word' id='word_1_5' title='bbox 1763 251 1814 304; x_wconf 79' lang='lat' dir='ltr'>aas</span> 
     </span>
    </p>
   </div>
   <div class='ocr_carea' id='block_1_2' title="bbox 121 352 1817 5870">
    <p class='ocr_par' dir='ltr' id='par_1_2' title="bbox 121 352 1817 5870">
     <span class='ocr_line' id='line_1_2' title="bbox 130 352 1817 441; baseline 0.002 -33"><span class='ocrx_word' id='word_1_6' title='bbox 130 354 156 408; x_wconf 87' lang='lat' dir='ltr'>ei</span> <span class='ocrx_word' id='word_1_7' title='bbox 170 353 201 408; x_wconf 92' lang='lat' dir='ltr'>in</span> <span class='ocrx_word' id='word_1_8' title='bbox 228 353 331 410; x_wconf 84' lang='lat' dir='ltr'>itinere</span> <span class='ocrx_word' id='word_1_9' title='bbox 345 352 491 426; x_wconf 89' lang='lat' dir='ltr'>acciderit,</span> <span class='ocrx_word' id='word_1_10' title='bbox 513 359 547 412; x_wconf 91' lang='grc' dir='ltr'>ιιι</span> <span class='ocrx_word' id='word_1_11' title='bbox 572 370 624 412; x_wconf 88' lang='lat' dir='ltr'>nec</span> <span class='ocrx_word' id='word_1_12' title='bbox 635 354 706 411; x_wconf 83' lang='lat' dir='ltr'>ferri</span> <span class='ocrx_word' id='word_1_13' title='bbox 718 355 755 412; x_wconf 92' lang='lat' dir='ltr'>ad</span> <span class='ocrx_word' id='word_1_14' title='bbox 771 355 946 428; x_wconf 88' lang='lat' dir='ltr'>episcopum,</span> <span class='ocrx_word' id='word_1_15' title='bbox 958 366 988 441; x_wconf 71' lang='grc' dir='ltr'><strong>Α</strong></span> <span class='ocrx_word' id='word_1_16' title='bbox 1032 355 1059 409; x_wconf 77' lang='grc' dir='ltr'>ι.</span> <span class='ocrx_word' id='word_1_17' title='bbox 1077 354 1115 409; x_wconf 83' lang='lat' dir='ltr'>lle</span> <span class='ocrx_word' id='word_1_18' title='bbox 1137 352 1269 408; x_wconf 84' lang='lat' dir='ltr'>uxoribus</span> <span class='ocrx_word' id='word_1_19' title='bbox 1286 352 1464 422; x_wconf 89' lang='lat' dir='ltr'>clericorum,</span> <span class='ocrx_word' id='word_1_20' title='bbox 1484 357 1517 409; x_wconf 89' lang='lat' dir='ltr'>nt</span> <span class='ocrx_word' id='word_1_21' title='bbox 1533 354 1690 426; x_wconf 87' lang='lat' dir='ltr'>virginibus</span> <span class='ocrx_word' id='word_1_22' title='bbox 1707 355 1817 412; x_wconf 89' lang='lat' dir='ltr'>socien-</span> 
     </span>
     <span class='ocr_line' id='line_1_3' title="bbox 130 447 1600 522; baseline 0.001 -21"><span class='ocrx_word' id='word_1_23' title='bbox 130 463 185 502; x_wconf 89' lang='lat' dir='ltr'>ncc</span> <span class='ocrx_word' id='word_1_24' title='bbox 198 447 298 503; x_wconf 80' lang='lat' dir='ltr'>referri</span> <span class='ocrx_word' id='word_1_25' title='bbox 311 448 349 504; x_wconf 90' lang='lat' dir='ltr'>ad</span> <span class='ocrx_word' id='word_1_26' title='bbox 361 465 412 504; x_wconf 90' lang='lat' dir='ltr'>sua</span> <span class='ocrx_word' id='word_1_27' title='bbox 426 449 509 505; x_wconf 87' lang='lat' dir='ltr'>facile</span> <span class='ocrx_word' id='word_1_28' title='bbox 528 449 640 522; x_wconf 79' lang='lat' dir='ltr'>possiti</span> <span class='ocrx_word' id='word_1_29' title='bbox 997 451 1054 517; x_wconf 87' lang='lat' dir='ltr'>tur,</span> <span class='ocrx_word' id='word_1_30' title='bbox 1070 452 1099 502; x_wconf 90' lang='lat' dir='ltr'>et</span> <span class='ocrx_word' id='word_1_31' title='bbox 1110 447 1267 502; x_wconf 90' lang='lat' dir='ltr'>secundam</span> <span class='ocrx_word' id='word_1_32' title='bbox 1281 464 1339 503; x_wconf 91' lang='lat' dir='ltr'>non</span> <span class='ocrx_word' id='word_1_33' title='bbox 1355 447 1459 504; x_wconf 89' lang='lat' dir='ltr'>ducant</span> <span class='ocrx_word' id='word_1_34' title='bbox 1468 464 1600 505; x_wconf 87' lang='lat' dir='ltr'>uxorem.</span> 
     </span>
     <span class='ocr_line' id='line_1_4' title="bbox 164 540 1778 615; baseline 0.003 -21"><span class='ocrx_word' id='word_1_35' title='bbox 164 541 222 597; x_wconf 72' lang='lat' dir='ltr'>vlt.</span> <span class='ocrx_word' id='word_1_36' title='bbox 237 542 277 597; x_wconf 83' lang='lat' dir='ltr'>lle</span> <span class='ocrx_word' id='word_1_37' title='bbox 292 542 494 614; x_wconf 75' lang='lat' dir='ltr'>poenitentibus</span> <span class='ocrx_word' id='word_1_38' title='bbox 506 560 574 599; x_wconf 86' lang='lat' dir='ltr'>vero</span> <span class='ocrx_word' id='word_1_39' title='bbox 589 543 639 615; x_wconf 89' lang='lat' dir='ltr'>qui</span> <span class='ocrx_word' id='word_1_40' title='bbox 652 542 709 597; x_wconf 85' lang='lat' dir='ltr'>sire</span> <span class='ocrx_word' id='word_1_41' title='bbox 724 558 757 598; x_wconf 85' lang='lat' dir='ltr'>ex</span> <span class='ocrx_word' id='word_1_42' title='bbox 770 541 948 614; x_wconf 89' lang='lat' dir='ltr'>gravioribus</span> <span class='ocrx_word' id='word_1_43' title='bbox 1035 545 1060 596; x_wconf 85' lang='grc'>5.</span> <span class='ocrx_word' id='word_1_44' title='bbox 1076 542 1111 596; x_wconf 91' lang='lat' dir='ltr'>Ut</span> <span class='ocrx_word' id='word_1_45' title='bbox 1123 541 1146 595; x_wconf 89' lang='lat' dir='ltr'>si</span> <span class='ocrx_word' id='word_1_46' title='bbox 1157 540 1243 596; x_wconf 90' lang='lat' dir='ltr'>laicus</span> <span class='ocrx_word' id='word_1_47' title='bbox 1255 540 1369 595; x_wconf 88' lang='lat' dir='ltr'>viduam</span> <span class='ocrx_word' id='word_1_48' title='bbox 1381 541 1504 610; x_wconf 87' lang='lat' dir='ltr'>duxerit,</span> <span class='ocrx_word' id='word_1_49' title='bbox 1519 541 1636 597; x_wconf 87' lang='lat' dir='ltr'>clericus</span> <span class='ocrx_word' id='word_1_50' title='bbox 1649 558 1706 598; x_wconf 89' lang='lat' dir='ltr'>nou</span> <span class='ocrx_word' id='word_1_51' title='bbox 1719 542 1778 599; x_wconf 86' lang='lat' dir='ltr'>liat.</span> 
     </span>
     <span class='ocr_line' id='line_1_5' title="bbox 130 634 1814 709; baseline 0.002 -19"><span class='ocrx_word' id='word_1_52' title='bbox 130 635 302 702; x_wconf 83' lang='lat' dir='ltr'>commissis,</span> <span class='ocrx_word' id='word_1_53' title='bbox 325 636 383 692; x_wconf 84' lang='lat' dir='ltr'>sire</span> <span class='ocrx_word' id='word_1_54' title='bbox 403 654 438 693; x_wconf 86' lang='lat' dir='ltr'>ex</span> <span class='ocrx_word' id='word_1_55' title='bbox 453 635 817 709; x_wconf 81' lang='lat' dir='ltr'>levioribnspoenitentiam</span> <span class='ocrx_word' id='word_1_56' title='bbox 833 639 948 707; x_wconf 89' lang='lat' dir='ltr'>gerunt,</span> <span class='ocrx_word' id='word_1_57' title='bbox 1035 637 1060 690; x_wconf 88' lang='lat'>6.</span> <span class='ocrx_word' id='word_1_58' title='bbox 1081 636 1117 690; x_wconf 90' lang='lat' dir='ltr'>Ut</span> <span class='ocrx_word' id='word_1_59' title='bbox 1140 634 1259 690; x_wconf 89' lang='lat' dir='ltr'>clericus</span> <span class='ocrx_word' id='word_1_60' title='bbox 1288 650 1348 690; x_wconf 92' lang='lat' dir='ltr'>non</span> <span class='ocrx_word' id='word_1_61' title='bbox 1378 635 1416 689; x_wconf 94' lang='lat' dir='ltr'>sit</span> <span class='ocrx_word' id='word_1_62' title='bbox 1441 635 1489 707; x_wconf 88' lang='lat' dir='ltr'>qui</span> <span class='ocrx_word' id='word_1_63' title='bbox 1515 635 1670 692; x_wconf 81' lang='lat' dir='ltr'>secundam</span> <span class='ocrx_word' id='word_1_64' title='bbox 1695 653 1814 693; x_wconf 83' lang='lat' dir='ltr'>uxorem</span> 
     </span>
     <span class='ocr_line' id='line_1_6' title="bbox 129 727 1120 803; baseline 0 -20"><span class='ocrx_word' id='word_1_65' title='bbox 129 728 152 783; x_wconf 85' lang='lat' dir='ltr'>si</span> <span class='ocrx_word' id='word_1_66' title='bbox 165 729 247 784; x_wconf 91' lang='lat' dir='ltr'>nulla</span> <span class='ocrx_word' id='word_1_67' title='bbox 260 728 433 785; x_wconf 78' lang='lat' dir='ltr'>interveniat</span> <span class='ocrx_word' id='word_1_68' title='bbox 446 730 597 803; x_wconf 84' lang='lat' dir='ltr'>aegritudo,</span> <span class='ocrx_word' id='word_1_69' title='bbox 615 731 714 802; x_wconf 88' lang='lat' dir='ltr'>quinta</span> <span class='ocrx_word' id='word_1_70' title='bbox 727 729 798 784; x_wconf 82' lang='lat' dir='ltr'>feria</span> <span class='ocrx_word' id='word_1_71' title='bbox 812 733 879 785; x_wconf 90' lang='lat' dir='ltr'>ante</span> <span class='ocrx_word' id='word_1_72' title='bbox 894 731 947 784; x_wconf 89' lang='lat' dir='ltr'>Pa·</span> <span class='ocrx_word' id='word_1_73' title='bbox 998 727 1120 784; x_wconf 83' lang='lat' dir='ltr'>duxerit.</span> 
     </span>
     <span class='ocr_line' id='line_1_7' title="bbox 129 821 1813 896; baseline 0.003 -19"><span class='ocrx_word' id='word_1_74' title='bbox 129 822 248 878; x_wconf 82' lang='lat' dir='ltr'>sabaeis</span> <span class='ocrx_word' id='word_1_75' title='bbox 263 824 466 880; x_wconf 89' lang='lat' dir='ltr'>remittendum</span> <span class='ocrx_word' id='word_1_76' title='bbox 476 825 616 881; x_wconf 74' lang='lat' dir='ltr'>Romanae</span> <span class='ocrx_word' id='word_1_77' title='bbox 628 823 760 879; x_wconf 72' lang='lat' dir='ltr'>Ecclesiae</span> <span class='ocrx_word' id='word_1_78' title='bbox 773 822 948 878; x_wconf 83' lang='lat' dir='ltr'>consuetudo</span> <span class='ocrx_word' id='word_1_79' title='bbox 1034 827 1060 876; x_wconf 81' lang='lat'>7.</span> <span class='ocrx_word' id='word_1_80' title='bbox 1075 822 1111 878; x_wconf 87' lang='lat' dir='ltr'>Ut</span> <span class='ocrx_word' id='word_1_81' title='bbox 1124 821 1240 878; x_wconf 87' lang='lat' dir='ltr'>alterius</span> <span class='ocrx_word' id='word_1_82' title='bbox 1252 821 1387 877; x_wconf 90' lang='lat' dir='ltr'>clericum</span> <span class='ocrx_word' id='word_1_83' title='bbox 1407 822 1502 878; x_wconf 83' lang='lat' dir='ltr'>nubus</span> <span class='ocrx_word' id='word_1_84' title='bbox 1517 823 1666 896; x_wconf 91' lang='lat' dir='ltr'>episcopus</span> <span class='ocrx_word' id='word_1_85' title='bbox 1678 824 1813 882; x_wconf 88' lang='lat' dir='ltr'>ordinare</span> 
     </span>
     <span class='ocr_line' id='line_1_8' title="bbox 128 902 1128 991; baseline 0 -21"><span class='ocrx_word' id='word_1_86' title='bbox 128 915 319 971; x_wconf 86' lang='lat' dir='ltr'>demonstrat.</span> <span class='ocrx_word' id='word_1_87' title='bbox 330 902 472 973; x_wconf 76' lang='lat' dir='ltr'>Caeterum</span> <span class='ocrx_word' id='word_1_88' title='bbox 480 917 516 973; x_wconf 92' lang='lat' dir='ltr'>de</span> <span class='ocrx_word' id='word_1_89' title='bbox 525 918 651 991; x_wconf 89' lang='lat' dir='ltr'>pondere</span> <span class='ocrx_word' id='word_1_90' title='bbox 659 916 826 972; x_wconf 78' lang='lat' dir='ltr'>estimando</span> <span class='ocrx_word' id='word_1_91' title='bbox 834 915 948 972; x_wconf 78' lang='lat' dir='ltr'>delicto</span> <span class='ocrx_word' id='word_1_92' title='bbox 997 920 1128 988; x_wconf 82' lang='lat' dir='ltr'>usurpet.</span> 
     </span>
     <span class='ocr_line' id='line_1_9' title="bbox 128 1008 1814 1081; baseline 0.004 -18"><span class='ocrx_word' id='word_1_93' title='bbox 128 1024 196 1064; x_wconf 91' lang='lat' dir='ltr'>rum</span> <span class='ocrx_word' id='word_1_94' title='bbox 209 1009 363 1065; x_wconf 87' lang='lat' dir='ltr'>sacerdotis</span> <span class='ocrx_word' id='word_1_95' title='bbox 376 1013 419 1065; x_wconf 89' lang='lat' dir='ltr'>est</span> <span class='ocrx_word' id='word_1_96' title='bbox 433 1011 572 1081; x_wconf 91' lang='lat' dir='ltr'>judicare,</span> <span class='ocrx_word' id='word_1_97' title='bbox 588 1015 622 1066; x_wconf 90' lang='lat' dir='ltr'>ut</span> <span class='ocrx_word' id='word_1_98' title='bbox 635 1009 766 1066; x_wconf 88' lang='lat' dir='ltr'>attendat</span> <span class='ocrx_word' id='word_1_99' title='bbox 784 1008 821 1064; x_wconf 93' lang='lat' dir='ltr'>ad</span> <span class='ocrx_word' id='word_1_100' title='bbox 835 1009 947 1064; x_wconf 86' lang='lat' dir='ltr'>conlas-</span> <span class='ocrx_word' id='word_1_101' title='bbox 1033 1013 1060 1065; x_wconf 87' lang='lat'>8.</span> <span class='ocrx_word' id='word_1_102' title='bbox 1075 1011 1110 1065; x_wconf 91' lang='lat' dir='ltr'>Ut</span> <span class='ocrx_word' id='word_1_103' title='bbox 1124 1024 1181 1064; x_wconf 90' lang='lat' dir='ltr'>uon</span> <span class='ocrx_word' id='word_1_104' title='bbox 1195 1008 1409 1081; x_wconf 75' lang='lat' dir='ltr'>rebaptizentur</span> <span class='ocrx_word' id='word_1_105' title='bbox 1420 1008 1495 1081; x_wconf 88' lang='lat' dir='ltr'>quia</span> <span class='ocrx_word' id='word_1_106' title='bbox 1509 1009 1670 1066; x_wconf 82' lang='lat' dir='ltr'>Neratianis</span> <span class='ocrx_word' id='word_1_107' title='bbox 1684 1013 1727 1069; x_wconf 89' lang='lat' dir='ltr'>vel</span> <span class='ocrx_word' id='word_1_108' title='bbox 1739 1014 1814 1069; x_wconf 83' lang='lat' dir='ltr'>lton·</span> 
     </span>
     <span class='ocr_line' id='line_1_10' title="bbox 128 1102 1266 1181; baseline 0.002 -25"><span class='ocrx_word' id='word_1_109' title='bbox 128 1104 242 1157; x_wconf 89' lang='lat' dir='ltr'>sionem</span> <span class='ocrx_word' id='word_1_110' title='bbox 257 1102 431 1176; x_wconf 72' lang='lat' dir='ltr'>paenitentis,</span> <span class='ocrx_word' id='word_1_111' title='bbox 445 1107 473 1159; x_wconf 90' lang='lat' dir='ltr'>et</span> <span class='ocrx_word' id='word_1_112' title='bbox 485 1104 521 1181; x_wconf 78' lang='lat' dir='ltr'>ad</span> <span class='ocrx_word' id='word_1_113' title='bbox 538 1103 621 1160; x_wconf 85' lang='lat' dir='ltr'>ssatus</span> <span class='ocrx_word' id='word_1_114' title='bbox 631 1107 718 1176; x_wconf 83' lang='lat' dir='ltr'>atque</span> <span class='ocrx_word' id='word_1_115' title='bbox 732 1104 875 1175; x_wconf 77' lang='lat' dir='ltr'>lacrymas</span> <span class='ocrx_word' id='word_1_116' title='bbox 888 1119 949 1158; x_wconf 90' lang='lat' dir='ltr'>cor·</span> <span class='ocrx_word' id='word_1_117' title='bbox 997 1103 1124 1160; x_wconf 87' lang='lat' dir='ltr'>tensibus</span> <span class='ocrx_word' id='word_1_118' title='bbox 1137 1102 1266 1158; x_wconf 87' lang='lat' dir='ltr'>veniunt.</span> 
     </span>
     <span class='ocr_line' id='line_1_11' title="bbox 127 1195 1814 1268; baseline 0.004 -18"><span class='ocrx_word' id='word_1_119' title='bbox 127 1195 260 1268; x_wconf 87' lang='lat' dir='ltr'>rigentis,</span> <span class='ocrx_word' id='word_1_120' title='bbox 274 1213 307 1251; x_wconf 88' lang='lat' dir='ltr'>ac</span> <span class='ocrx_word' id='word_1_121' title='bbox 328 1202 389 1253; x_wconf 90' lang='lat' dir='ltr'>tum</span> <span class='ocrx_word' id='word_1_122' title='bbox 401 1197 504 1268; x_wconf 84' lang='lat' dir='ltr'>jubere</span> <span class='ocrx_word' id='word_1_123' title='bbox 526 1197 641 1266; x_wconf 90' lang='lat' dir='ltr'>dimitti,</span> <span class='ocrx_word' id='word_1_124' title='bbox 665 1213 732 1254; x_wconf 89' lang='lat' dir='ltr'>cnm</span> <span class='ocrx_word' id='word_1_125' title='bbox 755 1196 860 1252; x_wconf 90' lang='lat' dir='ltr'>viderit</span> <span class='ocrx_word' id='word_1_126' title='bbox 880 1213 946 1252; x_wconf 91' lang='lat' dir='ltr'>con·</span> <span class='ocrx_word' id='word_1_127' title='bbox 1034 1200 1060 1253; x_wconf 84' lang='lat'>9.</span> <span class='ocrx_word' id='word_1_128' title='bbox 1074 1198 1111 1252; x_wconf 90' lang='lat' dir='ltr'>Ut</span> <span class='ocrx_word' id='word_1_129' title='bbox 1123 1195 1286 1253; x_wconf 89' lang='lat' dir='ltr'>sacerdotes</span> <span class='ocrx_word' id='word_1_130' title='bbox 1303 1201 1332 1253; x_wconf 88' lang='lat' dir='ltr'>et</span> <span class='ocrx_word' id='word_1_131' title='bbox 1349 1197 1441 1253; x_wconf 79' lang='lat' dir='ltr'>levitae</span> <span class='ocrx_word' id='word_1_132' title='bbox 1455 1214 1521 1254; x_wconf 91' lang='lat' dir='ltr'>cum</span> <span class='ocrx_word' id='word_1_133' title='bbox 1539 1197 1709 1254; x_wconf 88' lang='lat' dir='ltr'>mulieribus</span> <span class='ocrx_word' id='word_1_134' title='bbox 1723 1200 1814 1256; x_wconf 87' lang='lat' dir='ltr'>cobae·</span> 
     </span>
     <span class='ocr_line' id='line_1_12' title="bbox 125 1289 1275 1364; baseline 0 -19"><span class='ocrx_word' id='word_1_135' title='bbox 125 1306 234 1361; x_wconf 86' lang='lat' dir='ltr'>gmam</span> <span class='ocrx_word' id='word_1_136' title='bbox 246 1290 474 1347; x_wconf 79' lang='lat' dir='ltr'>satisfactionem.</span> <span class='ocrx_word' id='word_1_137' title='bbox 496 1291 569 1348; x_wconf 85' lang='lat' dir='ltr'>Sana</span> <span class='ocrx_word' id='word_1_138' title='bbox 582 1292 605 1346; x_wconf 91' lang='lat' dir='ltr'>si</span> <span class='ocrx_word' id='word_1_139' title='bbox 620 1291 684 1364; x_wconf 89' lang='lat' dir='ltr'>quis</span> <span class='ocrx_word' id='word_1_140' title='bbox 699 1290 729 1346; x_wconf 91' lang='lat' dir='ltr'>in</span> <span class='ocrx_word' id='word_1_141' title='bbox 745 1289 947 1362; x_wconf 72' lang='lat' dir='ltr'>egritudinem</span> <span class='ocrx_word' id='word_1_142' title='bbox 997 1307 1061 1348; x_wconf 89' lang='lat' dir='ltr'>rere</span> <span class='ocrx_word' id='word_1_143' title='bbox 1070 1307 1128 1346; x_wconf 91' lang='lat' dir='ltr'>non</span> <span class='ocrx_word' id='word_1_144' title='bbox 1142 1290 1275 1346; x_wconf 87' lang='lat' dir='ltr'>debcant.</span> 
     </span>
     <span class='ocr_line' id='line_1_13' title="bbox 121 1383 1812 1461; baseline 0.004 -23"><span class='ocrx_word' id='word_1_145' title='bbox 121 1383 271 1452; x_wconf 82' lang='lat' dir='ltr'>inciderit,</span> <span class='ocrx_word' id='word_1_146' title='bbox 289 1386 375 1456; x_wconf 87' lang='lat' dir='ltr'>atque</span> <span class='ocrx_word' id='word_1_147' title='bbox 398 1385 536 1457; x_wconf 91' lang='lat' dir='ltr'>usquead</span> <span class='ocrx_word' id='word_1_148' title='bbox 550 1384 778 1456; x_wconf 84' lang='lat' dir='ltr'>desperationem</span> <span class='ocrx_word' id='word_1_149' title='bbox 792 1383 946 1451; x_wconf 83' lang='lat' dir='ltr'>devenerit,</span> <span class='ocrx_word' id='word_1_150' title='bbox 1035 1388 1077 1440; x_wconf 82' lang='lat' dir='ltr'>ro.</span> <span class='ocrx_word' id='word_1_151' title='bbox 1094 1386 1129 1440; x_wconf 89' lang='lat' dir='ltr'>Ut</span> <span class='ocrx_word' id='word_1_152' title='bbox 1142 1385 1310 1456; x_wconf 88' lang='lat' dir='ltr'>monachus,</span> <span class='ocrx_word' id='word_1_153' title='bbox 1325 1384 1478 1440; x_wconf 90' lang='lat' dir='ltr'>siclericus</span> <span class='ocrx_word' id='word_1_154' title='bbox 1489 1386 1582 1441; x_wconf 84' lang='lat' dir='ltr'>factus</span> <span class='ocrx_word' id='word_1_155' title='bbox 1594 1386 1690 1455; x_wconf 83' lang='lat' dir='ltr'>luerit,</span> <span class='ocrx_word' id='word_1_156' title='bbox 1705 1403 1812 1461; x_wconf 91' lang='lat' dir='ltr'>propo·</span> 
     </span>
     <span class='ocr_line' id='line_1_14' title="bbox 127 1477 1438 1550; baseline 0.002 -19"><span class='ocrx_word' id='word_1_157' title='bbox 127 1477 155 1531; x_wconf 92' lang='lat' dir='ltr'>ei</span> <span class='ocrx_word' id='word_1_158' title='bbox 174 1480 299 1533; x_wconf 82' lang='lat' dir='ltr'>estante</span> <span class='ocrx_word' id='word_1_159' title='bbox 320 1483 435 1550; x_wconf 88' lang='lat' dir='ltr'>tempus</span> <span class='ocrx_word' id='word_1_160' title='bbox 451 1478 565 1534; x_wconf 84' lang='lat' dir='ltr'>Paschae</span> <span class='ocrx_word' id='word_1_161' title='bbox 583 1478 781 1546; x_wconf 85' lang='lat' dir='ltr'>relaxandum,</span> <span class='ocrx_word' id='word_1_162' title='bbox 793 1493 829 1533; x_wconf 90' lang='lat' dir='ltr'>ue</span> <span class='ocrx_word' id='word_1_163' title='bbox 845 1477 881 1534; x_wconf 87' lang='lat' dir='ltr'>de</span> <span class='ocrx_word' id='word_1_164' title='bbox 895 1493 946 1533; x_wconf 75' lang='lat' dir='ltr'>sas·</span> <span class='ocrx_word' id='word_1_165' title='bbox 997 1479 1084 1534; x_wconf 90' lang='lat' dir='ltr'>situm</span> <span class='ocrx_word' id='word_1_166' title='bbox 1097 1493 1181 1532; x_wconf 90' lang='lat' dir='ltr'>suurn</span> <span class='ocrx_word' id='word_1_167' title='bbox 1198 1493 1309 1533; x_wconf 76' lang='lat' dir='ltr'>serame</span> <span class='ocrx_word' id='word_1_168' title='bbox 1324 1477 1438 1533; x_wconf 88' lang='lat' dir='ltr'>debeat.</span> 
     </span>
     <span class='ocr_line' id='line_1_15' title="bbox 126 1570 1814 1646; baseline 0.003 -21"><span class='ocrx_word' id='word_1_169' title='bbox 126 1571 192 1626; x_wconf 89' lang='lat' dir='ltr'>culo</span> <span class='ocrx_word' id='word_1_170' title='bbox 203 1571 312 1644; x_wconf 87' lang='lat' dir='ltr'>absque</span> <span class='ocrx_word' id='word_1_171' title='bbox 326 1572 529 1628; x_wconf 87' lang='lat' dir='ltr'>communione</span> <span class='ocrx_word' id='word_1_172' title='bbox 543 1572 679 1628; x_wconf 87' lang='lat' dir='ltr'>discedat.</span> <span class='ocrx_word' id='word_1_173' title='bbox 1035 1575 1078 1627; x_wconf 88' lang='lat' dir='ltr'>ll.</span> <span class='ocrx_word' id='word_1_174' title='bbox 1101 1572 1137 1627; x_wconf 89' lang='lat' dir='ltr'>Ut</span> <span class='ocrx_word' id='word_1_175' title='bbox 1163 1587 1198 1625; x_wconf 88' lang='lat' dir='ltr'>ex</span> <span class='ocrx_word' id='word_1_176' title='bbox 1224 1570 1379 1626; x_wconf 89' lang='lat' dir='ltr'>curialibus</span> <span class='ocrx_word' id='word_1_177' title='bbox 1403 1570 1522 1626; x_wconf 91' lang='lat' dir='ltr'>clericus</span> <span class='ocrx_word' id='word_1_178' title='bbox 1548 1588 1607 1628; x_wconf 91' lang='lat' dir='ltr'>non</span> <span class='ocrx_word' id='word_1_179' title='bbox 1628 1573 1678 1629; x_wconf 86' lang='lat' dir='ltr'>liat</span> <span class='ocrx_word' id='word_1_180' title='bbox 1696 1579 1814 1646; x_wconf 88' lang='lat' dir='ltr'>propter</span> 
     </span>
     <span class='ocr_line' id='line_1_16' title="bbox 161 1663 1815 1741; baseline 0.002 -20"><span class='ocrx_word' id='word_1_181' title='bbox 161 1665 231 1722; x_wconf 84' lang='lat' dir='ltr'>Vlll.</span> <span class='ocrx_word' id='word_1_182' title='bbox 245 1664 320 1720; x_wconf 86' lang='lat' dir='ltr'>Sane</span> <span class='ocrx_word' id='word_1_183' title='bbox 337 1666 474 1737; x_wconf 90' lang='lat' dir='ltr'>quoniam</span> <span class='ocrx_word' id='word_1_184' title='bbox 488 1663 523 1720; x_wconf 91' lang='lat' dir='ltr'>de</span> <span class='ocrx_word' id='word_1_185' title='bbox 536 1665 590 1721; x_wconf 90' lang='lat' dir='ltr'>hoc</span> <span class='ocrx_word' id='word_1_186' title='bbox 604 1664 688 1721; x_wconf 88' lang='lat' dir='ltr'>sicuti</span> <span class='ocrx_word' id='word_1_187' title='bbox 701 1663 737 1720; x_wconf 87' lang='lat' dir='ltr'>dc</span> <span class='ocrx_word' id='word_1_188' title='bbox 752 1663 862 1720; x_wconf 86' lang='lat' dir='ltr'>caeteris</span> <span class='ocrx_word' id='word_1_189' title='bbox 875 1681 945 1721; x_wconf 89' lang='lat' dir='ltr'>con·</span> <span class='ocrx_word' id='word_1_190' title='bbox 999 1665 1156 1737; x_wconf 86' lang='lat' dir='ltr'>voluptates</span> <span class='ocrx_word' id='word_1_191' title='bbox 1170 1681 1242 1737; x_wconf 88' lang='lat' dir='ltr'>quas</span> <span class='ocrx_word' id='word_1_192' title='bbox 1254 1681 1271 1719; x_wconf 93' lang='lat' dir='ltr'>a</span> <span class='ocrx_word' id='word_1_193' title='bbox 1281 1665 1394 1721; x_wconf 90' lang='lat' dir='ltr'>diabolo</span> <span class='ocrx_word' id='word_1_194' title='bbox 1409 1664 1538 1721; x_wconf 88' lang='lat' dir='ltr'>inventas</span> <span class='ocrx_word' id='word_1_195' title='bbox 1549 1665 1683 1723; x_wconf 83' lang='lat' dir='ltr'>exhibere</span> <span class='ocrx_word' id='word_1_196' title='bbox 1693 1670 1815 1741; x_wconf 88' lang='lat' dir='ltr'>compel-</span> 
     </span>
     <span class='ocr_line' id='line_1_17' title="bbox 125 1740 1072 1831; baseline 0.001 -19"><span class='ocrx_word' id='word_1_197' title='bbox 125 1758 223 1813; x_wconf 91' lang='lat' dir='ltr'>sulere</span> <span class='ocrx_word' id='word_1_198' title='bbox 236 1758 324 1814; x_wconf 88' lang='lat' dir='ltr'>voluit</span> <span class='ocrx_word' id='word_1_199' title='bbox 340 1758 454 1815; x_wconf 90' lang='lat' dir='ltr'>dilectio</span> <span class='ocrx_word' id='word_1_200' title='bbox 469 1760 529 1830; x_wconf 90' lang='lat' dir='ltr'>tua,</span> <span class='ocrx_word' id='word_1_201' title='bbox 545 1758 649 1831; x_wconf 89' lang='lat' dir='ltr'>adjecit</span> <span class='ocrx_word' id='word_1_202' title='bbox 663 1758 749 1814; x_wconf 89' lang='lat' dir='ltr'>ctiam</span> <span class='ocrx_word' id='word_1_203' title='bbox 766 1758 840 1814; x_wconf 86' lang='lat' dir='ltr'>tilius</span> <span class='ocrx_word' id='word_1_204' title='bbox 851 1775 943 1827; x_wconf 89' lang='lat' dir='ltr'>meus,</span> <span class='ocrx_word' id='word_1_205' title='bbox 954 1740 984 1814; x_wconf 86' lang='grc' dir='ltr'><strong>Β</strong></span> <span class='ocrx_word' id='word_1_206' title='bbox 995 1759 1072 1814; x_wconf 92' lang='lat' dir='ltr'>litur.</span> 
     </span>
     <span class='ocr_line' id='line_1_18' title="bbox 124 1851 1812 1928; baseline 0.001 -18"><span class='ocrx_word' id='word_1_207' title='bbox 124 1851 305 1922; x_wconf 78' lang='lat' dir='ltr'>Coelestinus,</span> <span class='ocrx_word' id='word_1_208' title='bbox 322 1851 475 1921; x_wconf 90' lang='lat' dir='ltr'>diaconus,</span> <span class='ocrx_word' id='word_1_209' title='bbox 496 1853 527 1907; x_wconf 93' lang='lat' dir='ltr'>in</span> <span class='ocrx_word' id='word_1_210' title='bbox 542 1852 662 1925; x_wconf 85' lang='lat' dir='ltr'>epistola</span> <span class='ocrx_word' id='word_1_211' title='bbox 678 1868 800 1909; x_wconf 88' lang='lat' dir='ltr'>suaesse</span> <span class='ocrx_word' id='word_1_212' title='bbox 814 1869 831 1906; x_wconf 92' lang='lat' dir='ltr'>a</span> <span class='ocrx_word' id='word_1_213' title='bbox 844 1854 892 1908; x_wconf 90' lang='lat' dir='ltr'>tua</span> <span class='ocrx_word' id='word_1_214' title='bbox 905 1852 946 1908; x_wconf 92' lang='lat' dir='ltr'>di·</span> <span class='ocrx_word' id='word_1_215' title='bbox 1032 1855 1074 1908; x_wconf 70' lang='lat' dir='ltr'>lt.</span> <span class='ocrx_word' id='word_1_216' title='bbox 1091 1852 1129 1907; x_wconf 86' lang='lat' dir='ltr'>De</span> <span class='ocrx_word' id='word_1_217' title='bbox 1146 1852 1303 1924; x_wconf 91' lang='lat' dir='ltr'>virginibus</span> <span class='ocrx_word' id='word_1_218' title='bbox 1318 1852 1414 1922; x_wconf 89' lang='lat' dir='ltr'>sacris,</span> <span class='ocrx_word' id='word_1_219' title='bbox 1429 1852 1451 1907; x_wconf 91' lang='lat' dir='ltr'>si</span> <span class='ocrx_word' id='word_1_220' title='bbox 1467 1853 1554 1924; x_wconf 80' lang='lat' dir='ltr'>lapsae</span> <span class='ocrx_word' id='word_1_221' title='bbox 1574 1853 1692 1919; x_wconf 85' lang='lat' dir='ltr'>fuerint,</span> <span class='ocrx_word' id='word_1_222' title='bbox 1709 1860 1743 1910; x_wconf 90' lang='lat' dir='ltr'>ut</span> <span class='ocrx_word' id='word_1_223' title='bbox 1762 1873 1812 1928; x_wconf 91' lang='lat' dir='ltr'>pn·</span> 
     </span>
     <span class='ocr_line' id='line_1_19' title="bbox 124 1945 1245 2019; baseline 0.001 -18"><span class='ocrx_word' id='word_1_224' title='bbox 124 1945 250 2002; x_wconf 83' lang='lat' dir='ltr'>lectione</span> <span class='ocrx_word' id='word_1_225' title='bbox 269 1946 392 2019; x_wconf 91' lang='lat' dir='ltr'>positum</span> <span class='ocrx_word' id='word_1_226' title='bbox 407 1946 479 2002; x_wconf 93' lang='lat' dir='ltr'>illud</span> <span class='ocrx_word' id='word_1_227' title='bbox 492 1947 570 2019; x_wconf 85' lang='lat' dir='ltr'>quod</span> <span class='ocrx_word' id='word_1_228' title='bbox 590 1946 618 2001; x_wconf 93' lang='lat' dir='ltr'>in</span> <span class='ocrx_word' id='word_1_229' title='bbox 634 1947 756 2019; x_wconf 88' lang='lat' dir='ltr'>apostoli</span> <span class='ocrx_word' id='word_1_230' title='bbox 769 1945 865 2003; x_wconf 79' lang='lat' dir='ltr'>iacobi</span> <span class='ocrx_word' id='word_1_231' title='bbox 877 1945 943 2019; x_wconf 91' lang='lat' dir='ltr'>Epi·</span> <span class='ocrx_word' id='word_1_232' title='bbox 993 1945 1067 2002; x_wconf 89' lang='lat' dir='ltr'>blicc</span> <span class='ocrx_word' id='word_1_233' title='bbox 1086 1947 1245 2018; x_wconf 86' lang='lat' dir='ltr'>nupserint.</span> 
     </span>
     <span class='ocr_line' id='line_1_20' title="bbox 123 2039 1737 2113; baseline 0.001 -19"><span class='ocrx_word' id='word_1_234' title='bbox 123 2041 200 2096; x_wconf 84' lang='lat' dir='ltr'>stola</span> <span class='ocrx_word' id='word_1_235' title='bbox 212 2040 404 2111; x_wconf 89' lang='lat' dir='ltr'>conscriptum</span> <span class='ocrx_word' id='word_1_236' title='bbox 422 2045 487 2096; x_wconf 87' lang='lat' dir='ltr'>est:</span> <span class='ocrx_word' id='word_1_237' title='bbox 514 2061 528 2090; x_wconf 90' lang='lat'>«</span> <span class='ocrx_word' id='word_1_238' title='bbox 545 2040 709 2096; x_wconf 87' lang='lat' dir='ltr'>lufirmatur</span> <span class='ocrx_word' id='word_1_239' title='bbox 722 2040 787 2113; x_wconf 89' lang='lat' dir='ltr'>quis</span> <span class='ocrx_word' id='word_1_240' title='bbox 801 2040 831 2095; x_wconf 92' lang='lat' dir='ltr'>in</span> <span class='ocrx_word' id='word_1_241' title='bbox 845 2039 945 2096; x_wconf 77' lang='lat' dir='ltr'>vobis?</span> <span class='ocrx_word' id='word_1_242' title='bbox 1032 2042 1073 2096; x_wconf 74' lang='lat' dir='ltr'>lt.</span> <span class='ocrx_word' id='word_1_243' title='bbox 1091 2042 1131 2095; x_wconf 83' lang='lat' dir='ltr'>lle</span> <span class='ocrx_word' id='word_1_244' title='bbox 1146 2040 1303 2112; x_wconf 87' lang='lat' dir='ltr'>virginibus</span> <span class='ocrx_word' id='word_1_245' title='bbox 1322 2056 1380 2095; x_wconf 93' lang='lat' dir='ltr'>non</span> <span class='ocrx_word' id='word_1_246' title='bbox 1390 2039 1497 2109; x_wconf 90' lang='lat' dir='ltr'>relatis,</span> <span class='ocrx_word' id='word_1_247' title='bbox 1511 2039 1534 2095; x_wconf 93' lang='lat' dir='ltr'>si</span> <span class='ocrx_word' id='word_1_248' title='bbox 1550 2040 1737 2097; x_wconf 84' lang='lat' dir='ltr'>deviaverint.</span> 
     </span>
     <span class='ocr_line' id='line_1_21' title="bbox 121 2132 1813 2207; baseline 0.002 -19"><span class='ocrx_word' id='word_1_249' title='bbox 121 2132 243 2189; x_wconf 84' lang='lat' dir='ltr'>inducat</span> <span class='ocrx_word' id='word_1_250' title='bbox 260 2132 453 2206; x_wconf 81' lang='lat' dir='ltr'>presbyteros,</span> <span class='ocrx_word' id='word_1_251' title='bbox 474 2139 503 2189; x_wconf 88' lang='lat' dir='ltr'>et</span> <span class='ocrx_word' id='word_1_252' title='bbox 518 2137 601 2190; x_wconf 89' lang='lat' dir='ltr'>orent</span> <span class='ocrx_word' id='word_1_253' title='bbox 620 2150 706 2206; x_wconf 90' lang='lat' dir='ltr'>super</span> <span class='ocrx_word' id='word_1_254' title='bbox 720 2151 788 2190; x_wconf 92' lang='lat' dir='ltr'>eum</span> <span class='ocrx_word' id='word_1_255' title='bbox 803 2139 944 2207; x_wconf 88' lang='lat' dir='ltr'>ungentes</span> <span class='ocrx_word' id='word_1_256' title='bbox 1031 2134 1813 2207; x_wconf 80' lang='lat' dir='ltr'>lnnocsnrrustlrcronrcoepiscopollotbomagensisalu·</span> 
     </span>
     <span class='ocr_line' id='line_1_22' title="bbox 123 2226 1064 2298; baseline -0.003 -15"><span class='ocrx_word' id='word_1_257' title='bbox 123 2243 196 2283; x_wconf 83' lang='lat' dir='ltr'>eum</span> <span class='ocrx_word' id='word_1_258' title='bbox 210 2226 276 2283; x_wconf 88' lang='lat' dir='ltr'>oleo</span> <span class='ocrx_word' id='word_1_259' title='bbox 291 2227 320 2282; x_wconf 92' lang='lat' dir='ltr'>in</span> <span class='ocrx_word' id='word_1_260' title='bbox 331 2227 448 2283; x_wconf 88' lang='lat' dir='ltr'>nomine</span> <span class='ocrx_word' id='word_1_261' title='bbox 459 2226 590 2298; x_wconf 84' lang='lat' dir='ltr'>[lomini3</span> <span class='ocrx_word' id='word_1_262' title='bbox 607 2232 637 2284; x_wconf 90' lang='lat' dir='ltr'>et</span> <span class='ocrx_word' id='word_1_263' title='bbox 648 2228 738 2285; x_wconf 88' lang='lat' dir='ltr'>oratio</span> <span class='ocrx_word' id='word_1_264' title='bbox 748 2228 816 2284; x_wconf 85' lang='lat' dir='ltr'>fidei</span> <span class='ocrx_word' id='word_1_265' title='bbox 827 2228 945 2285; x_wconf 81' lang='lat' dir='ltr'>salvabit</span> <span class='ocrx_word' id='word_1_266' title='bbox 994 2229 1064 2281; x_wconf 88' lang='lat' dir='ltr'>tem.</span> 
     </span>
     <span class='ocr_line' id='line_1_23' title="bbox 122 2319 1810 2393; baseline 0.002 -17"><span class='ocrx_word' id='word_1_267' title='bbox 122 2319 285 2388; x_wconf 86' lang='lat' dir='ltr'>infirmum,</span> <span class='ocrx_word' id='word_1_268' title='bbox 312 2324 340 2377; x_wconf 90' lang='lat' dir='ltr'>et</span> <span class='ocrx_word' id='word_1_269' title='bbox 365 2321 513 2377; x_wconf 83' lang='lat' dir='ltr'>suscitabit</span> <span class='ocrx_word' id='word_1_270' title='bbox 537 2321 620 2377; x_wconf 91' lang='lat' dir='ltr'>illum</span> <span class='ocrx_word' id='word_1_271' title='bbox 644 2322 795 2391; x_wconf 86' lang='lat' dir='ltr'>Dominus,</span> <span class='ocrx_word' id='word_1_272' title='bbox 818 2326 848 2378; x_wconf 90' lang='lat' dir='ltr'>et</span> <span class='ocrx_word' id='word_1_273' title='bbox 870 2321 944 2379; x_wconf 89' lang='lat' dir='ltr'>siin</span> <span class='ocrx_word' id='word_1_274' title='bbox 1029 2320 1164 2391; x_wconf 89' lang='lat' dir='ltr'>Etsitibi,</span> <span class='ocrx_word' id='word_1_275' title='bbox 1180 2320 1639 2393; x_wconf 84' lang='lat' dir='ltr'>fratercharissime,promerito</span> <span class='ocrx_word' id='word_1_276' title='bbox 1658 2322 1810 2380; x_wconf 87' lang='lat' dir='ltr'>ethonore</span> 
     </span>
     <span class='ocr_line' id='line_1_24' title="bbox 123 2414 1812 2487; baseline 0.001 -17"><span class='ocrx_word' id='word_1_277' title='bbox 123 2414 352 2487; x_wconf 84' lang='lat' dir='ltr'>peccatisfuerit,</span> <span class='ocrx_word' id='word_1_278' title='bbox 362 2415 545 2472; x_wconf 88' lang='lat' dir='ltr'>remittentur</span> <span class='ocrx_word' id='word_1_279' title='bbox 554 2416 581 2472; x_wconf 92' lang='lat' dir='ltr'>ei</span> <span class='ocrx_word' id='word_1_280' title='bbox 591 2415 656 2484; x_wconf 76' lang='lat' dir='ltr'>(loc.</span> <span class='ocrx_word' id='word_1_281' title='bbox 671 2432 697 2487; x_wconf 90' lang='lat' dir='ltr'>v,</span> <span class='ocrx_word' id='word_1_282' title='bbox 709 2418 752 2485; x_wconf 75' lang='lat' dir='ltr'>lt,</span> <span class='ocrx_word' id='word_1_283' title='bbox 766 2419 819 2486; x_wconf 71' lang='lat'>15).</span> <span class='ocrx_word' id='word_1_284' title='bbox 832 2435 846 2469; x_wconf 87' lang='lat' dir='ltr'>u</span> <span class='ocrx_word' id='word_1_285' title='bbox 861 2416 944 2481; x_wconf 83' lang='lat' dir='ltr'>Quod</span> <span class='ocrx_word' id='word_1_286' title='bbox 994 2414 1146 2470; x_wconf 88' lang='lat' dir='ltr'>sacerdotii</span> <span class='ocrx_word' id='word_1_287' title='bbox 1160 2430 1216 2486; x_wconf 88' lang='lat' dir='ltr'>quo</span> <span class='ocrx_word' id='word_1_288' title='bbox 1229 2414 1389 2486; x_wconf 87' lang='lat' dir='ltr'>plurimum</span> <span class='ocrx_word' id='word_1_289' title='bbox 1402 2414 1501 2487; x_wconf 90' lang='lat' dir='ltr'>polles,</span> <span class='ocrx_word' id='word_1_290' title='bbox 1523 2415 1636 2471; x_wconf 87' lang='lat' dir='ltr'>vivendi</span> <span class='ocrx_word' id='word_1_291' title='bbox 1650 2421 1679 2472; x_wconf 89' lang='lat' dir='ltr'>et</span> <span class='ocrx_word' id='word_1_292' title='bbox 1691 2417 1812 2474; x_wconf 87' lang='lat' dir='ltr'>docendi</span> 
     </span>
     <span class='ocr_line' id='line_1_25' title="bbox 124 2507 1813 2582; baseline 0.002 -20"><span class='ocrx_word' id='word_1_293' title='bbox 124 2523 184 2562; x_wconf 93' lang='lat' dir='ltr'>non</span> <span class='ocrx_word' id='word_1_294' title='bbox 196 2513 241 2563; x_wconf 88' lang='lat' dir='ltr'>est</span> <span class='ocrx_word' id='word_1_295' title='bbox 254 2508 374 2564; x_wconf 92' lang='lat' dir='ltr'>dubium</span> <span class='ocrx_word' id='word_1_296' title='bbox 388 2507 423 2563; x_wconf 91' lang='lat' dir='ltr'>de</span> <span class='ocrx_word' id='word_1_297' title='bbox 433 2508 565 2564; x_wconf 85' lang='lat' dir='ltr'>fidelibus</span> <span class='ocrx_word' id='word_1_298' title='bbox 575 2509 780 2582; x_wconf 70' lang='lat' dir='ltr'>egrotantibus</span> <span class='ocrx_word' id='word_1_299' title='bbox 790 2509 889 2582; x_wconf 90' lang='lat' dir='ltr'>accipi,</span> <span class='ocrx_word' id='word_1_300' title='bbox 900 2509 944 2566; x_wconf 87' lang='lat' dir='ltr'>vel</span> <span class='ocrx_word' id='word_1_301' title='bbox 994 2508 1188 2564; x_wconf 81' lang='lat' dir='ltr'>ecclesiasticae</span> <span class='ocrx_word' id='word_1_302' title='bbox 1199 2508 1308 2580; x_wconf 81' lang='lat' dir='ltr'>regulae</span> <span class='ocrx_word' id='word_1_303' title='bbox 1320 2512 1390 2563; x_wconf 91' lang='lat' dir='ltr'>nota</span> <span class='ocrx_word' id='word_1_304' title='bbox 1404 2512 1472 2563; x_wconf 91' lang='lat' dir='ltr'>sunt</span> <span class='ocrx_word' id='word_1_305' title='bbox 1484 2508 1591 2577; x_wconf 90' lang='lat' dir='ltr'>omnia,</span> <span class='ocrx_word' id='word_1_306' title='bbox 1605 2525 1699 2582; x_wconf 90' lang='lat' dir='ltr'>neque</span> <span class='ocrx_word' id='word_1_307' title='bbox 1711 2514 1754 2565; x_wconf 87' lang='lat' dir='ltr'>est</span> <span class='ocrx_word' id='word_1_308' title='bbox 1763 2511 1813 2566; x_wconf 89' lang='lat' dir='ltr'>ali-</span> 
     </span>
     <span class='ocr_line' id='line_1_26' title="bbox 123 2600 1810 2675; baseline 0.002 -19"><span class='ocrx_word' id='word_1_309' title='bbox 123 2600 251 2674; x_wconf 83' lang='lat' dir='ltr'>intelligi</span> <span class='ocrx_word' id='word_1_310' title='bbox 265 2601 379 2670; x_wconf 90' lang='lat' dir='ltr'>debere,</span> <span class='ocrx_word' id='word_1_311' title='bbox 396 2603 445 2674; x_wconf 88' lang='lat' dir='ltr'>qui</span> <span class='ocrx_word' id='word_1_312' title='bbox 462 2606 559 2658; x_wconf 89' lang='lat' dir='ltr'>sancto</span> <span class='ocrx_word' id='word_1_313' title='bbox 572 2603 634 2659; x_wconf 92' lang='lat' dir='ltr'>oleo</span> <span class='ocrx_word' id='word_1_314' title='bbox 647 2603 809 2658; x_wconf 90' lang='lat' dir='ltr'>chrismatis</span> <span class='ocrx_word' id='word_1_315' title='bbox 822 2603 943 2675; x_wconf 86' lang='lat' dir='ltr'>perungi</span> <span class='ocrx_word' id='word_1_316' title='bbox 992 2601 1064 2675; x_wconf 89' lang='lat' dir='ltr'>quid</span> <span class='ocrx_word' id='word_1_317' title='bbox 1082 2601 1159 2674; x_wconf 84' lang='lat' dir='ltr'>quod</span> <span class='ocrx_word' id='word_1_318' title='bbox 1174 2601 1209 2657; x_wconf 90' lang='lat' dir='ltr'>de</span> <span class='ocrx_word' id='word_1_319' title='bbox 1225 2602 1311 2657; x_wconf 88' lang='lat' dir='ltr'>sacris</span> <span class='ocrx_word' id='word_1_320' title='bbox 1320 2602 1489 2657; x_wconf 90' lang='lat' dir='ltr'>lectionibus</span> <span class='ocrx_word' id='word_1_321' title='bbox 1499 2601 1551 2657; x_wconf 92' lang='lat' dir='ltr'>tibi</span> <span class='ocrx_word' id='word_1_322' title='bbox 1559 2601 1810 2660; x_wconf 87' lang='lat' dir='ltr'>minuscollectuur</span> 
     </span>
     <span class='ocr_line' id='line_1_27' title="bbox 124 2695 1809 2768; baseline 0.002 -19"><span class='ocrx_word' id='word_1_323' title='bbox 124 2701 256 2768; x_wconf 89' lang='lat' dir='ltr'>possunt,</span> <span class='ocrx_word' id='word_1_324' title='bbox 276 2697 352 2766; x_wconf 88' lang='lat' dir='ltr'>quod</span> <span class='ocrx_word' id='word_1_325' title='bbox 373 2696 561 2768; x_wconf 90' lang='lat' dir='ltr'>abepiscopo</span> <span class='ocrx_word' id='word_1_326' title='bbox 584 2696 756 2767; x_wconf 85' lang='lat' dir='ltr'>conlectum,</span> <span class='ocrx_word' id='word_1_327' title='bbox 778 2713 834 2753; x_wconf 91' lang='lat' dir='ltr'>non</span> <span class='ocrx_word' id='word_1_328' title='bbox 851 2698 944 2754; x_wconf 88' lang='lat' dir='ltr'>solum</span> <span class='ocrx_word' id='word_1_329' title='bbox 994 2695 1531 2768; x_wconf 79' lang='lat' dir='ltr'>essevideatur,amenquiauomanae</span> <span class='ocrx_word' id='word_1_330' title='bbox 1540 2696 1809 2754; x_wconf 78' lang='lat' dir='ltr'>Ecclesiaenormam</span> 
     </span>
     <span class='ocr_line' id='line_1_28' title="bbox 121 2789 1810 2862; baseline 0.003 -18"><span class='ocrx_word' id='word_1_331' title='bbox 121 2789 331 2857; x_wconf 87' lang='lat' dir='ltr'>sacerdotibus,</span> <span class='ocrx_word' id='word_1_332' title='bbox 348 2790 399 2846; x_wconf 89' lang='lat' dir='ltr'>scd</span> <span class='ocrx_word' id='word_1_333' title='bbox 416 2790 550 2845; x_wconf 87' lang='lat' dir='ltr'>omnibus</span> <span class='ocrx_word' id='word_1_334' title='bbox 570 2791 611 2846; x_wconf 91' lang='lat' dir='ltr'>uti</span> <span class='ocrx_word' id='word_1_335' title='bbox 628 2790 794 2847; x_wconf 87' lang='lat' dir='ltr'>Christianis</span> <span class='ocrx_word' id='word_1_336' title='bbox 815 2790 890 2862; x_wconf 86' lang='lat' dir='ltr'>licet,</span> <span class='ocrx_word' id='word_1_337' title='bbox 912 2791 943 2847; x_wconf 91' lang='lat' dir='ltr'>in</span> <span class='ocrx_word' id='word_1_338' title='bbox 993 2795 1079 2862; x_wconf 86' lang='lat' dir='ltr'>atque</span> <span class='ocrx_word' id='word_1_339' title='bbox 1091 2790 1292 2845; x_wconf 89' lang='lat' dir='ltr'>auctoritatem</span> <span class='ocrx_word' id='word_1_340' title='bbox 1307 2805 1483 2862; x_wconf 89' lang='lat' dir='ltr'>magnopere</span> <span class='ocrx_word' id='word_1_341' title='bbox 1499 2791 1657 2862; x_wconf 90' lang='lat' dir='ltr'>postulasti,</span> <span class='ocrx_word' id='word_1_342' title='bbox 1672 2792 1810 2849; x_wconf 79' lang='lat' dir='ltr'>uoluntati</span> 
     </span>
     <span class='ocr_line' id='line_1_29' title="bbox 121 2883 1811 2956; baseline 0.004 -19"><span class='ocrx_word' id='word_1_343' title='bbox 121 2898 184 2949; x_wconf 87' lang='lat' dir='ltr'>sna,</span> <span class='ocrx_word' id='word_1_344' title='bbox 207 2887 258 2938; x_wconf 89' lang='lat' dir='ltr'>aut</span> <span class='ocrx_word' id='word_1_345' title='bbox 274 2899 390 2938; x_wconf 89' lang='lat' dir='ltr'>snorum</span> <span class='ocrx_word' id='word_1_346' title='bbox 411 2884 577 2940; x_wconf 88' lang='lat' dir='ltr'>necessitate</span> <span class='ocrx_word' id='word_1_347' title='bbox 598 2883 773 2956; x_wconf 83' lang='lat' dir='ltr'>inungendo.</span> <span class='ocrx_word' id='word_1_348' title='bbox 799 2887 942 2942; x_wconf 83' lang='lat' dir='ltr'>Caeterum</span> <span class='ocrx_word' id='word_1_349' title='bbox 992 2887 1049 2938; x_wconf 85' lang='lat' dir='ltr'>tuae</span> <span class='ocrx_word' id='word_1_350' title='bbox 1065 2899 1176 2938; x_wconf 91' lang='lat' dir='ltr'>rnorem</span> <span class='ocrx_word' id='word_1_351' title='bbox 1187 2883 1344 2938; x_wconf 89' lang='lat' dir='ltr'>admodum</span> <span class='ocrx_word' id='word_1_352' title='bbox 1357 2899 1462 2955; x_wconf 85' lang='lat' dir='ltr'>gerens</span> <span class='ocrx_word' id='word_1_353' title='bbox 1477 2883 1512 2939; x_wconf 87' lang='lat' dir='ltr'>de</span> <span class='ocrx_word' id='word_1_354' title='bbox 1529 2884 1698 2956; x_wconf 83' lang='lat' dir='ltr'>gestieritre,</span> <span class='ocrx_word' id='word_1_355' title='bbox 1711 2889 1740 2942; x_wconf 89' lang='lat' dir='ltr'>et</span> <span class='ocrx_word' id='word_1_356' title='bbox 1751 2904 1811 2942; x_wconf 94' lang='lat' dir='ltr'>mo-</span> 
     </span>
     <span class='ocr_line' id='line_1_30' title="bbox 121 2976 1810 3052; baseline 0.002 -21"><span class='ocrx_word' id='word_1_357' title='bbox 121 2976 195 3032; x_wconf 91' lang='lat' dir='ltr'>illud</span> <span class='ocrx_word' id='word_1_358' title='bbox 209 2976 387 3047; x_wconf 84' lang='lat' dir='ltr'>superfluum</span> <span class='ocrx_word' id='word_1_359' title='bbox 400 2976 530 3033; x_wconf 87' lang='lat' dir='ltr'>videmus</span> <span class='ocrx_word' id='word_1_360' title='bbox 545 2978 699 3050; x_wconf 87' lang='lat' dir='ltr'>adjectum,</span> <span class='ocrx_word' id='word_1_361' title='bbox 714 2983 746 3035; x_wconf 92' lang='lat' dir='ltr'>ut</span> <span class='ocrx_word' id='word_1_362' title='bbox 760 2978 796 3033; x_wconf 91' lang='lat' dir='ltr'>de</span> <span class='ocrx_word' id='word_1_363' title='bbox 812 2979 943 3052; x_wconf 88' lang='lat' dir='ltr'>episcopo</span> <span class='ocrx_word' id='word_1_364' title='bbox 992 2992 1057 3032; x_wconf 89' lang='lat' dir='ltr'>rum</span> <span class='ocrx_word' id='word_1_365' title='bbox 1078 2976 1268 3049; x_wconf 89' lang='lat' dir='ltr'>probabilium</span> <span class='ocrx_word' id='word_1_366' title='bbox 1287 2977 1453 3049; x_wconf 87' lang='lat' dir='ltr'>disciplinas</span> <span class='ocrx_word' id='word_1_367' title='bbox 1475 2993 1603 3034; x_wconf 85' lang='lat' dir='ltr'>annexas</span> <span class='ocrx_word' id='word_1_368' title='bbox 1620 2978 1720 3035; x_wconf 89' lang='lat' dir='ltr'>litteris</span> <span class='ocrx_word' id='word_1_369' title='bbox 1738 2981 1810 3036; x_wconf 83' lang='lat' dir='ltr'>meis</span> 
     </span>
     <span class='ocr_line' id='line_1_31' title="bbox 125 3070 1807 3187; baseline 0.002 -61"><span class='ocrx_word' id='word_1_370' title='bbox 125 3070 291 3143; x_wconf 84' lang='lat' dir='ltr'>ambigatur</span> <span class='ocrx_word' id='word_1_371' title='bbox 303 3070 378 3143; x_wconf 88' lang='lat' dir='ltr'>quod</span> <span class='ocrx_word' id='word_1_372' title='bbox 393 3071 563 3144; x_wconf 84' lang='lat' dir='ltr'>presbyteris</span> <span class='ocrx_word' id='word_1_373' title='bbox 576 3071 662 3128; x_wconf 83' lang='lat' dir='ltr'>beera</span> <span class='ocrx_word' id='word_1_374' title='bbox 683 3088 743 3128; x_wconf 89' lang='lat' dir='ltr'>non</span> <span class='ocrx_word' id='word_1_375' title='bbox 755 3071 875 3128; x_wconf 91' lang='lat' dir='ltr'>dubium</span> <span class='ocrx_word' id='word_1_376' title='bbox 888 3077 940 3128; x_wconf 90' lang='lat' dir='ltr'>est.</span> <span class='ocrx_word' id='word_1_377' title='bbox 952 3112 981 3187; x_wconf 76' lang='lat' dir='ltr'>C</span> <span class='ocrx_word' id='word_1_378' title='bbox 992 3071 1067 3141; x_wconf 90' lang='lat' dir='ltr'>misi,</span> <span class='ocrx_word' id='word_1_379' title='bbox 1082 3087 1133 3142; x_wconf 91' lang='lat' dir='ltr'>per</span> <span class='ocrx_word' id='word_1_380' title='bbox 1150 3087 1220 3143; x_wconf 85' lang='lat' dir='ltr'>quas</span> <span class='ocrx_word' id='word_1_381' title='bbox 1234 3070 1384 3126; x_wconf 80' lang='lat' dir='ltr'>advertant</span> <span class='ocrx_word' id='word_1_382' title='bbox 1404 3072 1594 3128; x_wconf 88' lang='lat' dir='ltr'>Ecclesiarum</span> <span class='ocrx_word' id='word_1_383' title='bbox 1610 3074 1738 3145; x_wconf 91' lang='lat' dir='ltr'>regionis</span> <span class='ocrx_word' id='word_1_384' title='bbox 1760 3091 1807 3130; x_wconf 91' lang='lat' dir='ltr'>ve-</span> 
     </span>
     <span class='ocr_line' id='line_1_32' title="bbox 125 3164 1807 3239; baseline 0.003 -20"><span class='ocrx_word' id='word_1_385' title='bbox 125 3165 196 3220; x_wconf 86' lang='lat' dir='ltr'>liam</span> <span class='ocrx_word' id='word_1_386' title='bbox 221 3164 327 3220; x_wconf 91' lang='lat' dir='ltr'>idcirco</span> <span class='ocrx_word' id='word_1_387' title='bbox 351 3165 386 3221; x_wconf 89' lang='lat' dir='ltr'>de</span> <span class='ocrx_word' id='word_1_388' title='bbox 407 3166 579 3238; x_wconf 84' lang='lat' dir='ltr'>presbyteris</span> <span class='ocrx_word' id='word_1_389' title='bbox 596 3165 705 3222; x_wconf 91' lang='lat' dir='ltr'>dictum</span> <span class='ocrx_word' id='word_1_390' title='bbox 724 3171 776 3235; x_wconf 89' lang='lat' dir='ltr'>est,</span> <span class='ocrx_word' id='word_1_391' title='bbox 798 3167 866 3239; x_wconf 87' lang='lat' dir='ltr'>quia</span> <span class='ocrx_word' id='word_1_392' title='bbox 886 3167 943 3239; x_wconf 89' lang='lat' dir='ltr'>epi·</span> <span class='ocrx_word' id='word_1_393' title='bbox 992 3170 1057 3220; x_wconf 83' lang='lat' dir='ltr'>strae</span> <span class='ocrx_word' id='word_1_394' title='bbox 1072 3165 1169 3237; x_wconf 89' lang='lat' dir='ltr'>populi</span> <span class='ocrx_word' id='word_1_395' title='bbox 1187 3164 1289 3236; x_wconf 90' lang='lat' dir='ltr'>quibus</span> <span class='ocrx_word' id='word_1_396' title='bbox 1309 3165 1395 3220; x_wconf 89' lang='lat' dir='ltr'>rebus</span> <span class='ocrx_word' id='word_1_397' title='bbox 1413 3166 1563 3237; x_wconf 82' lang='lat' dir='ltr'>stragulis</span> <span class='ocrx_word' id='word_1_398' title='bbox 1582 3167 1807 3224; x_wconf 84' lang='lat' dir='ltr'>Christianorum</span> 
     </span>
     <span class='ocr_line' id='line_1_33' title="bbox 125 3258 1810 3332; baseline 0.002 -19"><span class='ocrx_word' id='word_1_399' title='bbox 125 3259 200 3330; x_wconf 86' lang='lat' dir='ltr'>scopi</span> <span class='ocrx_word' id='word_1_400' title='bbox 220 3259 456 3331; x_wconf 86' lang='lat' dir='ltr'>occupationibus</span> <span class='ocrx_word' id='word_1_401' title='bbox 471 3259 534 3314; x_wconf 88' lang='lat' dir='ltr'>aliis</span> <span class='ocrx_word' id='word_1_402' title='bbox 554 3259 698 3332; x_wconf 89' lang='lat' dir='ltr'>impediti,</span> <span class='ocrx_word' id='word_1_403' title='bbox 714 3260 750 3316; x_wconf 88' lang='lat' dir='ltr'>ad</span> <span class='ocrx_word' id='word_1_404' title='bbox 763 3276 865 3316; x_wconf 90' lang='lat' dir='ltr'>omnes</span> <span class='ocrx_word' id='word_1_405' title='bbox 879 3260 941 3316; x_wconf 89' lang='lat' dir='ltr'>lan-</span> <span class='ocrx_word' id='word_1_406' title='bbox 991 3258 1049 3314; x_wconf 88' lang='lat' dir='ltr'>vita</span> <span class='ocrx_word' id='word_1_407' title='bbox 1067 3259 1096 3313; x_wconf 91' lang='lat' dir='ltr'>iu</span> <span class='ocrx_word' id='word_1_408' title='bbox 1115 3274 1166 3313; x_wconf 89' lang='lat' dir='ltr'>sua</span> <span class='ocrx_word' id='word_1_409' title='bbox 1183 3258 1377 3331; x_wconf 87' lang='lat' dir='ltr'>cujuscunque</span> <span class='ocrx_word' id='word_1_410' title='bbox 1400 3259 1575 3329; x_wconf 77' lang='lat' dir='ltr'>professione</span> <span class='ocrx_word' id='word_1_411' title='bbox 1601 3259 1703 3316; x_wconf 87' lang='lat' dir='ltr'>debeat</span> <span class='ocrx_word' id='word_1_412' title='bbox 1720 3263 1810 3317; x_wconf 91' lang='lat' dir='ltr'>couti·</span> 
     </span>
     <span class='ocr_line' id='line_1_34' title="bbox 128 3350 1808 3427; baseline 0.002 -20"><span class='ocrx_word' id='word_1_413' title='bbox 128 3352 278 3426; x_wconf 32' lang='lat' dir='ltr'>guidus-ire</span> <span class='ocrx_word' id='word_1_414' title='bbox 287 3369 346 3408; x_wconf 92' lang='lat' dir='ltr'>non</span> <span class='ocrx_word' id='word_1_415' title='bbox 357 3357 484 3426; x_wconf 90' lang='lat' dir='ltr'>possunt.</span> <span class='ocrx_word' id='word_1_416' title='bbox 495 3356 637 3411; x_wconf 78' lang='lat' dir='ltr'>Caeterum</span> <span class='ocrx_word' id='word_1_417' title='bbox 650 3353 673 3408; x_wconf 90' lang='lat' dir='ltr'>si</span> <span class='ocrx_word' id='word_1_418' title='bbox 683 3355 833 3427; x_wconf 89' lang='lat' dir='ltr'>episcopus</span> <span class='ocrx_word' id='word_1_419' title='bbox 843 3357 942 3426; x_wconf 87' lang='lat' dir='ltr'>postca</span> <span class='ocrx_word' id='word_1_420' title='bbox 992 3351 1064 3406; x_wconf 85' lang='lat' dir='ltr'>neri·</span> <span class='ocrx_word' id='word_1_421' title='bbox 1077 3351 1224 3424; x_wconf 87' lang='lat' dir='ltr'>qualisque</span> <span class='ocrx_word' id='word_1_422' title='bbox 1251 3355 1378 3406; x_wconf 81' lang='lat' dir='ltr'>servetur</span> <span class='ocrx_word' id='word_1_423' title='bbox 1407 3350 1437 3405; x_wconf 92' lang='lat' dir='ltr'>in</span> <span class='ocrx_word' id='word_1_424' title='bbox 1463 3351 1540 3406; x_wconf 89' lang='lat' dir='ltr'>urbis</span> <span class='ocrx_word' id='word_1_425' title='bbox 1566 3352 1664 3407; x_wconf 77' lang='lat' dir='ltr'>Romae</span> <span class='ocrx_word' id='word_1_426' title='bbox 1685 3354 1808 3410; x_wconf 84' lang='lat' dir='ltr'>ecelesiis</span> 
     </span>
     <span class='ocr_line' id='line_1_35' title="bbox 130 3443 1806 3521; baseline 0.001 -21"><span class='ocrx_word' id='word_1_427' title='bbox 130 3444 247 3518; x_wconf 89' lang='lat' dir='ltr'>dignnrn</span> <span class='ocrx_word' id='word_1_428' title='bbox 263 3447 340 3502; x_wconf 91' lang='lat' dir='ltr'>ducit</span> <span class='ocrx_word' id='word_1_429' title='bbox 359 3448 483 3521; x_wconf 81' lang='lat' dir='ltr'>aliquem</span> <span class='ocrx_word' id='word_1_430' title='bbox 503 3465 519 3503; x_wconf 90' lang='lat' dir='ltr'>a</span> <span class='ocrx_word' id='word_1_431' title='bbox 540 3464 569 3504; x_wconf 92' lang='lat' dir='ltr'>se</span> <span class='ocrx_word' id='word_1_432' title='bbox 583 3447 767 3518; x_wconf 87' lang='lat' dir='ltr'>visitandum,</span> <span class='ocrx_word' id='word_1_433' title='bbox 787 3451 815 3504; x_wconf 90' lang='lat' dir='ltr'>et</span> <span class='ocrx_word' id='word_1_434' title='bbox 827 3447 941 3504; x_wconf 89' lang='lat' dir='ltr'>bencdi-</span> <span class='ocrx_word' id='word_1_435' title='bbox 991 3443 1147 3517; x_wconf 88' lang='lat' dir='ltr'>disciplina.</span> <span class='ocrx_word' id='word_1_436' title='bbox 1163 3444 1223 3498; x_wconf 92' lang='lat' dir='ltr'>Erit</span> <span class='ocrx_word' id='word_1_437' title='bbox 1237 3443 1397 3498; x_wconf 86' lang='lat' dir='ltr'>dilectionis</span> <span class='ocrx_word' id='word_1_438' title='bbox 1414 3450 1471 3499; x_wconf 74' lang='lat' dir='ltr'>tuas</span> <span class='ocrx_word' id='word_1_439' title='bbox 1484 3460 1536 3516; x_wconf 90' lang='lat' dir='ltr'>per</span> <span class='ocrx_word' id='word_1_440' title='bbox 1549 3444 1645 3516; x_wconf 87' lang='lat' dir='ltr'>plebes</span> <span class='ocrx_word' id='word_1_441' title='bbox 1659 3445 1806 3514; x_wconf 81' lang='lat' dir='ltr'>finitimas,</span> 
     </span>
     <span class='ocr_line' id='line_1_36' title="bbox 134 3537 1804 3615; baseline 0.002 -22"><span class='ocrx_word' id='word_1_442' title='bbox 134 3553 190 3594; x_wconf 90' lang='lat' dir='ltr'>cere</span> <span class='ocrx_word' id='word_1_443' title='bbox 205 3543 233 3595; x_wconf 91' lang='lat' dir='ltr'>et</span> <span class='ocrx_word' id='word_1_444' title='bbox 246 3544 366 3612; x_wconf 86' lang='lat' dir='ltr'>tangere</span> <span class='ocrx_word' id='word_1_445' title='bbox 383 3541 538 3597; x_wconf 86' lang='lat' dir='ltr'>chrismale</span> <span class='ocrx_word' id='word_1_446' title='bbox 554 3541 616 3598; x_wconf 91' lang='lat' dir='ltr'>sine</span> <span class='ocrx_word' id='word_1_447' title='bbox 636 3541 817 3598; x_wconf 88' lang='lat' dir='ltr'>cunctatione</span> <span class='ocrx_word' id='word_1_448' title='bbox 834 3545 939 3615; x_wconf 88' lang='lat' dir='ltr'>potest,</span> <span class='ocrx_word' id='word_1_449' title='bbox 991 3541 1020 3595; x_wconf 87' lang='lat' dir='ltr'>ct</span> <span class='ocrx_word' id='word_1_450' title='bbox 1033 3537 1249 3593; x_wconf 84' lang='lat' dir='ltr'>consacerdotes</span> <span class='ocrx_word' id='word_1_451' title='bbox 1262 3541 1377 3593; x_wconf 88' lang='lat' dir='ltr'>nostros</span> <span class='ocrx_word' id='word_1_452' title='bbox 1388 3537 1437 3609; x_wconf 88' lang='lat' dir='ltr'>qni</span> <span class='ocrx_word' id='word_1_453' title='bbox 1448 3537 1477 3592; x_wconf 93' lang='lat' dir='ltr'>in</span> <span class='ocrx_word' id='word_1_454' title='bbox 1493 3538 1548 3593; x_wconf 90' lang='lat' dir='ltr'>illis</span> <span class='ocrx_word' id='word_1_455' title='bbox 1560 3538 1726 3610; x_wconf 90' lang='lat' dir='ltr'>regionibus</span> <span class='ocrx_word' id='word_1_456' title='bbox 1739 3558 1804 3614; x_wconf 91' lang='lat' dir='ltr'>pro·</span> 
     </span>
     <span class='ocr_line' id='line_1_37' title="bbox 136 3631 1807 3708; baseline 0.002 -21"><span class='ocrx_word' id='word_1_457' title='bbox 136 3632 206 3703; x_wconf 86' lang='lat' dir='ltr'>cujus</span> <span class='ocrx_word' id='word_1_458' title='bbox 220 3637 263 3689; x_wconf 90' lang='lat' dir='ltr'>est</span> <span class='ocrx_word' id='word_1_459' title='bbox 276 3634 372 3706; x_wconf 88' lang='lat' dir='ltr'>ipsum</span> <span class='ocrx_word' id='word_1_460' title='bbox 392 3635 518 3691; x_wconf 88' lang='lat' dir='ltr'>chrisma</span> <span class='ocrx_word' id='word_1_461' title='bbox 529 3635 676 3691; x_wconf 89' lang='lat' dir='ltr'>conficere.</span> <span class='ocrx_word' id='word_1_462' title='bbox 693 3636 762 3690; x_wconf 86' lang='lat' dir='ltr'>Nam</span> <span class='ocrx_word' id='word_1_463' title='bbox 775 3635 939 3708; x_wconf 90' lang='lat' dir='ltr'>poenitenti·</span> <span class='ocrx_word' id='word_1_464' title='bbox 989 3632 1059 3705; x_wconf 88' lang='lat' dir='ltr'>priis</span> <span class='ocrx_word' id='word_1_465' title='bbox 1081 3632 1206 3687; x_wconf 88' lang='lat' dir='ltr'>ecclesiis</span> <span class='ocrx_word' id='word_1_466' title='bbox 1224 3631 1389 3703; x_wconf 88' lang='lat' dir='ltr'>praesident,</span> <span class='ocrx_word' id='word_1_467' title='bbox 1410 3631 1577 3703; x_wconf 87' lang='lat' dir='ltr'>regularum</span> <span class='ocrx_word' id='word_1_468' title='bbox 1604 3633 1680 3689; x_wconf 90' lang='lat' dir='ltr'>bunc</span> <span class='ocrx_word' id='word_1_469' title='bbox 1700 3634 1807 3690; x_wconf 90' lang='lat' dir='ltr'>librurn</span> 
     </span>
     <span class='ocr_line' id='line_1_38' title="bbox 138 3722 1805 3802; baseline 0.004 -24"><span class='ocrx_word' id='word_1_470' title='bbox 138 3722 182 3780; x_wconf 88' lang='lat' dir='ltr'>bns</span> <span class='ocrx_word' id='word_1_471' title='bbox 193 3727 263 3782; x_wconf 92' lang='lat' dir='ltr'>illud</span> <span class='ocrx_word' id='word_1_472' title='bbox 277 3727 360 3784; x_wconf 82' lang='lat' dir='ltr'>irrndi</span> <span class='ocrx_word' id='word_1_473' title='bbox 370 3745 427 3784; x_wconf 93' lang='lat' dir='ltr'>non</span> <span class='ocrx_word' id='word_1_474' title='bbox 437 3733 540 3801; x_wconf 90' lang='lat' dir='ltr'>potest,</span> <span class='ocrx_word' id='word_1_475' title='bbox 555 3729 621 3802; x_wconf 89' lang='lat' dir='ltr'>quia</span> <span class='ocrx_word' id='word_1_476' title='bbox 634 3730 776 3802; x_wconf 82' lang='lat' dir='ltr'>gennaest</span> <span class='ocrx_word' id='word_1_477' title='bbox 785 3745 942 3785; x_wconf 89' lang='lat' dir='ltr'>sacramen·</span> <span class='ocrx_word' id='word_1_478' title='bbox 991 3725 1805 3800; x_wconf 86' lang='lat' dir='ltr'>quasididascnlum,atquemonitoremscduloinsinuare,</span> 
     </span>
     <span class='ocr_line' id='line_1_39' title="bbox 141 3816 1804 3896; baseline 0.005 -26"><span class='ocrx_word' id='word_1_479' title='bbox 141 3816 166 3872; x_wconf 89' lang='lat' dir='ltr'>ti.</span> <span class='ocrx_word' id='word_1_480' title='bbox 178 3820 246 3875; x_wconf 76' lang='lat' dir='ltr'>liam</span> <span class='ocrx_word' id='word_1_481' title='bbox 260 3821 363 3894; x_wconf 86' lang='lat' dir='ltr'>quibus</span> <span class='ocrx_word' id='word_1_482' title='bbox 380 3821 490 3894; x_wconf 89' lang='lat' dir='ltr'>reliqua</span> <span class='ocrx_word' id='word_1_483' title='bbox 512 3826 689 3879; x_wconf 89' lang='lat' dir='ltr'>sacramenta</span> <span class='ocrx_word' id='word_1_484' title='bbox 703 3829 854 3895; x_wconf 89' lang='lat' dir='ltr'>negantur,</span> <span class='ocrx_word' id='word_1_485' title='bbox 870 3839 940 3896; x_wconf 87' lang='lat' dir='ltr'>qno-</span> <span class='ocrx_word' id='word_1_486' title='bbox 990 3824 1023 3876; x_wconf 92' lang='lat' dir='ltr'>ut</span> <span class='ocrx_word' id='word_1_487' title='bbox 1036 3822 1064 3874; x_wconf 90' lang='lat' dir='ltr'>et</span> <span class='ocrx_word' id='word_1_488' title='bbox 1077 3822 1188 3875; x_wconf 90' lang='lat' dir='ltr'>nostros</span> <span class='ocrx_word' id='word_1_489' title='bbox 1203 3834 1384 3891; x_wconf 87' lang='lat' dir='ltr'>cognoscere,</span> <span class='ocrx_word' id='word_1_490' title='bbox 1402 3824 1430 3875; x_wconf 91' lang='lat' dir='ltr'>et</span> <span class='ocrx_word' id='word_1_491' title='bbox 1444 3819 1479 3874; x_wconf 91' lang='lat' dir='ltr'>ad</span> <span class='ocrx_word' id='word_1_492' title='bbox 1493 3819 1579 3875; x_wconf 88' lang='lat' dir='ltr'>tidem</span> <span class='ocrx_word' id='word_1_493' title='bbox 1597 3821 1804 3878; x_wconf 91' lang='lat' dir='ltr'>confluentium</span> 
     </span>
     <span class='ocr_line' id='line_1_40' title="bbox 144 3911 1807 3989; baseline 0.004 -23"><span class='ocrx_word' id='word_1_494' title='bbox 144 3911 214 3968; x_wconf 88' lang='lat' dir='ltr'>uodo</span> <span class='ocrx_word' id='word_1_495' title='bbox 223 3930 316 3970; x_wconf 91' lang='lat' dir='ltr'>unum</span> <span class='ocrx_word' id='word_1_496' title='bbox 326 3931 417 3987; x_wconf 92' lang='lat' dir='ltr'>genus</span> <span class='ocrx_word' id='word_1_497' title='bbox 426 3932 510 3988; x_wconf 91' lang='lat' dir='ltr'>posse</span> <span class='ocrx_word' id='word_1_498' title='bbox 519 3919 639 3989; x_wconf 89' lang='lat' dir='ltr'>putatur</span> <span class='ocrx_word' id='word_1_499' title='bbox 648 3916 790 3973; x_wconf 82' lang='lat' dir='ltr'>concedit</span> <span class='ocrx_word' id='word_1_500' title='bbox 804 3917 851 3972; x_wconf 87' lang='lat' dir='ltr'>llis</span> <span class='ocrx_word' id='word_1_501' title='bbox 860 3933 939 3989; x_wconf 89' lang='lat' dir='ltr'>ergo,</span> <span class='ocrx_word' id='word_1_502' title='bbox 990 3930 1084 3970; x_wconf 88' lang='lat' dir='ltr'>mores</span> <span class='ocrx_word' id='word_1_503' title='bbox 1097 3913 1211 3969; x_wconf 89' lang='lat' dir='ltr'>valeant</span> <span class='ocrx_word' id='word_1_504' title='bbox 1224 3912 1347 3969; x_wconf 90' lang='lat' dir='ltr'>docendi</span> <span class='ocrx_word' id='word_1_505' title='bbox 1356 3913 1505 3969; x_wconf 84' lang='lat' dir='ltr'>sedulitate</span> <span class='ocrx_word' id='word_1_506' title='bbox 1516 3913 1653 3970; x_wconf 82' lang='lat' dir='ltr'>formare.</span> <span class='ocrx_word' id='word_1_507' title='bbox 1664 3918 1720 3971; x_wconf 79' lang='lat' dir='ltr'>Aut</span> <span class='ocrx_word' id='word_1_508' title='bbox 1729 3917 1807 3972; x_wconf 90' lang='lat' dir='ltr'>enim</span> 
     </span>
     <span class='ocr_line' id='line_1_41' title="bbox 146 4002 1806 4085; baseline 0.006 -28"><span class='ocrx_word' id='word_1_509' title='bbox 146 4002 214 4062; x_wconf 82' lang='lat' dir='ltr'>inter</span> <span class='ocrx_word' id='word_1_510' title='bbox 224 4009 399 4079; x_wconf 89' lang='lat' dir='ltr'>charissime,</span> <span class='ocrx_word' id='word_1_511' title='bbox 415 4009 549 4066; x_wconf 89' lang='lat' dir='ltr'>omnibus</span> <span class='ocrx_word' id='word_1_512' title='bbox 562 4027 625 4082; x_wconf 76' lang='lat' dir='ltr'>qua</span> <span class='ocrx_word' id='word_1_513' title='bbox 638 4015 687 4067; x_wconf 89' lang='lat' dir='ltr'>tua</span> <span class='ocrx_word' id='word_1_514' title='bbox 701 4009 813 4066; x_wconf 89' lang='lat' dir='ltr'>dilectio</span> <span class='ocrx_word' id='word_1_515' title='bbox 826 4010 941 4066; x_wconf 83' lang='lat' dir='ltr'>voluita</span> <span class='ocrx_word' id='word_1_516' title='bbox 990 4008 1171 4082; x_wconf 90' lang='lat' dir='ltr'>propositum</span> <span class='ocrx_word' id='word_1_517' title='bbox 1183 4024 1267 4063; x_wconf 91' lang='lat' dir='ltr'>suum</span> <span class='ocrx_word' id='word_1_518' title='bbox 1280 4024 1315 4063; x_wconf 87' lang='lat' dir='ltr'>ex</span> <span class='ocrx_word' id='word_1_519' title='bbox 1327 4008 1379 4062; x_wconf 90' lang='lat' dir='ltr'>bac</span> <span class='ocrx_word' id='word_1_520' title='bbox 1392 4010 1491 4063; x_wconf 89' lang='lat' dir='ltr'>nostra</span> <span class='ocrx_word' id='word_1_521' title='bbox 1505 4009 1675 4085; x_wconf 77' lang='lat' dir='ltr'>congruenti</span> <span class='ocrx_word' id='word_1_522' title='bbox 1685 4009 1806 4067; x_wconf 83' lang='lat' dir='ltr'>lectione</span> 
     </span>
     <span class='ocr_line' id='line_1_42' title="bbox 146 4097 1807 4177; baseline 0.005 -25"><span class='ocrx_word' id='word_1_523' title='bbox 146 4097 328 4174; x_wconf 85' lang='lat' dir='ltr'>uobiserponi,</span> <span class='ocrx_word' id='word_1_524' title='bbox 340 4103 757 4176; x_wconf 87' lang='lat' dir='ltr'>proutpotuimusrespondcre</span> <span class='ocrx_word' id='word_1_525' title='bbox 769 4104 939 4172; x_wconf 88' lang='lat' dir='ltr'>curavimus,</span> <span class='ocrx_word' id='word_1_526' title='bbox 989 4107 1172 4175; x_wconf 89' lang='lat' dir='ltr'>cognoscent,</span> <span class='ocrx_word' id='word_1_527' title='bbox 1186 4103 1268 4158; x_wconf 84' lang='lat' dir='ltr'>aulai</span> <span class='ocrx_word' id='word_1_528' title='bbox 1278 4101 1349 4173; x_wconf 80' lang='lat' dir='ltr'>quid</span> <span class='ocrx_word' id='word_1_529' title='bbox 1359 4101 1453 4156; x_wconf 92' lang='lat' dir='ltr'>adbuc</span> <span class='ocrx_word' id='word_1_530' title='bbox 1462 4101 1651 4174; x_wconf 86' lang='lat' dir='ltr'>desideratur,</span> <span class='ocrx_word' id='word_1_531' title='bbox 1665 4103 1748 4160; x_wconf 77' lang='lat' dir='ltr'>laede</span> <span class='ocrx_word' id='word_1_532' title='bbox 1758 4121 1807 4177; x_wconf 79' lang='lat' dir='ltr'>pn·</span> 
     </span>
     <span class='ocr_line' id='line_1_43' title="bbox 148 4192 1809 4271; baseline 0.002 -21"><span class='ocrx_word' id='word_1_533' title='bbox 148 4192 840 4270; x_wconf 79' lang='lat' dir='ltr'>tlEcclesiatuallomanamconsuetudinemaqua</span> <span class='ocrx_word' id='word_1_534' title='bbox 855 4198 941 4271; x_wconf 88' lang='lat' dir='ltr'>origi·</span> <span class='ocrx_word' id='word_1_535' title='bbox 990 4199 1088 4253; x_wconf 91' lang='lat' dir='ltr'>terunt</span> <span class='ocrx_word' id='word_1_536' title='bbox 1105 4213 1138 4252; x_wconf 86' lang='lat' dir='ltr'>ex</span> <span class='ocrx_word' id='word_1_537' title='bbox 1158 4196 1203 4251; x_wconf 92' lang='lat' dir='ltr'>his</span> <span class='ocrx_word' id='word_1_538' title='bbox 1214 4196 1289 4251; x_wconf 91' lang='lat' dir='ltr'>bona</span> <span class='ocrx_word' id='word_1_539' title='bbox 1305 4195 1465 4251; x_wconf 87' lang='lat' dir='ltr'>imitatione</span> <span class='ocrx_word' id='word_1_540' title='bbox 1479 4197 1620 4268; x_wconf 89' lang='lat' dir='ltr'>supplere.</span> <span class='ocrx_word' id='word_1_541' title='bbox 1638 4197 1809 4270; x_wconf 85' lang='lat' dir='ltr'>incipiamus</span> 
     </span>
     <span class='ocr_line' id='line_1_44' title="bbox 148 4289 1805 4365; baseline 0.005 -24"><span class='ocrx_word' id='word_1_542' title='bbox 148 4289 292 4361; x_wconf 80' lang='lat' dir='ltr'>uemducit,</span> <span class='ocrx_word' id='word_1_543' title='bbox 314 4307 428 4347; x_wconf 86' lang='lat' dir='ltr'>servare</span> <span class='ocrx_word' id='word_1_544' title='bbox 443 4291 536 4348; x_wconf 88' lang='lat' dir='ltr'>valeat</span> <span class='ocrx_word' id='word_1_545' title='bbox 554 4294 641 4364; x_wconf 85' lang='lat' dir='ltr'>atquc</span> <span class='ocrx_word' id='word_1_546' title='bbox 653 4291 803 4347; x_wconf 89' lang='lat' dir='ltr'>custodire.</span> <span class='ocrx_word' id='word_1_547' title='bbox 820 4291 941 4365; x_wconf 85' lang='lat' dir='ltr'>Reliqua</span> <span class='ocrx_word' id='word_1_548' title='bbox 990 4304 1070 4362; x_wconf 87' lang='lat' dir='ltr'>ergo,</span> <span class='ocrx_word' id='word_1_549' title='bbox 1091 4290 1246 4361; x_wconf 77' lang='lat' dir='ltr'>adiurante</span> <span class='ocrx_word' id='word_1_550' title='bbox 1266 4291 1324 4345; x_wconf 86' lang='lat' dir='ltr'>Deo</span> <span class='ocrx_word' id='word_1_551' title='bbox 1346 4294 1375 4344; x_wconf 88' lang='lat' dir='ltr'>et</span> <span class='ocrx_word' id='word_1_552' title='bbox 1395 4294 1491 4345; x_wconf 89' lang='lat' dir='ltr'>sancto</span> <span class='ocrx_word' id='word_1_553' title='bbox 1502 4290 1552 4345; x_wconf 80' lang='lat' dir='ltr'>liei</span> <span class='ocrx_word' id='word_1_554' title='bbox 1567 4292 1695 4363; x_wconf 88' lang='lat' dir='ltr'>apostolo</span> <span class='ocrx_word' id='word_1_555' title='bbox 1711 4293 1805 4356; x_wconf 84' lang='lat' dir='ltr'>Petro.</span> 
     </span>
     <span class='ocr_line' id='line_1_45' title="bbox 147 4382 1806 4456; baseline 0.002 -17"><span class='ocrx_word' id='word_1_556' title='bbox 147 4387 200 4433; x_wconf 68' lang='lat' dir='ltr'>ltro</span> <span class='ocrx_word' id='word_1_557' title='bbox 210 4399 271 4456; x_wconf 81' lang='lat' dir='ltr'>quae</span> <span class='ocrx_word' id='word_1_558' title='bbox 286 4383 370 4440; x_wconf 88' lang='lat' dir='ltr'>scribi</span> <span class='ocrx_word' id='word_1_559' title='bbox 384 4385 425 4440; x_wconf 83' lang='lat' dir='ltr'>las</span> <span class='ocrx_word' id='word_1_560' title='bbox 439 4402 497 4441; x_wconf 93' lang='lat' dir='ltr'>non</span> <span class='ocrx_word' id='word_1_561' title='bbox 512 4388 584 4453; x_wconf 90' lang='lat' dir='ltr'>erat,</span> <span class='ocrx_word' id='word_1_562' title='bbox 600 4401 667 4442; x_wconf 92' lang='lat' dir='ltr'>cum</span> <span class='ocrx_word' id='word_1_563' title='bbox 679 4384 804 4454; x_wconf 80' lang='lat' dir='ltr'>affueris,</span> <span class='ocrx_word' id='word_1_564' title='bbox 821 4384 940 4442; x_wconf 83' lang='lat' dir='ltr'>interro</span> <span class='ocrx_word' id='word_1_565' title='bbox 990 4399 1043 4456; x_wconf 86' lang='lat' dir='ltr'>per</span> <span class='ocrx_word' id='word_1_566' title='bbox 1058 4399 1145 4455; x_wconf 85' lang='lat' dir='ltr'>quem</span> <span class='ocrx_word' id='word_1_567' title='bbox 1159 4389 1187 4439; x_wconf 88' lang='lat' dir='ltr'>et</span> <span class='ocrx_word' id='word_1_568' title='bbox 1207 4384 1384 4455; x_wconf 89' lang='lat' dir='ltr'>apostolatus</span> <span class='ocrx_word' id='word_1_569' title='bbox 1405 4388 1435 4438; x_wconf 89' lang='lat' dir='ltr'>et</span> <span class='ocrx_word' id='word_1_570' title='bbox 1448 4382 1625 4455; x_wconf 88' lang='lat' dir='ltr'>episcopatus</span> <span class='ocrx_word' id='word_1_571' title='bbox 1641 4385 1672 4440; x_wconf 90' lang='lat' dir='ltr'>in</span> <span class='ocrx_word' id='word_1_572' title='bbox 1696 4386 1806 4443; x_wconf 85' lang='lat' dir='ltr'>Christo</span> 
     </span>
     <span class='ocr_line' id='line_1_46' title="bbox 149 4472 1807 4557; baseline 0.001 -21"><span class='ocrx_word' id='word_1_573' title='bbox 149 4472 356 4546; x_wconf 64' lang='lat' dir='ltr'>alienamus</span> <span class='ocrx_word' id='word_1_574' title='bbox 369 4478 490 4535; x_wconf 86' lang='lat' dir='ltr'>edicere.</span> <span class='ocrx_word' id='word_1_575' title='bbox 505 4478 565 4534; x_wconf 89' lang='lat' dir='ltr'>Erit</span> <span class='ocrx_word' id='word_1_576' title='bbox 573 4482 670 4535; x_wconf 85' lang='lat' dir='ltr'>autem</span> <span class='ocrx_word' id='word_1_577' title='bbox 683 4478 798 4535; x_wconf 86' lang='lat' dir='ltr'>Domini</span> <span class='ocrx_word' id='word_1_578' title='bbox 806 4479 980 4557; x_wconf 83' lang='lat' dir='ltr'>potentiael)</span> <span class='ocrx_word' id='word_1_579' title='bbox 991 4477 1076 4549; x_wconf 87' lang='lat' dir='ltr'>coepit</span> <span class='ocrx_word' id='word_1_580' title='bbox 1088 4477 1248 4546; x_wconf 87' lang='lat' dir='ltr'>exordium,</span> <span class='ocrx_word' id='word_1_581' title='bbox 1260 4477 1432 4549; x_wconf 88' lang='lat' dir='ltr'>utqnoniam</span> <span class='ocrx_word' id='word_1_582' title='bbox 1440 4493 1514 4548; x_wconf 85' lang='lat' dir='ltr'>saepe</span> <span class='ocrx_word' id='word_1_583' title='bbox 1524 4478 1620 4549; x_wconf 89' lang='lat' dir='ltr'>plures</span> <span class='ocrx_word' id='word_1_584' title='bbox 1626 4488 1807 4537; x_wconf 90' lang='lat' dir='ltr'>emerserunt</span> 
     </span>
     <span class='ocr_line' id='line_1_47' title="bbox 149 4561 1806 4645; baseline 0.003 -20"><span class='ocrx_word' id='word_1_585' title='bbox 149 4561 218 4625; x_wconf 76' lang='lat' dir='ltr'>aliam</span> <span class='ocrx_word' id='word_1_586' title='bbox 231 4571 259 4628; x_wconf 95' lang='lat' dir='ltr'>id</span> <span class='ocrx_word' id='word_1_587' title='bbox 272 4588 436 4645; x_wconf 88' lang='lat' dir='ltr'>procurare,</span> <span class='ocrx_word' id='word_1_588' title='bbox 452 4575 485 4628; x_wconf 89' lang='grc' dir='ltr'>ιιι</span> <span class='ocrx_word' id='word_1_589' title='bbox 499 4575 528 4627; x_wconf 91' lang='lat' dir='ltr'>et</span> <span class='ocrx_word' id='word_1_590' title='bbox 548 4576 626 4628; x_wconf 89' lang='lat' dir='ltr'>tuam</span> <span class='ocrx_word' id='word_1_591' title='bbox 650 4572 815 4644; x_wconf 86' lang='lat' dir='ltr'>Ecclesiam,</span> <span class='ocrx_word' id='word_1_592' title='bbox 838 4577 868 4628; x_wconf 90' lang='lat' dir='ltr'>et</span> <span class='ocrx_word' id='word_1_593' title='bbox 889 4573 942 4630; x_wconf 88' lang='lat' dir='ltr'>cle·</span> <span class='ocrx_word' id='word_1_594' title='bbox 991 4588 1083 4627; x_wconf 82' lang='lat' dir='ltr'>cauare</span> <span class='ocrx_word' id='word_1_595' title='bbox 1101 4588 1167 4645; x_wconf 79' lang='lat' dir='ltr'>quar</span> <span class='ocrx_word' id='word_1_596' title='bbox 1187 4571 1218 4625; x_wconf 90' lang='lat' dir='ltr'>in</span> <span class='ocrx_word' id='word_1_597' title='bbox 1239 4570 1390 4643; x_wconf 84' lang='lat' dir='ltr'>aliquantis</span> <span class='ocrx_word' id='word_1_598' title='bbox 1401 4586 1461 4626; x_wconf 93' lang='lat' dir='ltr'>non</span> <span class='ocrx_word' id='word_1_599' title='bbox 1478 4573 1562 4625; x_wconf 87' lang='lat' dir='ltr'>erant</span> <span class='ocrx_word' id='word_1_600' title='bbox 1573 4587 1673 4640; x_wconf 83' lang='lat' dir='ltr'>causae,</span> <span class='ocrx_word' id='word_1_601' title='bbox 1686 4572 1738 4628; x_wconf 85' lang='lat' dir='ltr'>sed</span> <span class='ocrx_word' id='word_1_602' title='bbox 1750 4575 1806 4630; x_wconf 82' lang='lat' dir='ltr'>cri·</span> 
     </span>
     <span class='ocr_line' id='line_1_48' title="bbox 149 4650 1808 4738; baseline 0.005 -21"><span class='ocrx_word' id='word_1_603' title='bbox 149 4650 206 4715; x_wconf 63' lang='lat' dir='ltr'>risos</span> <span class='ocrx_word' id='word_1_604' title='bbox 214 4671 324 4721; x_wconf 86' lang='lat' dir='ltr'>nostros</span> <span class='ocrx_word' id='word_1_605' title='bbox 335 4666 384 4738; x_wconf 90' lang='lat' dir='ltr'>qui</span> <span class='ocrx_word' id='word_1_606' title='bbox 399 4666 451 4721; x_wconf 92' lang='lat' dir='ltr'>sub</span> <span class='ocrx_word' id='word_1_607' title='bbox 465 4671 516 4722; x_wconf 92' lang='lat' dir='ltr'>tuo</span> <span class='ocrx_word' id='word_1_608' title='bbox 530 4666 674 4738; x_wconf 82' lang='lat' dir='ltr'>pontificio</span> <span class='ocrx_word' id='word_1_609' title='bbox 686 4665 790 4722; x_wconf 89' lang='lat' dir='ltr'>divinis</span> <span class='ocrx_word' id='word_1_610' title='bbox 803 4667 942 4724; x_wconf 80' lang='lat' dir='ltr'>famulan-</span> <span class='ocrx_word' id='word_1_611' title='bbox 991 4666 1078 4734; x_wconf 91' lang='lat' dir='ltr'>mina,</span> <span class='ocrx_word' id='word_1_612' title='bbox 1090 4668 1122 4721; x_wconf 92' lang='lat' dir='ltr'>nt</span> <span class='ocrx_word' id='word_1_613' title='bbox 1133 4665 1169 4721; x_wconf 88' lang='lat' dir='ltr'>de</span> <span class='ocrx_word' id='word_1_614' title='bbox 1178 4667 1280 4720; x_wconf 67' lang='lat' dir='ltr'>eastun</span> <span class='ocrx_word' id='word_1_615' title='bbox 1291 4662 1453 4719; x_wconf 91' lang='lat' dir='ltr'>sollicitudo</span> <span class='ocrx_word' id='word_1_616' title='bbox 1462 4663 1657 4737; x_wconf 85' lang='lat' dir='ltr'>sitnnicuique</span> <span class='ocrx_word' id='word_1_617' title='bbox 1665 4667 1808 4726; x_wconf 89' lang='lat' dir='ltr'>sacerdoti</span> 
     </span>
     <span class='ocr_line' id='line_1_49' title="bbox 150 4743 1807 4829; baseline 0.004 -16"><span class='ocrx_word' id='word_1_618' title='bbox 150 4743 296 4827; x_wconf 61' lang='lat' dir='ltr'>hirolticiis,</span> <span class='ocrx_word' id='word_1_619' title='bbox 314 4760 388 4815; x_wconf 90' lang='lat' dir='ltr'>bene</span> <span class='ocrx_word' id='word_1_620' title='bbox 406 4760 548 4828; x_wconf 88' lang='lat' dir='ltr'>instituas,</span> <span class='ocrx_word' id='word_1_621' title='bbox 563 4763 592 4815; x_wconf 91' lang='lat' dir='ltr'>et</span> <span class='ocrx_word' id='word_1_622' title='bbox 611 4760 673 4816; x_wconf 90' lang='lat' dir='ltr'>aliis</span> <span class='ocrx_word' id='word_1_623' title='bbox 692 4761 815 4816; x_wconf 80' lang='lat' dir='ltr'>formam</span> <span class='ocrx_word' id='word_1_624' title='bbox 833 4761 942 4818; x_wconf 88' lang='lat' dir='ltr'>tribuas</span> <span class='ocrx_word' id='word_1_625' title='bbox 991 4759 1020 4816; x_wconf 89' lang='lat' dir='ltr'>in</span> <span class='ocrx_word' id='word_1_626' title='bbox 1036 4777 1087 4815; x_wconf 90' lang='lat' dir='ltr'>sua</span> <span class='ocrx_word' id='word_1_627' title='bbox 1098 4758 1219 4815; x_wconf 82' lang='lat' dir='ltr'>Ecclesia</span> <span class='ocrx_word' id='word_1_628' title='bbox 1230 4773 1329 4814; x_wconf 90' lang='lat' dir='ltr'>curam</span> <span class='ocrx_word' id='word_1_629' title='bbox 1340 4756 1506 4829; x_wconf 78' lang='lat' dir='ltr'>huiusmodi</span> <span class='ocrx_word' id='word_1_630' title='bbox 1518 4757 1636 4828; x_wconf 90' lang='lat' dir='ltr'>hebere,</span> <span class='ocrx_word' id='word_1_631' title='bbox 1652 4759 1725 4817; x_wconf 90' lang='lat' dir='ltr'>sicut</span> <span class='ocrx_word' id='word_1_632' title='bbox 1738 4762 1807 4819; x_wconf 87' lang='lat' dir='ltr'>baa·</span> 
     </span>
     <span class='ocr_line' id='line_1_50' title="bbox 149 4851 1807 4930; baseline 0.003 -22"><span class='ocrx_word' id='word_1_633' title='bbox 149 4852 484 4912; x_wconf 71' lang='lat' dir='ltr'>umdeheanrimitari.</span> <span class='ocrx_word' id='word_1_634' title='bbox 503 4857 573 4911; x_wconf 84' lang='lat' dir='ltr'>bala</span> <span class='ocrx_word' id='word_1_635' title='bbox 593 4873 639 4913; x_wconf 83' lang='lat' dir='ltr'>xvv</span> <span class='ocrx_word' id='word_1_636' title='bbox 652 4856 845 4912; x_wconf 83' lang='lat' dir='ltr'>Kalendarum</span> <span class='ocrx_word' id='word_1_637' title='bbox 858 4857 940 4930; x_wconf 77' lang='lat' dir='ltr'>Apri·</span> <span class='ocrx_word' id='word_1_638' title='bbox 990 4857 1037 4910; x_wconf 90' lang='lat' dir='ltr'>tus</span> <span class='ocrx_word' id='word_1_639' title='bbox 1068 4853 1218 4926; x_wconf 77' lang='lat' dir='ltr'>Apostolus</span> <span class='ocrx_word' id='word_1_640' title='bbox 1241 4853 1344 4908; x_wconf 88' lang='lat' dir='ltr'>Paulus</span> <span class='ocrx_word' id='word_1_641' title='bbox 1367 4851 1513 4924; x_wconf 84' lang='lat' dir='ltr'>praedicat,</span> <span class='ocrx_word' id='word_1_642' title='bbox 1540 4853 1629 4909; x_wconf 88' lang='lat' dir='ltr'>talem</span> <span class='ocrx_word' id='word_1_643' title='bbox 1656 4855 1807 4913; x_wconf 85' lang='lat' dir='ltr'>Ecclesiam</span> 
     </span>
     <span class='ocr_line' id='line_1_51' title="bbox 147 4926 1805 5023; baseline -0.001 -15"><span class='ocrx_word' id='word_1_644' title='bbox 147 4926 185 5008; x_wconf 52' lang='grc' dir='ltr'>ΠΒ,</span> <span class='ocrx_word' id='word_1_645' title='bbox 205 4946 381 5020; x_wconf 83' lang='lat' dir='ltr'>Theodeosio,</span> <span class='ocrx_word' id='word_1_646' title='bbox 404 4952 532 5021; x_wconf 78' lang='lat' dir='ltr'>Augusto</span> <span class='ocrx_word' id='word_1_647' title='bbox 552 4950 665 5022; x_wconf 84' lang='lat' dir='ltr'>septies,</span> <span class='ocrx_word' id='word_1_648' title='bbox 688 4949 810 5007; x_wconf 87' lang='lat' dir='ltr'>Palladio</span> <span class='ocrx_word' id='word_1_649' title='bbox 833 4951 875 5023; x_wconf 83' lang='lat' dir='ltr'>lV,</span> <span class='ocrx_word' id='word_1_650' title='bbox 899 4951 942 5008; x_wconf 85' lang='lat' dir='ltr'>CC</span> <span class='ocrx_word' id='word_1_651' title='bbox 990 4947 1251 5006; x_wconf 64' lang='lat' dir='ltr'>acaemitensium</span> <span class='ocrx_word' id='word_1_652' title='bbox 1263 4962 1323 5003; x_wconf 91' lang='lat' dir='ltr'>non</span> <span class='ocrx_word' id='word_1_653' title='bbox 1337 4966 1352 4996; x_wconf 76' lang='grc' dir='ltr'><strong>κ</strong></span> <span class='ocrx_word' id='word_1_654' title='bbox 1364 4945 1520 5002; x_wconf 87' lang='lat' dir='ltr'>habentem</span> <span class='ocrx_word' id='word_1_655' title='bbox 1533 4948 1805 5018; x_wconf 84' lang='lat' dir='ltr'>maculam,autru-</span> 
     </span>
     <span class='ocr_line' id='line_1_52' title="bbox 148 5032 1806 5115; baseline 0.004 -22"><span class='ocrx_word' id='word_1_656' title='bbox 148 5038 302 5099; x_wconf 67' lang='lat' dir='ltr'>tenuibus.</span> <span class='ocrx_word' id='word_1_657' title='bbox 992 5059 1058 5115; x_wconf 85' lang='lat' dir='ltr'>gem</span> <span class='ocrx_word' id='word_1_658' title='bbox 1073 5043 1080 5114; x_wconf 75' lang='lat' dir='ltr'>l</span> <span class='ocrx_word' id='word_1_659' title='bbox 1094 5043 1162 5114; x_wconf 80' lang='lat' dir='ltr'>Epir.</span> <span class='ocrx_word' id='word_1_660' title='bbox 1177 5057 1204 5110; x_wconf 86' lang='lat' dir='ltr'>a,</span> <span class='ocrx_word' id='word_1_661' title='bbox 1219 5042 1274 5114; x_wconf 79' lang='lat'>27),</span> <span class='ocrx_word' id='word_1_662' title='bbox 1287 5062 1300 5091; x_wconf 90' lang='lat'>»</span> <span class='ocrx_word' id='word_1_663' title='bbox 1317 5057 1353 5096; x_wconf 91' lang='lat' dir='ltr'>nc</span> <span class='ocrx_word' id='word_1_664' title='bbox 1365 5040 1485 5112; x_wconf 74' lang='lat' dir='ltr'>eberajus</span> <span class='ocrx_word' id='word_1_665' title='bbox 1494 5041 1634 5098; x_wconf 76' lang='lat' dir='ltr'>morbide</span> <span class='ocrx_word' id='word_1_666' title='bbox 1646 5032 1703 5099; x_wconf 79' lang='lat' dir='ltr'>o&#39;vis</span> <span class='ocrx_word' id='word_1_667' title='bbox 1710 5044 1806 5099; x_wconf 85' lang='lat' dir='ltr'>afflatu</span> 
     </span>
     <span class='ocr_line' id='line_1_53' title="bbox 148 5118 1807 5212; baseline -0.001 -19"><span class='ocrx_word' id='word_1_668' title='bbox 148 5118 264 5204; x_wconf 64' lang='lat' dir='ltr'>luebunt</span> <span class='ocrx_word' id='word_1_669' title='bbox 276 5139 400 5210; x_wconf 80' lang='lat' dir='ltr'>capitolo</span> <span class='ocrx_word' id='word_1_670' title='bbox 413 5139 583 5209; x_wconf 68' lang='lat' dir='ltr'>ejusdemne</span> <span class='ocrx_word' id='word_1_671' title='bbox 604 5141 767 5197; x_wconf 79' lang='lat' dir='ltr'>Victorinum</span> <span class='ocrx_word' id='word_1_672' title='bbox 779 5142 940 5212; x_wconf 83' lang='lat' dir='ltr'>episcopum.</span> <span class='ocrx_word' id='word_1_673' title='bbox 991 5136 1165 5193; x_wconf 87' lang='lat' dir='ltr'>conscientia</span> <span class='ocrx_word' id='word_1_674' title='bbox 1174 5139 1269 5192; x_wconf 90' lang='lat' dir='ltr'>nostra</span> <span class='ocrx_word' id='word_1_675' title='bbox 1282 5135 1475 5191; x_wconf 87' lang='lat' dir='ltr'>contaminata</span> <span class='ocrx_word' id='word_1_676' title='bbox 1485 5134 1615 5192; x_wconf 88' lang='lat' dir='ltr'>violetur.</span> <span class='ocrx_word' id='word_1_677' title='bbox 1628 5139 1749 5208; x_wconf 88' lang='lat' dir='ltr'>Propter</span> <span class='ocrx_word' id='word_1_678' title='bbox 1758 5153 1807 5192; x_wconf 91' lang='lat' dir='ltr'>eos</span> 
     </span>
     <span class='ocr_line' id='line_1_54' title="bbox 177 5227 1809 5307; baseline -0.001 -20"><span class='ocrx_word' id='word_1_679' title='bbox 177 5227 195 5284; x_wconf 78' lang='lat' dir='ltr'>l.</span> <span class='ocrx_word' id='word_1_680' title='bbox 203 5231 281 5296; x_wconf 85' lang='lat' dir='ltr'>Quod</span> <span class='ocrx_word' id='word_1_681' title='bbox 287 5237 367 5288; x_wconf 83' lang='lat' dir='ltr'>extra</span> <span class='ocrx_word' id='word_1_682' title='bbox 374 5232 575 5289; x_wconf 88' lang='lat' dir='ltr'>conscientiam</span> <span class='ocrx_word' id='word_1_683' title='bbox 588 5233 799 5307; x_wconf 89' lang='lat' dir='ltr'>metropolitani</span> <span class='ocrx_word' id='word_1_684' title='bbox 808 5250 868 5290; x_wconf 90' lang='lat' dir='ltr'>non</span> <span class='ocrx_word' id='word_1_685' title='bbox 876 5237 944 5290; x_wconf 89' lang='lat' dir='ltr'>sunt</span> <span class='ocrx_word' id='word_1_686' title='bbox 992 5246 1062 5304; x_wconf 89' lang='lat' dir='ltr'>crgo</span> <span class='ocrx_word' id='word_1_687' title='bbox 1077 5230 1125 5302; x_wconf 90' lang='lat' dir='ltr'>qui</span> <span class='ocrx_word' id='word_1_688' title='bbox 1139 5231 1183 5285; x_wconf 84' lang='lat' dir='ltr'>rel</span> <span class='ocrx_word' id='word_1_689' title='bbox 1196 5228 1411 5302; x_wconf 86' lang='lat' dir='ltr'>ignorantiavel</span> <span class='ocrx_word' id='word_1_690' title='bbox 1423 5228 1530 5286; x_wconf 88' lang='lat' dir='ltr'>desidia</span> <span class='ocrx_word' id='word_1_691' title='bbox 1542 5246 1600 5286; x_wconf 90' lang='lat' dir='ltr'>nou</span> <span class='ocrx_word' id='word_1_692' title='bbox 1611 5232 1712 5285; x_wconf 91' lang='lat' dir='ltr'>tenent</span> <span class='ocrx_word' id='word_1_693' title='bbox 1721 5229 1809 5286; x_wconf 86' lang='lat' dir='ltr'>eccle-</span> 
     </span>
     <span class='ocr_line' id='line_1_55' title="bbox 148 5320 1808 5399; baseline 0 -21"><span class='ocrx_word' id='word_1_694' title='bbox 148 5320 281 5381; x_wconf 71' lang='lat' dir='ltr'>subaudi</span> <span class='ocrx_word' id='word_1_695' title='bbox 296 5326 429 5399; x_wconf 89' lang='lat' dir='ltr'>episcopi.</span> <span class='ocrx_word' id='word_1_696' title='bbox 993 5325 1134 5380; x_wconf 85' lang='lat' dir='ltr'>siasticam</span> <span class='ocrx_word' id='word_1_697' title='bbox 1156 5323 1346 5396; x_wconf 88' lang='lat' dir='ltr'>disciplinam,</span> <span class='ocrx_word' id='word_1_698' title='bbox 1370 5325 1400 5377; x_wconf 88' lang='lat' dir='ltr'>et</span> <span class='ocrx_word' id='word_1_699' title='bbox 1426 5324 1516 5380; x_wconf 89' lang='lat' dir='ltr'>multa</span> <span class='ocrx_word' id='word_1_700' title='bbox 1533 5340 1591 5378; x_wconf 93' lang='lat' dir='ltr'>non</span> <span class='ocrx_word' id='word_1_701' title='bbox 1608 5323 1808 5394; x_wconf 77' lang='lat' dir='ltr'>praesumenda</span> 
     </span>
     <span class='ocr_line' id='line_1_56' title="bbox 169 5415 1804 5495; baseline -0.001 -22"><span class='ocrx_word' id='word_1_702' title='bbox 169 5419 192 5474; x_wconf 73' lang='grc' dir='ltr'>Ξ.</span> <span class='ocrx_word' id='word_1_703' title='bbox 208 5420 245 5476; x_wconf 80' lang='lat' dir='ltr'>[ie</span> <span class='ocrx_word' id='word_1_704' title='bbox 263 5420 309 5476; x_wconf 90' lang='lat' dir='ltr'>bis</span> <span class='ocrx_word' id='word_1_705' title='bbox 332 5420 380 5493; x_wconf 89' lang='lat' dir='ltr'>qui</span> <span class='ocrx_word' id='word_1_706' title='bbox 394 5424 459 5493; x_wconf 90' lang='lat' dir='ltr'>post</span> <span class='ocrx_word' id='word_1_707' title='bbox 479 5421 655 5493; x_wconf 89' lang='lat' dir='ltr'>baptismum</span> <span class='ocrx_word' id='word_1_708' title='bbox 670 5422 818 5495; x_wconf 90' lang='lat' dir='ltr'>cingulum</span> <span class='ocrx_word' id='word_1_709' title='bbox 834 5420 943 5477; x_wconf 79' lang='lat' dir='ltr'>militiae</span> <span class='ocrx_word' id='word_1_710' title='bbox 991 5423 1181 5492; x_wconf 79' lang='lat' dir='ltr'>presumunt,</span> <span class='ocrx_word' id='word_1_711' title='bbox 1190 5423 1267 5474; x_wconf 90' lang='lat' dir='ltr'>recte</span> <span class='ocrx_word' id='word_1_712' title='bbox 1274 5417 1432 5490; x_wconf 87' lang='lat' dir='ltr'>postulasti,</span> <span class='ocrx_word' id='word_1_713' title='bbox 1443 5415 1704 5487; x_wconf 87' lang='lat' dir='ltr'>utinillispartibns</span> <span class='ocrx_word' id='word_1_714' title='bbox 1711 5415 1804 5472; x_wconf 88' lang='lat' dir='ltr'>istius-</span> 
     </span>
     <span class='ocr_line' id='line_1_57' title="bbox 143 5508 1806 5586; baseline -0.001 -18"><span class='ocrx_word' id='word_1_715' title='bbox 143 5513 267 5569; x_wconf 73' lang='lat' dir='ltr'>tecularis</span> <span class='ocrx_word' id='word_1_716' title='bbox 285 5518 468 5586; x_wconf 91' lang='lat' dir='ltr'>acceperunt,</span> <span class='ocrx_word' id='word_1_717' title='bbox 485 5532 542 5571; x_wconf 90' lang='lat' dir='ltr'>non</span> <span class='ocrx_word' id='word_1_718' title='bbox 561 5515 663 5573; x_wconf 88' lang='lat' dir='ltr'>debere</span> <span class='ocrx_word' id='word_1_719' title='bbox 677 5517 713 5571; x_wconf 85' lang='lat' dir='ltr'>sd</span> <span class='ocrx_word' id='word_1_720' title='bbox 732 5515 881 5572; x_wconf 86' lang='lat' dir='ltr'>clericatus</span> <span class='ocrx_word' id='word_1_721' title='bbox 900 5531 943 5572; x_wconf 88' lang='lat' dir='ltr'>or·</span> <span class='ocrx_word' id='word_1_722' title='bbox 993 5513 1070 5570; x_wconf 89' lang='lat' dir='ltr'>modi</span> <span class='ocrx_word' id='word_1_723' title='bbox 1088 5529 1176 5585; x_wconf 89' lang='lat' dir='ltr'>quam</span> <span class='ocrx_word' id='word_1_724' title='bbox 1190 5517 1269 5568; x_wconf 86' lang='lat' dir='ltr'>tenet</span> <span class='ocrx_word' id='word_1_725' title='bbox 1283 5511 1405 5568; x_wconf 91' lang='lat' dir='ltr'>Ecclesia</span> <span class='ocrx_word' id='word_1_726' title='bbox 1418 5511 1546 5565; x_wconf 85' lang='lat' dir='ltr'>Romana</span> <span class='ocrx_word' id='word_1_727' title='bbox 1559 5508 1652 5563; x_wconf 81' lang='lat' dir='ltr'>forma</span> <span class='ocrx_word' id='word_1_728' title='bbox 1668 5512 1806 5580; x_wconf 85' lang='lat' dir='ltr'>servetur,</span> 
     </span>
     <span class='ocr_line' id='line_1_58' title="bbox 140 5602 1806 5679; baseline -0.001 -17"><span class='ocrx_word' id='word_1_729' title='bbox 140 5619 194 5665; x_wconf 82' lang='lat' dir='ltr'>narn</span> <span class='ocrx_word' id='word_1_730' title='bbox 207 5607 332 5663; x_wconf 86' lang='lat' dir='ltr'>admitti.</span> <span class='ocrx_word' id='word_1_731' title='bbox 992 5623 1051 5664; x_wconf 92' lang='lat' dir='ltr'>non</span> <span class='ocrx_word' id='word_1_732' title='bbox 1070 5607 1145 5679; x_wconf 88' lang='lat' dir='ltr'>quod</span> <span class='ocrx_word' id='word_1_733' title='bbox 1166 5623 1237 5662; x_wconf 84' lang='lat' dir='ltr'>nora</span> <span class='ocrx_word' id='word_1_734' title='bbox 1260 5607 1401 5679; x_wconf 79' lang='lat' dir='ltr'>praecepta</span> <span class='ocrx_word' id='word_1_735' title='bbox 1422 5602 1518 5673; x_wconf 87' lang='lat' dir='ltr'>aliqua</span> <span class='ocrx_word' id='word_1_736' title='bbox 1542 5602 1735 5674; x_wconf 88' lang='lat' dir='ltr'>imperentur,</span> <span class='ocrx_word' id='word_1_737' title='bbox 1756 5607 1806 5661; x_wconf 89' lang='lat' dir='ltr'>sed</span> 
     </span>
     <span class='ocr_line' id='line_1_59' title="bbox 163 5696 1807 5778; baseline -0.002 -19"><span class='ocrx_word' id='word_1_738' title='bbox 163 5707 189 5759; x_wconf 75' lang='lat'>³.</span> <span class='ocrx_word' id='word_1_739' title='bbox 203 5701 521 5760; x_wconf 84' lang='lat' dir='ltr'>becausisclericorum</span> <span class='ocrx_word' id='word_1_740' title='bbox 533 5720 597 5777; x_wconf 85' lang='lat' dir='ltr'>quae</span> <span class='ocrx_word' id='word_1_741' title='bbox 608 5705 637 5760; x_wconf 93' lang='lat' dir='ltr'>in</span> <span class='ocrx_word' id='word_1_742' title='bbox 645 5703 789 5778; x_wconf 83' lang='lat' dir='ltr'>provincia</span> <span class='ocrx_word' id='word_1_743' title='bbox 796 5701 874 5777; x_wconf 87' lang='lat' dir='ltr'>juste</span> <span class='ocrx_word' id='word_1_744' title='bbox 886 5720 943 5760; x_wconf 92' lang='lat' dir='ltr'>non</span> <span class='ocrx_word' id='word_1_745' title='bbox 992 5717 1106 5774; x_wconf 83' lang='lat' dir='ltr'>eaquae</span> <span class='ocrx_word' id='word_1_746' title='bbox 1125 5717 1177 5774; x_wconf 91' lang='lat' dir='ltr'>per</span> <span class='ocrx_word' id='word_1_747' title='bbox 1197 5699 1333 5755; x_wconf 88' lang='lat' dir='ltr'>desidiam</span> <span class='ocrx_word' id='word_1_748' title='bbox 1352 5696 1515 5768; x_wconf 81' lang='lat' dir='ltr'>aliquorum</span> <span class='ocrx_word' id='word_1_749' title='bbox 1537 5696 1666 5768; x_wconf 89' lang='lat' dir='ltr'>neglecta</span> <span class='ocrx_word' id='word_1_750' title='bbox 1681 5703 1756 5767; x_wconf 89' lang='lat' dir='ltr'>sunt,</span> <span class='ocrx_word' id='word_1_751' title='bbox 1772 5700 1807 5755; x_wconf 89' lang='lat' dir='ltr'>ab</span> 
     </span>
     <span class='ocr_line' id='line_1_60' title="bbox 131 5791 1809 5870; baseline -0.001 -16"><span class='ocrx_word' id='word_1_752' title='bbox 131 5797 278 5868; x_wconf 75' lang='lat' dir='ltr'>iniuntur,</span> <span class='ocrx_word' id='word_1_753' title='bbox 290 5799 324 5852; x_wconf 90' lang='lat' dir='ltr'>ut</span> <span class='ocrx_word' id='word_1_754' title='bbox 335 5797 371 5852; x_wconf 86' lang='lat' dir='ltr'>ab</span> <span class='ocrx_word' id='word_1_755' title='bbox 386 5799 540 5870; x_wconf 82' lang='lat' dir='ltr'>apostolica</span> <span class='ocrx_word' id='word_1_756' title='bbox 553 5800 619 5856; x_wconf 86' lang='lat' dir='ltr'>sede</span> <span class='ocrx_word' id='word_1_757' title='bbox 633 5799 835 5856; x_wconf 85' lang='lat' dir='ltr'>terminentur.</span> <span class='ocrx_word' id='word_1_758' title='bbox 993 5795 1125 5852; x_wconf 89' lang='lat' dir='ltr'>omnibus</span> <span class='ocrx_word' id='word_1_759' title='bbox 1136 5793 1281 5852; x_wconf 81' lang='lat' dir='ltr'>observari</span> <span class='ocrx_word' id='word_1_760' title='bbox 1293 5791 1449 5865; x_wconf 88' lang='lat' dir='ltr'>cupiamus,</span> <span class='ocrx_word' id='word_1_761' title='bbox 1463 5806 1529 5865; x_wconf 76' lang='lat' dir='ltr'>qua</span> <span class='ocrx_word' id='word_1_762' title='bbox 1545 5793 1640 5848; x_wconf 82' lang='lat' dir='ltr'>tanam</span> <span class='ocrx_word' id='word_1_763' title='bbox 1653 5792 1809 5868; x_wconf 79' lang='lat' dir='ltr'>apostoliea</span> 
     </span>
    </p>
   </div>
   <div class='ocr_carea' id='block_1_3' title="bbox 0 0 1940 6150">
    <p class='ocr_par' dir='ltr' id='par_1_3' title="bbox 0 0 1940 6150">
     <span class='ocr_line' id='line_1_61' title="bbox 0 0 1940 6150; baseline 0 0"><span class='ocrx_word' id='word_1_764' title='bbox 0 0 1940 6150; x_wconf 95' lang='lat' dir='ltr'> </span> 
     </span>
    </p>
   </div>
  </div>
 </body>
</html>
