3870 6150
244 287 295 344 387
692 282 834 338 ΛΡΡΕΝΙ).
856 282 899 337 hl)
917 279 999 336 SAEC.
1020 279 1063 335 lli.
1077 305 1111 318 -
1130 275 1250 332 lSlllOltl
1269 271 1482 330 unucurouts

244 393 370 453 ecclesie
385 392 414 449 in
425 391 481 448 alio
495 392 587 464 gradu
600 389 702 446 audeat
715 390 847 446 ordinare
864 405 958 460 neque
976 387 1054 458 abje-
1066 384 1228 470 Amajores
1241 381 1346 454 gradus
1355 380 1488 437 ordinum
1495 377 1701 450 permittantur
1709 375 1756 448 [1.]
1769 389 1826 432 ace

245 492 322 545 ctum
334 486 455 558 recipiat
467 486 498 542 in
509 483 749 540 communionem.
1107 477 1209 550 synodi
1224 475 1347 532 decrevit
1361 473 1523 530 auctoritas.
1543 471 1701 528 Incolumes
1714 487 1764 526 vos
1782 470 1826 527 lle

280 582 334 637 v11.
349 580 382 635 lli
395 584 491 636 autem
511 579 560 651 qui
574 581 674 634 contra
690 575 874 632 interdictum
895 578 962 630 sunt
981 573 1056 629 ordi·
1107 574 1206 628 noster
1219 586 1278 626 aevo
1289 568 1455 641 longissimo
1469 582 1636 624 conservare
1648 565 1796 638 dignetur,
1812 563 1826 621 d

244 675 313 744 nati,
336 675 379 729 rel
409 673 440 728 in
467 670 626 727 ministerio
646 673 810 742 genuerunt
833 669 917 736 lilios,
950 683 987 723 ne
1020 666 1057 721 ad
1106 665 1209 721 fratres
1221 663 1406 721 dilectissimi.

664 983 863 1053 INCIPIUNT
885 982 1081 1050 capitum
1101 978 1269 1049 CONGILII
1289 977 1507 1046 uuuluusls.

283 1165 308 1219 l.
324 1163 360 1217 Ut
373 1160 497 1233 perversi
511 1157 689 1216 ordinatores
698 1159 783 1215 nullis
798 1159 892 1215 denuo
906 1155 1058 1214 ordinatio-
1142 1156 1169 1212 l.
1189 1155 1226 1211 Ut
1239 1154 1389 1228 episcopus
1411 1159 1440 1210 et
1459 1151 1612 1208 benedicat
1629 1154 1659 1205 et
1679 1148 1827 1206 confirmet

244 1256 329 1312 nibus
343 1255 485 1311 intersint.
1106 1247 1238 1322 phytum.
1796 1224 1817 1261 ⁶

282 1353 309 1406 2.
330 1350 367 1405 Ut
389 1366 406 1403 a
424 1347 534 1404 duobus
561 1345 702 1419 episcopis
733 1346 880 1403 ordinatus
907 1343 1058 1417 ahquando
1143 1347 1169 1399 b.
1186 1344 1223 1398 llt
1236 1341 1392 1415 episcopus,
1403 1358 1469 1398 cum
1479 1339 1623 1413 sepelierit
1636 1338 1814 1412 episcopum,

244 1443 394 1516 episcopus
406 1442 494 1514 possit
507 1457 565 1497 uon
578 1457 648 1497 csse.
1107 1435 1212 1493 habeat
1226 1436 1351 1493 ecclesie
1359 1435 1456 1508 ipsius.

281 1541 308 1594 3.
324 1538 365 1592 us
388 1535 527 1592 hereticis
547 1539 576 1592 et
599 1533 784 1590 schismaticis
805 1531 952 1605 episcopis,
975 1533 999 1587 si
1022 1532 1059 1589 ad
1144 1534 1171 1588 t.
1197 1532 1233 1586 llt
1259 1530 1366 1603 absque
1391 1526 1605 1602 metropolitani
1628 1527 1731 1584 litteris
1754 1529 1785 1582 et
1809 1541 1827 1582 c

159 1708 163 1719 ‚
244 1630 417 1687 catholicam
442 1629 529 1684 fldem
560 1629 700 1697 venerint,
733 1625 802 1699 quid
833 1625 976 1682 observari
1009 1627 1057 1682 de·
1108 1641 1152 1697 su,
1181 1625 1277 1681 nullus
1300 1623 1417 1680 accedat
1446 1623 1482 1679 ad
1504 1622 1667 1680 destitutam
1692 1619 1827 1678 ecclesian

243 1725 319 1781 beat.
1109 1735 1190 1793 copo.

949 1868 1206 1886 *-

641 2031 849 2130 lNGlPlT
886 2031 1193 2130 CONCILIUM
1230 2030 1527 2128 uuuluusu.

280 2258 339 2318 Sub
352 2258 573 2333 imperatoribus
585 2260 743 2319 Theodosio
757 2262 873 2335 juniore
887 2269 916 2320 et
935 2262 1098 2348 Valenti-B
1111 2263 1189 2336 quod
1202 2262 1322 2319 clericus
1334 2262 1474 2318 innocens
1484 2257 1640 2330 disciplinae
1653 2258 1695 2325 (ut
1703 2254 1827 2327 probatu

243 2356 342 2424 niano,
357 2354 516 2411 Theodosio
532 2355 652 2428 septimo
665 2360 695 2412 et
706 2356 789 2412 Festo
805 2357 977 2429 consulibus,
994 2373 1059 2412 cum
1109 2373 1223 2414 memor
1230 2348 1827 2429 quommdamiusolentia,ecrariaperturb

243 2450 274 2505 in
301 2447 447 2505 voluntate
471 2449 582 2505 Domini
612 2450 688 2521 apud
718 2449 891 2522 Regiensem
912 2450 1060 2507 ecclesiam
1109 2457 1238 2520 vexatus,
1256 2450 1344 2508 etiam
1358 2451 1389 2506 in
1409 2447 1598 2505 sacerdotibus
1617 2463 1649 2501 ec
1666 2442 1828 2501 ministrisr

244 2542 484 2613 convenissemus,
500 2548 529 2598 et
540 2543 776 2616 transgressionis
784 2543 860 2616 apud
872 2544 1059 2601 Ebreduncn·
1109 2546 1246 2619 acjurgia
1256 2549 1286 2601 et
1294 2545 1352 2601 vim
1359 2543 1569 2600 acerbissimam
1577 2539 1739 2613 perniciosa
1748 2552 1828 2610 nupsi

244 2653 304 2693 sem
324 2637 473 2692 ecclesiam
497 2636 601 2692 habitae
623 2637 784 2694 remedium
802 2642 991 2709 quereretur,
1006 2654 1062 2711 qua
1110 2640 1278 2714 pertulerat,
1293 2655 1347 2694 nec
1362 2639 1486 2711 poterat,
1500 2635 1617 2692 differri.
1634 2635 1779 2690 Bonorum
1796 2646 1827 2687 ac

243 2730 348 2786 sanetis
370 2730 502 2786 Ecclesiae
524 2730 693 2800 canonibus,
714 2747 747 2786 ac
771 2731 934 2787 reverendis
945 2733 1061 2787 Petrum
1111 2734 1198 2806 plinae
1206 2733 1410 2790 memornevel
1419 2730 1629 2803 exspectatione
1637 2727 1769 2784 videatur
1777 2740 1828 2782 con

243 2823 494 2880 constitutionibus
506 2823 584 2878 omni
597 2829 677 2895 parte
690 2825 840 2897 neglectis,
853 2824 961 2897 absque
971 2825 1060 2880 trium
1111 2823 1188 2878 cium
1197 2826 1225 2878 et
1234 2822 1430 2894 inquietorum
1439 2823 1504 2875 vota
1513 2819 1638 2891 palpare,
1649 2831 1775 2889 quorum
1785 2828 1828 2870 coi

244 2917 417 2990 praesentia,
442 2916 548 2990 absque
569 2917 787 2989 provincialium
810 2918 932 2987 litteris,
955 2918 1062 2991 absque
1111 2915 1278 2989 tionesque
1293 2916 1322 2970 in
1338 2914 1514 2987 praeteritum
1527 2912 1676 2985 (quantum
1686 2909 1828 2982 deprehen

246 3010 456 3083 metropolitani
476 3011 644 3068 auctoritate
664 3011 774 3068 irritam
794 3011 981 3068 ordinationis
997 3028 1062 3084 spe·
1112 3013 1175 3081 test)
1198 3009 1443 3066 animadversione
1465 3005 1653 3063 ecclesiastice
1672 3003 1828 3077 puniendas¹

246 3103 320 3162 ciem
347 3121 364 3159 a
386 3103 498 3160 duobus
516 3109 625 3160 temere
646 3105 877 3162 convenientibus
904 3104 969 3180 92
988 3122 1061 3178 prae·
1112 3105 1241 3161 futurum
1264 3103 1461 3176 mancipandae
1482 3106 1573 3158 eraut.
1601 3102 1698 3172 ltaque
1718 3097 1828 3153 ordinat

247 3201 391 3271 sumptam
403 3213 464 3254 esse
476 3198 614 3269 clarebat,
633 3216 690 3255 non
706 3198 804 3256 minus
823 3195 933 3256 doloris
944 3200 980 3256 de
992 3184 1064 3272 prse-
1113 3215 1197 3271 quam
1214 3214 1339 3254 canones
1365 3197 1474 3252 irritam
1497 3193 1647 3264 definiunt,
1673 3209 1726 3248 nos
1743 3206 1828 3265 quoqa

247 3297 361 3365 sumpto
375 3291 456 3365 lapsu
470 3308 557 3363 quam
578 3292 613 3348 de
633 3292 761 3350 ecclesiae
776 3293 864 3366 ipsius
880 3294 1062 3350 counxlsione
1114 3292 1255 3348 cuandam
1268 3308 1328 3348 esse
1341 3290 1513 3360 censuimus,
1529 3290 1559 3344 in
1571 3305 1626 3361 qua
1639 3285 1828 3360 praetermissa

246 3387 278 3444 in
290 3386 450 3459 pectoribus
467 3385 597 3442 omnium
616 3386 730 3444 diutina
750 3387 899 3444 collatione
920 3391 1064 3444 versatum
1113 3386 1275 3459 prasentia,
1289 3401 1342 3441 nec
1361 3384 1493 3458 expetitis
1513 3380 1796 3455 comprovincialium
1815 3377 1828 3434 li

248 3486 299 3538 cst.
312 3480 441 3536 Primum
454 3480 549 3552 itaque
568 3480 634 3553 quia
652 3497 709 3537 non
727 3480 891 3553 ulciscendi,
905 3482 955 3538 sed
969 3497 1062 3537 reme·
1114 3479 1331 3552 metropolitani
1341 3494 1457 3551 quoque
1465 3476 1758 3547 voluntateneglecta,
1767 3488 1828 3547 prm

248 3571 346 3631 diandi
359 3573 485 3631 studium
497 3578 570 3630 nutu
582 3574 697 3631 Domini
718 3575 921 3632 universorum
938 3574 1063 3650 pectori·
1114 3573 1244 3647 hilquod
1258 3574 1422 3646 episcopum
1436 3573 1552 3641 laceret,
1567 3573 1713 3626 ostensum
1725 3573 1778 3624 ast.

248 3669 301 3725 bus
309 3678 425 3741 prorsus
437 3668 604 3725 sacerdotali
614 3669 732 3725 consilio
747 3669 890 3726 insederat
904 3669 934 3725 in
952 3656 1102 3731 sermo-C

249 3761 333 3819 nibus
351 3762 470 3835 singulis
494 3778 547 3834 pro
568 3762 675 3835 pietate
693 3767 842 3836 perspecta
859 3763 968 3835 patuit,
990 3763 1066 3836 quod
1151 3763 1186 3818 ll.
1206 3764 1302 3835 ltaque
1324 3759 1355 3816 in
1381 3760 1527 3817 voluntate
1545 3757 1653 3833 placuit
1671 3756 1829 3828 Dominis

250 3857 323 3913 sicut
336 3857 459 3929 reprobe
471 3872 535 3929 quae
546 3863 722 3929 presumpta
736 3859 832 3913 essent
843 3856 873 3911 in
888 3857 1002 3913 irritum
1015 3857 1065 3912 de·
1115 3857 1171 3912 hoc
1194 3857 1242 3928 qui
1265 3872 1417 3929 perperam
1433 3856 1594 3927 assumptus
1618 3855 1679 3909 erat
1696 3852 1829 3924 episcope

250 3950 389 4021 vocanda,
403 3949 444 4006 ita
453 3965 502 4006 eos
512 3948 561 4021 qui
571 3950 692 4023 reproba
700 3949 958 4023 presumpsissent,
967 3965 1067 4022 quam·
1116 3951 1235 4006 omnino
1248 3951 1370 4006 fratrum
1390 3949 1621 4007 constitutionem
1638 3945 1823 4003 ecclesiastica

249 4046 291 4101 vis
315 4044 490 4100 contundere
516 4059 634 4099 censura
662 4047 779 4115 cogeret
808 4042 939 4099 charitati
969 4043 1068 4100 liceret
1117 4044 1330 4115 tioneservata3
1344 4061 1442 4101 rerum
1461 4043 1599 4115 quiahaec
1616 4044 1715 4097 saneta
1735 4037 1829 4114 synod

252 4137 408 4204 absolvere,
422 4135 583 4208 praesertim
599 4149 667 4191 oum
687 4136 718 4191 hi
738 4136 787 4208 quii
808 4136 838 4191 iu
858 4139 918 4192 tam
933 4153 1068 4210 perversa
1118 4137 1297 4210 disciplinam
1315 4142 1437 4206 tantum,
1461 4136 1512 4192 sed
1538 4140 1566 4192 et
1589 4133 1814 4191 misericordiam

252 4228 638 4302 incidissentaprimolapsu
648 4228 737 4303 ipsius
750 4229 807 4286 diei
815 4229 950 4288 adhibitis
963 4230 1068 4304 passim
1118 4247 1242 4305 cumque
1270 4237 1437 4303 occurreret,
1463 4230 1540 4305 quod
1563 4247 1593 4286 se
1620 4228 1812 4285 amuentarius

253 4324 384 4398 precibus
406 4324 519 4395 culpam
545 4322 598 4378 sibi
621 4323 805 4394 prenitentes,
828 4328 879 4380 aut
897 4323 1069 4397 ignorantiae
1119 4326 1255 4399 proximis
1267 4326 1359 4382 cidem
1379 4325 1504 4381 ecclesiae
1522 4325 1612 4379 multa
1630 4326 1829 4378 assentatornu

254 4417 456 4491 proscriptioni
471 4416 669 4489 imputassent,
683 4416 752 4490 qula
766 4422 795 4473 et
806 4417 829 4473 si
847 4417 992 4475 inveniale
1007 4437 1067 4476 cre·
1119 4421 1206 4476 lentis
1219 4420 1371 4488 retulisset,
1388 4419 1575 4475 occurrebant
1586 4421 1685 4473 umen
1704 4415 1783 4488 quod
1799 4430 1829 4470 au

255 4514 374 4569 deretur
394 4511 568 4567 sacerdotem
591 4509 776 4568 sacerdotalia
797 4515 902 4569 statuta
935 4514 1068 4586 nescisse,
1119 4515 1309 4572 monitionem
1321 4514 1490 4570 discessisset
1501 4511 1580 4584 quod
1594 4510 1765 4566 anonnullis
1778 4523 1829 4564 saa

255 4606 344 4663 levius
358 4608 456 4661 tamen
470 4607 532 4660 erat
544 4620 630 4676 quam
647 4605 672 4660 si
691 4621 740 4662 ore
758 4603 918 4677 impudenti
934 4608 1072 4664 fateretur
1120 4609 1174 4665 bus
1193 4608 1223 4664 in
1244 4609 1299 4664 hoc
1324 4609 1417 4681 ipsum
1443 4607 1634 4676 confirmatus,
1660 4621 1689 4661 se
1710 4604 1796 4660 etiam
1816 4616 1829 4675 ι

257 4717 287 4758 ec
299 4703 368 4756 nota
378 4699 510 4754 calcasse·
1122 4702 1221 4759 domui
1232 4702 1414 4773 reddidisset,
1429 4701 1504 4774 quod
1516 4700 1650 4773 epistolas
1664 4698 1700 4753 ad
1716 4698 1825 4754 clerum

292 4795 359 4850 Car.
373 4795 394 4848 l.
407 4793 477 4847 ltem
487 4790 594 4865 eosqui
604 4793 820 4851 tamincondita
834 4796 938 4852 actam
952 4789 1072 4852 instabi-
1123 4797 1264 4868 emiserat,
1286 4798 1388 4870 quibus
1411 4796 1605 4869 episcopatum
1624 4809 1711 4866 quem
1735 4808 1765 4849 sa
1785 4788 1830 4847 iud

258 4889 297 4945 lia
309 4890 525 4959 usurpaverant,
540 4886 647 4959 placuit
664 4888 866 4945 misericordiae
872 4895 913 4945 ·et
927 4890 1074 4946 charitatis
1124 4892 1297 4965 agnoscebat
1313 4895 1448 4964 appetere
1465 4889 1687 4956 renuntiaverat,
1710 4891 1771 4942 erat
1783 4885 1829 4942 in·

258 4998 375 5040 occursu
390 4980 430 5035 ita
443 4979 473 5034 in
487 4981 717 5038 communionem
728 4982 968 5056 dilectionemque
975 4983 1072 5056 recipi,
1125 5003 1209 5042 suum
1220 4990 1333 5058 potens,
1345 4986 1433 5040 ethoc
1442 4984 1538 5057 ipsum
1545 4982 1623 5056 quod
1634 4981 1773 5037 stabiliter
1784 4978 1829 5036 eti

259 5083 291 5135 ut
304 5076 410 5132 scirent
419 5073 577 5130 secundum
588 5082 733 5132 recentem
744 5081 774 5132 et
782 5075 998 5133 saluberrimam
1007 5034 1113 5132 Tau·D
1125 5084 1271 5154 sumptum
1286 5082 1358 5149 erat,
1368 5079 1430 5151 jam
1438 5084 1507 5134 tunc
1519 5078 1712 5133 inordinatum
1727 5081 1756 5133 et
1767 5072 1830 5131 irrlt

259 5170 359 5229 rinatis
371 5166 471 5241 synodi
483 5167 682 5225 definitionem
690 5170 727 5225 ad
740 5173 911 5244 perpetuam
919 5171 985 5227 vita
995 5170 1075 5227 istius
1124 5180 1233 5246 turum,
1250 5178 1439 5248 protestatum
1457 5189 1518 5229 esse
1531 5172 1702 5229 confirmans
1714 5170 1744 5226 iu
1756 5168 1830 5225 illam

261 5270 445 5330 suffusionem
458 5267 578 5324 nullisse
588 5269 623 5325 de
632 5272 735 5326 caetero
745 5265 981 5341 ordinationibus,
990 5272 1075 5327 nullis
1125 5275 1237 5342 partem
1250 5269 1387 5325 declinata
1406 5269 1549 5325 sententia
1562 5270 1614 5336 est,
1629 5272 1663 5322 ut
1672 5263 1774 5338 juveni
1788 5261 1830 5319 ed«

259 5363 413 5424 ordinariis
425 5363 537 5418 loturos
549 5361 684 5419 interesse
705 5362 840 5431 consiliis,
861 5363 929 5436 quia
943 5363 1016 5420 nihil
1028 5382 1074 5421 sa·
1125 5366 1231 5421 timore
1242 5364 1357 5421 Domini
1365 5364 1429 5437 plus
1438 5363 1654 5434 suffragaretur,
1665 5357 1830 5434 quodinaet

258 5458 386 5517 lubreab
402 5455 459 5513 illis
477 5455 660 5512 statuendum
683 5461 903 5529 exspectaretur,
923 5457 973 5531 qui
990 5464 1076 5516 tantae
1126 5459 1236 5516 sissimo
1245 5457 1390 5515 interdum
1404 5475 1473 5515 sana
1483 5457 1625 5525 sensisset,
1642 5470 1729 5528 quam
1738 5450 1830 5526 quod⁴

260 5549 453 5626 occupationis
472 5553 533 5605 tam
550 5549 721 5605 detestande
741 5552 872 5625 exempla
892 5553 1077 5626 praebuerant
1124 5553 1201 5610 libus
1220 5551 1425 5610 titillationibus
1440 5552 1536 5626 aliqua
1552 5551 1582 5607 iu
1595 5553 1675 5623 parta
1689 5547 1827 5604 cessisset.

261 5643 455 5702 Ebrcdunensi
468 5642 601 5699 ecclesiis.
626 5646 697 5698 Ante
722 5645 818 5700 omnia
840 5653 950 5703 niature
972 5647 1073 5716 visum,
1124 5647 1324 5721 pretermissis
1337 5645 1381 5703 his
1388 5663 1452 5720 quae
1465 5646 1495 5701 in
1505 5646 1637 5719 ingressu
1654 5642 1743 5715 ipsius
1758 5654 1823 5697 enm

261 5738 479 5809 consulendum,
494 5736 561 5810 quia
573 5742 697 5809 quatuor
706 5738 741 5795 de
753 5737 859 5797 biennii
871 5740 1017 5798 mensibus
1028 5759 1074 5798 sa·
1125 5741 1210 5798 ullius
1223 5738 1410 5799 excusationis
1424 5740 1529 5813 effugio
1539 5742 1630 5814 culpae
1642 5736 1814 5794 associatum
1828 5755 1830 5785 ι

261 5832 377 5885 cordotu
390 5832 520 5901 legitimo
536 5828 669 5888 destituta
679 5833 733 5888 hoc
747 5833 860 5905 gravius
874 5839 1073 5909 aegrotaverat,
1124 5839 1201 5906 rant,
1211 5838 1289 5894 velut
1295 5837 1479 5892 innocentem
1485 5830 1830 5909 eumdempraterirsnc
