3870 6150
806 270 1061 328 recumbente.
1731 288 1769 328 vu

75 407 212 460 arentum
228 402 413 473 desumptum
427 416 463 457 ex
477 398 595 471 epistola
609 398 741 469 Gregorii
755 398 787 453 ill
805 398 840 453 ad
860 397 1007 469 episcopos
1020 394 1119 451 Gallia
1136 398 1166 449 et
1180 393 1341 451 Germaniae
1352 393 1421 450 anni
1436 397 1498 463 83⁵2,
1514 395 1537 450 si
1550 396 1654 451 nothra
1676 396 1721 461 sit,
1738 402 1770 453 at

77 494 201 548 Richter
215 494 322 547 censet.
340 492 545 546 Verumtamen
559 503 702 560 ponamus
714 491 743 542 et
753 486 909 557 genuinam
923 501 995 556 assa,
1011 489 1079 541 tunc
1094 483 1178 555 piane
1191 500 1250 538 non
1265 484 1367 555 liquet,
1376 488 1475 539 utrum
1485 484 1548 554 ipsa
1556 500 1592 540 ex
1605 484 1723 553 isidoro,
1733 501 1770 541 an
1830 478 1835 487 '

77 582 209 637 lsidorus
222 597 257 637 ex
278 581 343 653 ipsa
362 578 498 635 hauserit.

115 710 252 782 llagnnm
265 708 392 779 denique
405 706 540 779 quiddam
559 720 588 760 se
606 706 740 775 prestare
757 701 813 757 sibi'
828 700 905 756 visus
919 702 962 755 est
976 699 1129 767 Eichhnm,
1145 702 1179 754 ut
1191 698 1269 755 idem
1287 698 1440 767 evinceret,
1454 701 1531 772 quod
1540 701 1657 756 tibrum
1669 703 1769 757 Ponti-

79 800 203 867 ficalem,
217 814 275 869 qno
290 796 453 869 praeprimis
468 812 539 851 usus
558 798 602 849 est
616 794 766 861 llercator,
784 795 865 847 extra
886 788 996 845 ltaliam
1016 787 1195 859 incognitum
1213 786 1309 858 fuisse,
1330 786 1371 843 nti
1388 788 1507 859 putabat
1527 788 1673 845 detexerit.
1687 790 1769 855 Quod
1845 832 1849 841 .

80 889 191 962 oppido
206 889 312 943 falsum
332 892 385 956 est,
401 902 466 941 cum
485 888 513 940 et
528 884 604 940 Beda
620 881 794 938 Venerabilis
813 880 979 936 saeculoram
994 879 1042 933 illo
1060 893 1127 932 usus
1148 877 1244 943 fuerit,
1264 892 1357 949 neque
1375 877 1468 932 desint
1485 879 1614 947 eiusdem
1632 880 1770 952 temporis

81 981 197 1036 codices
217 977 366 1034 Gallicani.
381 975 436 1031 Sed
457 974 526 1047 quid
547 978 659 1044 tempus
680 972 800 1028 terimus
816 968 983 1026 refellendis
1005 968 1125 1022 istorum
1148 965 1323 1032 ratiunculis,
1344 982 1410 1020 cum
1432 967 1580 1037 pontitices
1602 969 1666 1038 duo,
1689 970 1771 1025 annis

80 1069 174 1123 adhuc
197 1071 251 1123 850
274 1074 302 1121 et
324 1069 386 1135 863,
408 1064 465 1136 ipsi
485 1062 636 1118 canonicas
651 1061 843 1115 'auctoritates
865 1061 1075 1124 enumerantes,
1098 1055 1201 1127 quibus
1224 1057 1353 1110 Romana
1376 1056 1500 1110 Ecclesia
1523 1062 1632 1125 utatur,
1656 1060 1770 1115 nonnisi

80 1157 284 1222 decretalium,
304 1171 369 1227 quae
389 1154 419 1208 in
440 1152 608 1208 collectione
624 1149 795 1221 Dionysiana
814 1148 941 1204 auctiora
960 1146 1153 1213 continentur,
1175 1143 1353 1199 mentionem
1376 1144 1493 1200 lirciunt.
1515 1147 1557 1201 lta
1576 1148 1631 1202 Leo
1651 1149 1694 1216 lt,
1709 1150 1771 1220 epi·

80 1248 156 1301 stola
174 1249 192 1300 2
212 1244 249 1299 ad
266 1244 413 1315 episcopos
431 1240 585 1296 Britanniae
600 1239 653 1311 (lt)
670 1256 676 1294 :
696 1261 710 1288 ιι
726 1239 765 1293 lle
782 1237 883 1293 libellis
901 1242 930 1293 et
948 1234 1162 1291 commentariis
1179 1234 1302 1289 aliorum
1322 1250 1380 1288 non
1400 1237 1534 1291 convenit
1551 1237 1677 1310 aliquem
1691 1239 1772 1310 judi·

82 1352 146 1391 care
161 1340 191 1389 et
206 1338 372 1389 sauctorum
384 1331 570 1387 conciliorum
583 1344 706 1385 canones
720 1329 883 1399 relinquere
897 1328 941 1383 vel
953 1324 1138 1380 decretalium
1151 1323 1273 1393 regulas,
1288 1323 1315 1378 id
1329 1329 1382 1394 est,
1397 1341 1461 1396 qnae
1475 1326 1618 1382 habentur
1629 1328 1708 1400 apud
1720 1345 1773 1385 nos

82 1425 168 1478 simul
189 1422 328 1478 cumillis
346 1422 376 1475 in
396 1436 506 1477 canone
527 1424 556 1474 et
575 1420 679 1492 quibus
699 1419 730 1472 in
752 1417 885 1473 omnibus
904 1413 1097 1473 ecclesiasticis
1118 1413 1225 1467 utimur
1241 1413 1368 1482 judiciis,
1384 1413 1413 1469 id
1433 1419 1484 1482 est,
1503 1417 1710 1488 Apostolorum,
1730 1418 1774 1474 Ni·

83 1531 243 1579 canorem,
256 1516 484 1583 ancyranorum,
507 1507 789 1575 Neocaesariensium
805 1505 1025 1578 Gangrensinm,
1044 1502 1289 1568 Antiochensium,
1314 1502 1537 1572 laodicensium,
1559 1505 1772 1563 Chalcedonen-

83 1605 181 1671 ‹ium,
211 1599 438 1669 sardicensium,
464 1596 750 1667 Carthaginensium,
777 1595 1004 1650 Africancnsinm
1030 1598 1058 1648 et
1082 1609 1147 1647 cum
1174 1590 1229 1645 illis
1255 1592 1361 1663 regulae
1386 1592 1543 1663 praesulum
1565 1596 1772 1669 Romanorum,

83 1694 224 1757 silvestri,
239 1691 340 1759 Siricii,
354 1687 524 1755 iunocentii,
543 1685 655 1753 Zosimi,
675 1685 829 1752 Coelcstini,
843 1684 955 1751 Leonis,
971 1683 1084 1749 Gelasii,
1103 1681 1211 1747 liilarii,
1227 1682 1400 1753 Symmachi,
1416 1684 1562 1756 Simplicii.
1577 1687 1623 1741 lsti
1642 1689 1771 1745 omnimo
1828 1686 1831 1691 ’

84 1788 162 1845 suni,
176 1798 228 1853 per
242 1797 315 1852 quos
330 1779 462 1851 judicant
480 1777 605 1849 episcopi
624 1780 653 1831 et
674 1791 724 1847 per
742 1792 814 1847 quos
829 1774 953 1847 episcopi
973 1775 1057 1829 sirnut
1078 1779 1107 1827 ct
1127 1772 1223 1827 clerici
1234 1772 1409 1843 judicantur.
1426 1775 1494 1828 Nam
1512 1775 1536 1829 si
1554 1776 1609 1830 tale
1625 1780 1775 1836 emerserit

85 1874 128 1928 rel
145 1870 300 1943 contigerit
318 1868 486 1924 inusitatum
506 1865 665 1937 negotium,
681 1864 758 1935 quod
773 1863 890 1919 minime
911 1867 1006 1935 posset
1021 1879 1072 1935 per
1085 1862 1155 1916 istos
1168 1861 1255 1930 liniri,
1267 1867 1334 1916 tunc
1348 1861 1370 1916 si
1394 1862 1519 1931 illorum,
1533 1881 1656 1936 quorum
1671 1870 1771 1924 rnemi·

85 1962 180 2027 nistis,
198 1960 275 2015 dieta
294 1956 473 2028 Hieronymi,
494 1954 657 2026 Augustini,
683 1952 783 2008 lsidori
800 1953 845 2007 vel
869 1956 1036 2007 caeoerornm
1058 1950 1188 2004 similiter
1208 1954 1372 2004 sanctorum
1394 1949 1546 2006 doctorum
1571 1954 1706 2011 similium
1726 1974 1772 2011 re-

85 2054 173 2122 perta
189 2049 303 2117 fuerint,
317 2044 542 2118 magnanimiter
561 2046 628 2097 sunt
646 2041 796 2098 retinenda
816 2056 848 2095 ac
866 2041 1079 2113 promulganda
1100 2041 1141 2094 vel
1156 2040 1193 2094 ad
1208 2039 1393 2109 apostolicam
1411 2040 1509 2094 sedem
1527 2042 1666 2099 referatur
1680 2045 1715 2100 de
1728 2050 1772 2101 ta·

87 2142 179 2195 libus.

123 2268 181 2321 Nec
201 2264 294 2319 minus
311 2257 469 2316 Nicolausl
492 2256 640 2329 episeopus
660 2253 697 2308 ad
714 2253 898 2308 liincmarum
920 2253 1109 2309 Rbemcnscm
1124 2270 1151 2309 a.
1172 2256 1222 2310 863
1239 2253 1291 2324 (ιὸ)
1307 2271 1314 2308 :
1332 2256 1495 2312 «Praeterea
1515 2259 1632 2330 qrridem
1656 2265 1685 2315 ct
1706 2279 1772 2318 san-

82 2359 189 2421 cimus,
204 2370 240 2409 ne
253 2350 373 2425 quilibet
387 2386 440 2404 .....
456 2346 573 2417 impune
585 2343 695 2399 audeat
707 2358 758 2398 sen
768 2342 860 2398 valmt
872 2342 965 2398 aliena
977 2348 1111 2414 expetere
1129 2348 1178 2398 aut
1196 2346 1361 2414 exspectare
1373 2344 1482 2414 judicia
1494 2352 1544 2402 aut
1555 2348 1662 2404 alienas
1677 2356 1775 2406 contra

84 2461 215 2502 carrones
231 2440 427 2498 ordinationes
447 2436 591 2507 suscipere
610 2433 653 2489 vel
674 2433 711 2488 ad
729 2433 798 2488 alias
815 2432 976 2505 provincias
992 2432 1187 2504 irregulariter
1201 2432 1361 2500 convolare,
1378 2434 1427 2488 sed
1446 2435 1487 2490 ita
1506 2440 1536 2490 ιιι
1551 2438 1730 2495 Nicanorem
1746 2446 1776 2495 et

83 2542 260 2590 eaeterurum
277 2529 463 2589 conciliorum
485 2525 630 2581 canorricis
648 2523 863 2578 definitionibus
883 2530 925 2579 est
944 2523 1158 2594 promulgatum
1178 2528 1206 2578 et
1228 2523 1377 2578 beatonrm
1399 2523 1503 2594 Siricii,
1527 2526 1696 2595 innocentii,
1720 2531 1774 2584 Zu-

85 2626 165 2692 simi,
179 2620 331 2689 Caelestini,
347 2618 494 2686 Bonifacii,
508 2615 621 2684 Leonis,
637 2613 747 2681 llilarii,
758 2613 872 2681 Gelasii,
884 2613 1015 2686 Gregorii
1029 2630 1060 2668 ac
1069 2619 1237 2669 caeterorum
1253 2614 1389 2668 Romana
1401 2615 1475 2669 sedis
1488 2616 1655 2686 pontificum
1670 2622 1772 2675 coristi-

84 2713 250 2768 tntionibns
261 2713 303 2765 est
317 2709 474 2775 decretum,
490 2706 567 2760 salvo
582 2704 610 2758 in
628 2702 762 2758 omnibus
773 2702 839 2774 jure
853 2703 1110 2774 apostolicaesedis.
1127 2725 1140 2749 »ι

123 2839 201 2903 Quid
216 2837 303 2908 igitur
317 2833 439 2907 longiori
460 2831 591 2888 examine
612 2845 684 2901 opus
703 2832 754 2899 est,
769 2844 835 2883 cum
851 2828 904 2900 ipsi
921 2829 1067 2901 pontifices
1085 2846 1114 2883 se
1130 2828 1165 2883 ab
1179 2828 1332 2899 ejusmodi
1350 2829 1464 2885 fictione
1480 2832 1666 2890 alienissimos
1678 2841 1773 2895 osten·

84 2931 166 2993 dant,
183 2928 294 2995 saliem,
306 2924 479 2997 quodmodo
494 2922 577 2978 nobis
593 2919 724 2986 sulliciat,
738 2920 774 2974 ad
789 2934 897 2974 annum
912 2935 1002 2991 usque
1016 2922 1078 2981 863,
1092 2934 1149 2988 qim
1162 2921 1238 2973 certe
1247 2919 1308 2988 jam
1323 2918 1515 2991 undequaque
1524 2920 1656 2980 inGalliis
1669 2944 1774 2999 sparsae

84 3022 172 3073 erant
185 3032 296 3071 merces
308 3012 593 3069 pseudoisidoriana.

123 3148 150 3197 3.
167 3141 281 3197 Amatis
302 3156 368 3211 quae
385 3138 546 3207 obstabant,
567 3137 603 3192 ad
623 3136 742 3209 positiva
764 3139 937 3209 argumenta
958 3136 1146 3208 procedamus
1166 3142 1251 3209 atque
1272 3138 1388 3210 quando
1410 3142 1438 3193 ct
1460 3140 1509 3194 ιιιιι
1531 3140 1666 3197 confictus
1687 3144 1776 3199 fuerit

85 3231 323 3287 Pseudoisidorus
340 3235 507 3284 statuamus.
527 3228 557 3283 ld
576 3226 737 3299 praeprimis
756 3230 867 3281 certum
885 3225 997 3281 videtur
1017 3243 1051 3281 ar
1071 3226 1114 3295 iis,
1133 3243 1197 3298 quse
1216 3227 1348 3283 ballerini
1369 3232 1433 3300 tlt),
1454 3230 1555 3298 linust,
1572 3233 1774 3289 Wasserschle·

85 3323 143 3376 ben
167 3325 385 3392 congesserunt,
411 3318 581 3385 rationibus,
605 3317 635 3372 in
656 3317 763 3373 ditione
787 3317 961 3372 Francorum
985 3317 1092 3372 frnrrdis
1115 3317 1256 3372 cimabula
1280 3334 1341 3374 esse
1364 3320 1547 3391 requirenda.
1569 3323 1640 3377 Nam
1664 3324 1776 3381 codices
1884 3308 1894 3328 ⁸

87 3428 192 3466 omnes
208 3415 237 3464 et
258 3410 319 3481 ipse
340 3409 490 3465 Vaticanus
513 3425 542 3464 n.
566 3411 629 3477 630,
648 3408 697 3480 qui
719 3408 848 3463 omnium
868 3406 1083 3479 antiquissimus
1104 3414 1156 3475 est,
1173 3409 1238 3463 inde
1261 3410 1402 3481 originem
1419 3413 1575 3467 traxerunt.
1592 3413 1776 3469 Becretalesa

87 3501 208 3554 Francis
220 3498 381 3554 auctorfflus
392 3498 519 3570 primum
536 3498 708 3570 allegantur,
726 3498 819 3553 fontes
838 3514 873 3552 ex
891 3497 994 3569 quibus
1016 3498 1110 3552 hausit
1125 3498 1368 3567 Pseudoisidorus,
1385 3516 1491 3572 nempe
1510 3501 1625 3557 decreta
1639 3503 1775 3558 concilio·

85 3607 158 3645 nrm
174 3590 312 3660 Hispania
325 3593 355 3644 et
373 3588 479 3655 Galliae,
494 3588 672 3643 Breviarium
690 3587 885 3643 Alaricianum
901 3603 966 3642 cum
984 3587 1220 3658 interpretatione
1239 3588 1353 3655 Aniaui,
1373 3589 1508 3645 Collectie
1527 3608 1669 3647 canonum
1687 3593 1775 3657 Ques·

87 3679 170 3747 nelli,
188 3679 315 3749 epistolae
333 3681 361 3734 S.
381 3678 517 3734 Bonifacii
536 3677 694 3749 ldoguntini
713 3676 750 3731 ad
764 3692 887 3748 regnum
899 3676 1116 3746 Carolingorum
1135 3681 1274 3746 spectant.
1292 3680 1426 3733 Colleclia
1438 3680 1599 3751 llispnniea,
1615 3697 1701 3753 quam
1718 3699 1776 3737 sirie

86 3769 316 3824 fundamentum
329 3768 398 3824 fecit
409 3768 640 3825 Pseudoisidorus
650 3767 684 3821 iis
696 3765 906 3822 mutationibus
921 3764 1021 3820 allecta
1036 3764 1111 3834 apud
1129 3764 1221 3836 ipsum
1235 3771 1363 3837 apparet,
1379 3785 1442 3839 quae
1458 3769 1487 3823 ιιι
1500 3770 1643 3825 codicibus
1657 3773 1779 3841 originis

85 3861 242 3914 Gallicanae
266 3859 448 3931 reperiuntur
471 3858 523 3929 (20)
538 3875 545 3912 :
562 3857 613 3912 sed
636 3860 665 3911 et
686 3857 798 3929 loquela
820 3856 959 3911 Francum
980 3853 1097 3925 prodit:
1115 3870 1141 3908 ι’,
1168 3872 1194 3926 g.
1219 3858 1295 3910 crissi
1312 3856 1446 3910 dicuntur
1467 3858 1566 3927 legati,
1588 3863 1703 3915 scitiores
1723 3878 1775 3931 pro

85 3949 216 4005 dominis
234 3948 403 4018 feudalibus,
421 3951 527 4004 comites
546 3964 641 4017 sensu,
661 3946 710 4018 qui
730 3951 798 4002 tunc
817 3945 945 4014 invaluit,
966 3946 1227 4015 legnrrtrrr3m1nire.
1250 3947 1355 4005 luttere,
1373 3947 1526 4009 moitnmu,
1545 3951 1678 4006 caulodire
1691 3967 1775 4007 voca·

85 4040 155 4095 bula
168 4039 208 4093 ad
224 4055 309 4093 usum
321 4039 652 4095 Frananermanorum
663 4036 845 4092 adhibentur.

124 4173 156 4225 ln
179 4170 331 4225 statuendo
351 4169 459 4225 fraudis
480 4176 611 4242 tempore
632 4170 789 4224 terminum
810 4170 845 4225 ad
871 4185 957 4241 quem
977 4167 1128 4223 indubium
1151 4168 1288 4223 habemus
1308 4168 1336 4223 in
1353 4171 1499 4225 Conventu
1522 4171 1706 4228 carisiacensi
1726 4190 1776 4229 an·

84 4263 115 4316 ni
128 4264 198 4327 837,
215 4260 266 4331 qui
277 4260 574 4315 Pseudodecretnlibus
587 4259 742 4315 certissime
754 4276 823 4315 usus
836 4262 888 4316 est.
904 4259 1069 4315 Terminum
1083 4275 1099 4312 a
1113 4275 1171 4330 quo
1186 4258 1347 4313 llluudellus
1361 4264 1389 4314 et
1403 4260 1557 4329 Ballerinii,
1575 4262 1776 4318 Wasserselrle-

85 4352 154 4415 ben,
167 4349 289 4404 Gfrorer
303 4349 333 4403 in
345 4350 486 4420 synodum
505 4349 692 4406 Parisiensem
711 4366 786 4405 anno
803 4353 865 4418 883,
879 4350 987 4405 Walter
1005 4349 1034 4404 in
1056 4349 1205 4421 epistolam
1225 4349 1355 4420 Gregorii
1375 4351 1407 4404 ll'
1423 4367 1448 4404 a.
1469 4353 1530 4419 832,
1547 4352 1636 4407 hirriat
1649 4352 1678 4407 in
1692 4370 1776 4425 syno-

86 4441 160 4494 dum
175 4442 341 4510 Aquenscm
355 4442 418 4507 838,
430 4456 592 4512 reposuere,
610 4457 644 4496 eo
658 4441 735 4514 qnod
749 4441 887 4512 impostor
901 4457 935 4496 er
947 4439 1016 4512 ipsis
1028 4439 1153 4493 hausisse
1165 4438 1304 4494 videatur.

123 4571 162 4621 At
190 4565 348 4621 istiusmodi
369 4568 572 4636 argumentum
591 4582 649 4621 non
672 4566 796 4621 solidum
811 4566 878 4620 satis
898 4566 1020 4621 ridetur.
1044 4565 1185 4629 Quaeritur
1209 4565 1287 4620 enim
1308 4566 1338 4620 in
1358 4567 1497 4638 ejusmodi
1518 4569 1640 4639 casibus,
1663 4571 1725 4641 qtlfs
1743 4589 1778 4626 ex

87 4657 217 4725 dnobus,
232 4671 304 4726 quos
323 4655 362 4710 ita
380 4671 535 4710 consonare
555 4655 659 4724 videas,
675 4660 706 4710 ιιι
723 4655 758 4710 ab
775 4656 894 4712 invicem
910 4656 1036 4728 pendere
1055 4670 1169 4710 necesse
1187 4654 1232 4721 sit,
1246 4657 1368 4711 alterum
1387 4661 1498 4714 secutus
1514 4660 1611 4727 fuerit,
1627 4663 1690 4732 quis
1705 4680 1777 4733 pru·-

86 4748 220 4801 cesserit.
242 4745 368 4801 Sufficiat
382 4746 471 4817 igitur
490 4746 651 4818 praeprimis
670 4747 754 4803 nobis
778 4747 924 4819 aliquanto
944 4751 1011 4803 ante
1035 4749 1206 4803 conventum
1228 4747 1449 4805 carisiacensem
1472 4756 1612 4821 tempora,
1630 4752 1733 4807 saeculo
1753 4768 1779 4807 ιιι

86 4837 255 4901 mediante,
267 4835 514 4893 Pseudoisidorum
528 4837 558 4891 in
571 4838 664 4893 lucem
677 4839 813 4910 erupisse.

126 4969 152 5022 l.
169 4967 209 5021 [ι
229 4969 328 5021 autem
348 4967 464 5039 penitus
484 4968 514 5023 in
534 4968 678 5037 tenebras,
699 4985 764 5041 quae
782 4969 931 5041 epocham,
945 4974 1103 5037 auctorem,
1119 4986 1235 5041 scopum
1253 4969 1549 5025 Pseudodecretalium
1564 4977 1722 5043 contegunt
1734 4973 1779 5028 in·

87 5056 308 5129 trospieiamus,
324 5060 446 5128 oportet,
460 5062 494 5113 ιιι
513 5057 549 5113 ad
568 5058 656 5113 alium
674 5058 837 5114 falsatorem
854 5059 983 5131 ejusdem
1001 5059 1063 5126 aevi,
1084 5060 1133 5131 qui
1153 5058 1368 5114 Pseudoisidorn
1390 5060 1637 5130 conjunctissimus
1657 5062 1779 5129 videtur,

86 5151 228 5205 animum
243 5148 434 5206 advertamus.
451 5150 619 5205 Benedictus
632 5149 656 5205 is
671 5154 724 5218 est,
740 5151 836 5206 Levita
847 5151 1032 5224 llogimtinus
1050 5154 1113 5222 (tl),
1129 5151 1178 5222 qui
1194 5153 1226 5206 ut
1244 5150 1303 5221 ipse
1322 5150 1352 5204 in
1372 5150 1415 5205 sui
1434 5151 1527 5222 operis
1546 5152 1713 5224 praefatione
1728 5154 1779 5219 ait,

83 5242 213 5310 jubente
232 5238 430 5313 arhiepiscopo
452 5256 503 5295 suo
524 5239 653 5312 0tgario,
666 5255 771 5296 nevam
792 5241 990 5298 collectionem
1006 5241 1222 5314 capitularium,
1242 5257 1306 5312 quae
1322 5240 1462 5313 Ausegisii
1480 5242 1609 5314 syllogeu
1624 5243 1779 5314 suppleret,

87 5348 119 5384 er
137 5327 292 5383 schedulis
303 5345 376 5401 quas
391 5329 549 5402 Riculphus
569 5331 712 5403 qnondam
731 5331 960 5405 archiepiscopus
975 5340 1167 5405 congesserat,
1182 5331 1388 5387 conficiendam
1404 5331 1458 5386 sibi
1471 5331 1627 5404 proposuit.
1643 5332 1699 5387 ista
1713 5346 1779 5386 vere

129 5544 186 5613 Ul
201 5540 302 5611 transi,
315 5542 346 5596 T.
361 5541 427 5610 xil,
442 5542 503 5598 sal.
1002 5542 1054 5611 (tl)
1069 5540 1135 5610 Ejus
1156 5556 1228 5610 opus
1247 5538 1309 5593 vide
1332 5539 1362 5592 in
1382 5537 1485 5593 Baluzii
1506 5534 1661 5614 Capitulan
1678 5548 1780 5615 regum

128 5615 185 5679 ιιΒι
201 5611 301 5680 nansi,
311 5612 343 5668 T.
357 5614 410 5682 xv,
426 5614 488 5669 ³74.
965 5613 1062 5667 anc.
1079 5613 1108 5666 et
1122 5610 1198 5683 apud
1220 5611 1299 5665 Perta
1317 5610 1443 5665 Manium.
1459 5605 1618 5664 Germania
1633 5604 1778 5665 historica.

126 5684 187 5753 χιιι)
203 5683 236 5738 Ι..
250 5700 288 5749 c.,
300 5684 355 5757 58,
369 5701 398 5739 n.
414 5685 457 5749 tl,
472 5685 577 5741 Patrol.
595 5690 617 5741 t.
631 5686 696 5755 tlv,
711 5685 765 5741 col.
780 5689 843 5741 250.
965 5685 1042 5739 Tom.
1055 5684 1099 5751 lV,
1115 5699 1181 5755 pag.
1192 5684 1237 5738 33.
1256 5686 1328 5754 App.

128 5757 184 5825 {205
197 5754 355 5826 Ballerinii,
372 5754 440 5812 ibid.
455 5760 484 5811 et
498 5774 527 5812 n.
547 5759 590 5827 13,
604 5757 667 5813 coll.
682 5759 745 5813 353.
760 5757 792 5813 B.
