3870 6150
214 238 265 295 ess
419 280 429 295 .
661 230 803 294 arnano.
823 232 867 295 ao
885 232 965 294 sac.
991 232 1082 293 ιιι-
1101 227 1222 295 rstooar
1240 224 1452 295 uuacaroats
1841 242 1892 298 sss

207 363 275 400 vans
292 345 363 416 legis
385 345 488 400 divina
498 345 648 413 mandata;
668 345 735 418 quia
760 362 817 402 non
832 344 903 418 legis
917 345 1028 401 audito
1037 345 1274 432 Asubsannabit,
1297 351 1326 402 et
1351 347 1419 402 tunc
1439 344 1575 418 loquetur
1593 345 1630 401 ad
1648 361 1698 402 eos
1717 346 1748 402 in
1773 345 1815 402 ira
1832 363 1891 415 sua,

208 454 254 494 res
263 437 335 510 justi
349 442 415 493 sunt
438 438 514 511 apud
539 440 640 509 Deum,
657 439 732 496 sicut
750 442 849 496 narrat
865 440 1025 512 Apostolus,
1078 443 1107 495 et
1125 440 1155 496 in
1176 440 1273 497 furore
1294 456 1345 495 suo
1367 439 1546 496 conturbabit
1571 456 1620 496 eos
1641 440 1892 511 (Psol.1r‚t,5l,»

209 530 258 586 sed
284 530 406 586 lectores
425 531 497 604 legis
517 531 760 604 justificabuntur.
787 535 842 591 Nos
866 531 944 588 enim
965 533 1027 588 hec
1077 533 1640 591 secundumbeatumleremiamdicens:
1661 554 1676 583 κ
1689 533 1895 606 Falsopropbe·

207 623 341 680 meditari
363 625 520 697 cupientes,
545 631 573 682 et
594 644 630 683 ea
655 644 719 700 quae
741 644 758 683 a
781 630 878 683 sancta
892 627 959 683 sede
978 643 1025 683 ve·
1077 631 1113 685 ιε
1126 627 1172 683 isti
1186 627 1376 684 vaticinantur
1392 628 1421 683 in
1434 627 1550 683 nomine
1562 644 1649 695 meo,
1666 627 1821 683 nonenim
1834 629 1893 684 misi

208 722 267 773 stra
287 719 480 791 apostolorum
503 737 661 794 eorumque
680 738 871 777 successorum
894 720 1028 792 proedica·
1078 738 1136 789 eos,
1157 724 1186 776 et
1199 737 1258 777 non
1273 720 1397 794 praecepi
1417 721 1467 789 eis,
1486 737 1578 793 neque
1592 722 1703 777 locutus
1717 737 1783 776 sum
1797 720 1834 775 ad
1848 739 1893 778 eos

208 811 286 868 tione
299 813 474 885 suscepimus
487 816 573 887 atque
584 832 649 887 quae
664 815 693 869 in
705 817 817 871 Nicaena
827 815 934 887 synodo
947 815 1028 871 robe
1076 815 1214 871 visionem
1226 814 1407 885 mendacem,
1422 819 1452 872 et
1463 814 1669 871 divinationem
1683 818 1713 870 ct
1731 814 1893 871 iraudulen-

158 891 161 895 ’
207 915 270 966 rata
287 912 474 984 cognovimus
490 913 653 984 praedicare,
668 917 697 969 et
710 914 882 969 brianonum
895 914 1026 987 blaspha-
1076 910 1145 965 tiam
1160 914 1189 965 ει
1197 909 1392 964 seductionem
1406 909 1500 965 cordis
1514 908 1557 964 sni
1569 909 1744 982 prophetant
1756 909 1843 964 vobis.
1857 911 1893 965 td-

205 1006 287 1073 mias,
306 1011 391 1078 atque
406 1006 530 1062 aliorum
541 1008 740 1063 haereticorum
753 1009 891 1080 repeDere
905 1008 1025 1080 cupien·
1076 1002 1152 1059 circo
1165 1003 1228 1058 haec
1240 1002 1307 1057 dicit
1324 1003 1462 1057 Dominus
1481 1003 1515 1058 de
1536 1002 1684 1075 prophetis
1697 1002 1749 1074 qui
1777 1003 1893 1074 prophe

206 1103 251 1154 tes
268 1099 394 1170 quotidie
415 1100 450 1154 ab
482 1100 527 1155 bis
551 1102 761 1173 persequimur,
789 1105 818 1157 et
848 1101 1025 1157 damnationi
1077 1096 1177 1151 lantin
1196 1096 1390 1151 nominemeo
1404 1095 1607 1152 mendacium:
1631 1102 1717 1152 erunt
1734 1096 1893 1168 projectiin

208 1191 360 1261 tradimur,
376 1197 462 1265 atque
474 1194 561 1250 morti
573 1195 759 1251 destinamur.
784 1195 844 1260 Quo
862 1195 896 1250 dc
916 1212 1025 1268 repre·
1076 1190 1128 1246 viis
1141 1189 1343 1262 Hierosolyma
1367 1193 1428 1257 (ιιι.
1452 1207 1507 1260 ιιι,
1526 1190 1626 1262 ll-l6);
1642 1211 1656 1239 ι
1672 1193 1701 1245 et
1721 1189 1892 1246 conculcatis

209 1300 316 1354 camur,
341 1289 372 1341 ut
397 1287 497 1342 vestris
521 1288 783 1357 exhortationibus,
809 1293 871 1344 tam
900 1306 952 1360 per
977 1305 1027 1345 vos
1076 1283 1204 1340 omnium
1220 1284 1267 1355 pie
1286 1283 1483 1340 confitentium
1498 1300 1556 1355 me,
1570 1284 1890 1356 elnoneritquisepe-

209 1396 297 1452 quam
320 1386 348 1436 et
368 1397 419 1452 per
441 1381 639 1453 apocrisiarios
664 1385 772 1437 vestros
795 1383 972 1454 adjuvemur,
990 1400 1026 1439 ne
1076 1378 1124 1433 liat
1138 1393 1196 1433 eos-
1213 1378 1302 1432 Nemo
1318 1377 1395 1433 enim
1414 1376 1587 1433 abscondere
1609 1380 1703 1448 potest
1723 1377 1891 1450 quibusdan

209 1474 279 1528 dum
294 1473 335 1530 illi
358 1479 489 1530 creseunt
508 1479 536 1530 ει
556 1492 609 1531 nos
628 1475 796 1546 minuimur,
811 1492 879 1533 vera
893 1476 965 1531 tides
979 1476 1027 1531 de
1076 1470 1292 1542 subreptionem
1316 1470 1538 1539 commenticiis,
1566 1470 1647 1525 sicuti
1672 1487 1727 1527 nec
1748 1470 1828 1526 loliis
1849 1471 1891 1526 fici

209 1571 342 1634 struatur,
357 1573 385 1624 ει
393 1584 495 1624 eorum
502 1568 617 1624 haeresis
628 1570 702 1625 ultra
713 1568 798 1625 fidem
810 1574 936 1626 nostram
950 1586 1024 1625 cres·
1075 1564 1200 1636 antiquis
1227 1568 1420 1637 transgressor
1443 1564 1580 1636 praecepti
1599 1563 1690 1621 Adam
1712 1563 1819 1636 potuit,
1845 1565 1890 1636 qui

208 1666 269 1727 cat;
298 1661 433 1733 quoniam
454 1662 600 1730 timemus,
623 1666 817 1736 utpostquam
838 1662 1027 1720 abundaverit
1076 1675 1128 1730 per
1143 1658 1291 1731 propriam
1319 1659 1448 1730 linguam
1478 1658 1667 1714 inverecunde
1692 1658 1830 1723 nudatur,
1853 1657 1888 1712 la-

208 1752 352 1826 iniquitas,
367 1754 531 1829 refrigescat
542 1757 663 1812 charitas
674 1757 841 1814 multorum.
855 1759 909 1812 Pro
925 1773 983 1830 qua
995 1732 1065 1812 reB
1078 1768 1184 1824 qucum
1197 1752 1274 1807 enim
1282 1751 1364 1807 sortis
1376 1751 1436 1808 viro
1448 1750 1525 1808 labia
1539 1751 1610 1824 ejus,
1621 1755 1650 1806 ct
1659 1755 1760 1823 captus
1773 1751 1888 1824 propriis

209 1849 299 1903 multu
320 1852 419 1905 vestrae
445 1867 531 1905 sacrae
559 1850 696 1906 doctrinm
712 1894 729 1919 „
753 1857 811 1907 tam
835 1852 913 1924 apud
938 1853 1028 1908 Deum
1076 1845 1267 1916 sermonibus,
1287 1848 1416 1918 etopera
1431 1861 1571 1901 manuum
1586 1845 1658 1918 ejus,
1679 1844 1833 1901 retributio
1844 1862 1886 1900 su·

209 1957 297 2014 quam
314 1942 391 2014 apud
410 1947 527 2000 cunctos
548 1944 644 2000 fideles
664 1961 774 2001 merces
788 1951 816 2000 et
828 1945 889 2000 laus
902 1945 1028 2017 reposita
1076 1944 1136 1995 tem
1153 1938 1294 1995 labiorum
1311 1939 1372 2010 eJus
1386 1938 1499 1994 dabitur
1511 1939 1548 2008 ei,
1569 1943 1597 1995 et
1623 1938 1781 2010 impietatis
1802 1955 1886 2011 repre

209 2040 261 2106 est,
275 2036 298 2091 si
327 2040 420 2092 vestra
433 2037 494 2092 lraec
509 2043 693 2094 recensentur
706 2037 884 2109 auctoritate,
899 2044 1028 2096 nostram
1076 2033 1188 2088 hensio.
1206 2035 1409 2105 «Argrramte,
1426 2031 1528 2104 inquit,
1550 2035 1579 2087 et
1593 2035 1718 2087 statuam
1736 2034 1837 2088 contra
1849 2032 1883 2088 ir·

211 2129 288 2184 enim
307 2129 395 2185 tidem
409 2147 496 2202 quam
517 2131 654 2186 asanctis
671 2132 801 2187 Patribus
817 2132 977 2204 accepimus
998 2136 1029 2187 et
1077 2127 1149 2182 ciem
1172 2129 1269 2194 tuam,
1301 2125 1466 2181 existimasti
1499 2124 1596 2198 inique
1628 2125 1708 2198 quod
1728 2141 1823 2182 essem
1840 2125 1884 2181 tibi

209 2226 342 2278 tenemus
361 2226 447 2295 atque
471 2224 608 2280 docemus
629 2224 725 2280 subter
751 2224 931 2295 inservimus,
960 2229 994 2281 ut
1004 2225 1028 2281 si
1078 2220 1179 2275 similis
1205 2219 1288 2289 (Psoi.
1312 2236 1384 2289 xcix,
1408 2220 1463 2292 at).
1484 2241 1498 2269 a
1531 2220 1705 2290 Propterea,
1731 2220 1806 2275 sicut
1828 2218 1883 2274 dicit

210 2315 313 2387 aliquis
327 2315 405 2371 vobis
419 2314 500 2372 aliter
514 2332 567 2372 nos
583 2294 705 2373 credere
723 2323 772 2374 aut
792 2318 904 2386 docere,
925 2323 1029 2374 autae-
1078 2312 1213 2369 Dominus
1231 2314 1266 2368 ad
1287 2313 1425 2370 Gedeon:
1452 2314 1636 2385 Deponamus
1660 2329 1708 2369 eos
1731 2313 1769 2370 ad
1790 2329 1880 2386 ιιᾳειιιι

211 2408 349 2480 eusando,
365 2413 413 2464 aul
436 2409 616 2466 mussitando
633 2411 773 2482 retulerit,
794 2412 838 2467 vel
851 2412 1028 2468 detrahendo
1077 2424 1152 2464 vere
1177 2407 1371 2477 discretionis,
1395 2412 1424 2464 et
1445 2407 1597 2480 probemus
1625 2424 1676 2464 eos
1703 2406 1743 2463 ibi
1769 2406 1879 2480 regulari

210 2499 321 2574 scriptis
335 2503 523 2573 mandaverit,
539 2520 591 2576 per
610 2504 684 2560 hanc
696 2504 844 2562 manifeste
855 2522 907 2562 nos
919 2506 960 2562 ita
969 2521 1029 2562 cre-
1077 2501 1290 2559 examinatione
1318 2501 1348 2557 in
1373 2499 1497 2572 idipsum
1523 2517 1630 2573 pronos
1652 2505 1819 2557 corruentes
1838 2516 1878 2573 per

211 2594 280 2652 dere
293 2596 437 2653 etdocere
453 2597 624 2669 agnoscatis.
1078 2595 1267 2652 ostensionem
1290 2595 1371 2666 pravi
1398 2595 1555 2652 inteDectus
1579 2612 1698 2663 eornm,
1731 2599 1827 2651 utrum
1848 2610 1875 2649 ne

244 2689 394 2746 Credimus
408 2691 681 2762 namqueinunum
700 2693 791 2747 Deum
805 2695 920 2750 Patrem
933 2694 1026 2749 omni·
1077 2689 1133 2744 sint
1165 2689 1242 2762 apud
1276 2704 1325 2744 eos
1353 2688 1493 2761 sapientes
1524 2688 1614 2745 divini
1640 2688 1722 2745 verbi
1749 2687 1873 2745 edendam

209 2786 368 2855 potentem,
390 2782 520 2839 omnium
538 2783 694 2841 visibilium
717 2802 829 2842 necnon
842 2787 1028 2843 invisibilium
1077 2780 1253 2854 ignorantes,
1263 2781 1397 2855 quoniam
1406 2781 1533 2838 dicentes
1542 2798 1573 2837 se
1586 2782 1733 2856 sapientes
1741 2779 1871 2839 stultilacti

206 2877 357 2945 faetorem,
386 2877 467 2933 etin
490 2895 582 2934 unum
606 2879 760 2935 Dominum
783 2885 916 2937 nostrum
931 2883 1028 2937 lesum
1077 2881 1153 2945 sunt,
1181 2880 1417 2932 simulaverunt
1445 2876 1564 2948 gloriam
1595 2875 1743 2932 catholicae
1765 2873 1870 2933 Ecdcsir

208 2970 353 3028 Christum
368 2971 471 3027 Filium
488 2972 548 3039 Dei,
566 2976 665 3028 natum
685 2989 720 3029 ex
732 2975 816 3030 Patre
832 2975 1025 3046 unigenitum,
1077 2969 1193 3042 propria
1211 2970 1334 3025 novitate
1353 2975 1382 3026 et
1403 2971 1555 3038 voluntate,
1569 2969 1627 3026 sive
1648 2986 1701 3042 per
1716 2966 1871 3043 eaqueilli

208 3064 262 3120 hoc
272 3070 316 3121 est
329 3081 365 3120 ex
378 3064 538 3121 substantia
550 3065 661 3121 Patris:
685 3067 776 3123 Deum
790 3084 824 3122 ex
836 3070 905 3138 Deo,
928 3068 1026 3124 lumen
1036 3106 1065 3182 c
1077 3064 1131 3120 cite
1141 3064 1170 3119 in
1183 3065 1244 3136 ejus
1258 3064 1424 3121 defensione
1445 3067 1526 3136 gesta
1549 3069 1625 3134 sunt,
1651 3064 1810 3120 hereticam
1823 3069 1868 3118 tur·

209 3174 244 3213 ex
267 3158 396 3227 lumine,
422 3159 513 3214 Deum
535 3176 635 3215 verum
656 3177 688 3216 er
709 3161 769 3216 Deo
787 3178 874 3218 vero:
905 3165 1024 3233 natum,
1076 3158 1234 3214 bulentiam
1252 3158 1475 3228 introducentes,
1494 3158 1566 3214 illud
1581 3162 1778 3231 competenter
1789 3156 1819 3213 ad
1830 3169 1870 3210 nos

208 3267 268 3307 non
283 3255 419 3318 creatum,
434 3252 593 3323 omousion,
610 3253 664 3309 hoc
678 3259 720 3310 est
731 3255 859 3326 ejusdem
869 3272 936 3312 cum
945 3258 1026 3312 Patre
1076 3252 1232 3308 retinentes
1246 3252 1324 3324 quod
1341 3252 1415 3308 bene
1438 3253 1475 3308 ad
1494 3253 1588 3308 lesum
1613 3252 1706 3308 lilium
1725 3251 1817 3309 Siraci
1833 3249 1869 3305 di·

209 3345 384 3413 substantie,
411 3362 464 3418 per
485 3363 574 3419 quem
593 3347 690 3403 omnia
708 3348 781 3403 lacta
803 3352 880 3416 suut,
903 3350 1027 3405 coelestia
1077 3349 1154 3402 ctum
1169 3348 1229 3401 est:
1247 3368 1261 3396 a
1276 3347 1370 3419 Usque
1382 3346 1418 3401 ad
1433 3349 1644 3402 mortcmcerta
1655 3363 1709 3419 pro
1725 3343 1871 3411 veritaeet

208 3438 365 3494 terrestria.
378 3439 432 3504 oui
446 3444 564 3512 propter
577 3458 628 3496 nos
643 3441 785 3511 homines,
806 3447 834 3498 et
848 3445 966 3516 propter
978 3459 1028 3499 no·
1077 3438 1215 3495 Dominus
1227 3438 1368 3512 pugnabit
1380 3456 1432 3510 pro
1447 3445 1475 3496 te
1491 3441 1583 3510 (Docti.
1595 3456 1633 3508 ιι,
1644 3441 1701 3512 33).
1715 3459 1731 3493 ιι
1753 3434 1871 3511 liujusrei

208 3537 295 3588 stram
309 3534 431 3589 salutem
442 3533 589 3590 descendit
603 3535 638 3590 de
657 3536 743 3602 coelis,
754 3539 784 3591 et
797 3535 961 3593 incarnatus
973 3541 1026 3607 est,
1077 3533 1169 3606 gratia
1183 3533 1350 3589 universalis
1372 3533 1451 3589 vobis
1470 3534 1500 3589 in
1522 3534 1633 3590 Christo
1651 3535 1717 3590 lesu
1744 3531 1871 3590 comeum

208 3628 238 3680 et
249 3625 337 3682 homo
349 3626 449 3697 lactus,
460 3644 558 3698 passus
579 3631 633 3696 est,
655 3632 684 3684 et
706 3630 860 3686 resurrexit
872 3630 957 3697 tertia
969 3631 1025 3700 die,
1077 3632 1120 3684 est
1140 3627 1272 3694 Ecclesia,
1291 3632 1320 3683 et
1340 3644 1393 3699 pro
1420 3628 1553 3684 omnibus
1569 3627 1716 3696 laboretis,
1736 3634 1766 3684 et
1782 3622 1871 3684 arnob
1916 3688 1919 3693 ,

207 3719 334 3776 escendit
357 3721 388 3776 in
410 3723 525 3790 coelum,
551 3727 688 3779 venturus
707 3728 750 3779 est
764 3723 894 3794 judicare
907 3723 984 3781 vivos
999 3727 1028 3780 et
1077 3739 1161 3793 opem
1174 3722 1248 3778 lerre
1258 3738 1316 3778 non
1333 3721 1495 3794 negligatis,
1510 3721 1576 3794 quia
1590 3722 1660 3778 dum
1671 3721 1871 3779 tenuamus·

207 3819 344 3870 mortuos.
368 3817 402 3872 Et
424 3814 454 3870 in
477 3814 616 3887 Spiritum
631 3821 770 3872 sanctum.
796 3818 850 3873 Eos
865 3822 963 3874 ειιιειιι
977 3819 1027 3893 qui
1076 3816 1199 3871 custodit
1219 3814 1325 3871 atrium
1348 3832 1445 3886 suum,
1470 3815 1501 3871 in
1526 3831 1595 3888 pace
1621 3821 1688 3872 sunt
1714 3815 1871 3886 omnisque

209 3906 316 3976 dicunt,
331 3913 392 3964 erat
404 3912 517 3981 tempus
533 3911 649 3982 quando
661 3927 720 3967 non
735 3916 805 3978 erat,
819 3915 848 3966 et
860 3912 1027 3984 priusquam
1075 3909 1207 3980 possidet.
1222 3909 1347 3982 ideoque
1360 3912 1439 3965 ιιιιιιε
1451 3913 1575 3981 urgente
1587 3909 1755 3968 necessitate
1765 3921 1871 3965 sumno-

206 4005 371 4057 nasceretur
390 4018 450 4058 non
470 4006 540 4071 erat,
564 4008 592 4059 et
613 4004 680 4075 quia
704 4020 738 4059 ex
762 4003 848 4060 nullis
870 4005 1025 4060 subsisten·
1076 4018 1142 4073 pere
1155 4003 1333 4074 comprimite
1343 4007 1434 4059 vestra
1446 4019 1559 4060 summa
1578 4003 1746 4060 auctoritate
1763 4002 1869 4064 infestus

205 4094 282 4149 tibus
298 4094 388 4150 lactus
407 4099 459 4162 est,
482 4098 531 4150 aut
551 4112 584 4152 er
596 4097 653 4152 alia
664 4097 822 4152 substantia
842 4098 885 4152 vel
904 4097 1027 4154 essentia
1076 4095 1197 4151 revelate
1210 4112 1369 4168 oppressos,
1391 4101 1423 4152 ut
1436 4096 1543 4171 absque
1556 4098 1645 4170 gravi,
1665 4095 1871 4168 uomnoopur

207 4185 307 4241 dicunt
329 4203 389 4242 esse
413 4192 545 4259 trepton,
566 4190 618 4245 hoc
644 4195 687 4245 est
707 4190 921 4247 convertibilem
941 4194 1026 4264 atque
1075 4189 1316 4258 lantelacultate,
1331 4190 1386 4263 ipsi
1401 4196 1547 4263 gratanter
1557 4192 1635 4248 omni
1650 4184 1875 4266 temperassent

206 4278 374 4336 mutabilem
387 4280 489 4336 Filium
502 4282 562 4350 Dei,
584 4283 636 4338 hos
657 4283 876 4339 anathematizat
889 4285 1026 4341 catholica
1075 4299 1139 4339 cere
1152 4300 1315 4340 mereamur
1324 4285 1415 4340 illaesi.
1429 4286 1463 4341 Et
1471 4276 1878 4358 suscnptio.mtamauenot

207 4376 236 4427 ει
248 4372 404 4445 apostoliea
418 4373 549 4444 Ecclesia,
567 4375 639 4431 hanc
653 4377 845 4433 venerabilem
855 4378 940 4434 fidem
967 4384 1023 4434 tre·
1076 4376 1208 4432 divinitas
1220 4393 1273 4450 per
1285 4379 1390 4435 multos
1404 4396 1505 4448 annos,
1521 4379 1701 4439 sanctissime
1712 4381 1821 4438 Panum
1830 4387 1878 4448 9⁸·
1925 4390 1929 4465 ᾗ

205 4467 282 4522 centi
295 4467 411 4539 quidem
426 4467 528 4523 decem
549 4470 579 4523 ct
591 4474 654 4525 octo
667 4471 762 4526 Patres
781 4477 970 4543 agnoverunt,
996 4478 1064 4551 etl)
1075 4474 1127 4527 ter.
1142 4474 1241 4527 Amen.

153 4568 160 4579 ’
204 4561 330 4634 amplexi
348 4565 425 4631 sunt,
447 4566 476 4617 et
488 4566 680 4619 consonantes
698 4567 727 4618 et
749 4564 897 4623 unanimes
911 4566 1023 4639 scriptis
1251 4569 1417 4639 marianna
1440 4566 1714 4626 Liberiiodeosdem.

207 4655 440 4726 explanaverunt.
1108 4655 1293 4715 Dilectissimo
1307 4662 1364 4717 filio
1382 4666 1538 4719 Araauasro
1559 4668 1588 4719 et
1611 4664 1784 4720 omnibusin
1797 4660 1887 4718 uouffl

241 4747 294 4804 Sed
306 4747 395 4804 modo
418 4749 555 4821 quoniam
575 4748 674 4807 contra
701 4750 763 4807 haec
782 4747 824 4824 lut
842 4752 940 4826 nostis)
955 4754 1024 4810 talia
1073 4754 1265 4825 congregatis,
1280 4758 1309 4810 ει
1321 4757 1356 4814 (ιε
1370 4756 1515 4813 trinitatis
1535 4757 1591 4814 ilde
1612 4764 1690 4815 recto
1705 4753 1889 4816 maenuba*

204 4837 372 4914 exsurgunt,
400 4842 496 4914 qualia
509 4859 566 4898 non
585 4843 700 4912 debent,
721 4843 813 4902 venite
834 4850 865 4901 ct
876 4863 937 4918 nos,
951 4846 1022 4903 dile-
1071 4847 1270 4920 AEgyptiorum
1285 4849 1423 4922 episcopis
1433 4851 1560 4908 Lrnrnrus
1576 4869 1664 4926 papa.

205 4934 323 4991 ctissimi
335 4934 448 5003 iratres,
464 4952 529 4992 cum
540 4938 598 4992 Deo
617 4936 825 4994 descendamus
837 4939 874 4995 ad
886 4939 1022 4998 visitatio·
1108 4941 1182 4998 Olim
1196 4947 1225 4998 et
1238 4944 1273 4999 ab
1287 4943 1368 4999 initio
1378 4949 1489 5001 tantam
1502 4947 1685 5020 percepimus
1697 4943 1889 5006 abeatoPetr⁰

205 5043 283 5098 nem,
305 5027 402 5098 idest,
426 5025 639 5102 inquisitionem
661 5045 829 5088 sermonum
852 5050 969 5103 eorum,
995 5038 1024 5091 et
1072 5036 1265 5108 apostolorum
1279 5038 1560 5111 principetiduciam,
1573 5025 1888 5099 uthmmmusaaetoti·

204 5122 413 5178 confundamus
424 5139 476 5195 per
484 5123 719 5196 approbationem
729 5125 908 5183 verissimam
917 5128 1023 5184 ibidem
1073 5131 1884 5203 tatem,prouniversaliEcclesiaadrectamdefendendo!1¹
1926 5166 1929 5211 ι

203 5216 318 5288 linguas
344 5232 445 5272 eorum
455 5217 579 5274 elevatas
601 5224 703 5274 contra
718 5219 866 5276 scientiam
882 5221 1023 5293 unigeniti
1072 5222 1167 5293 fldem,
1183 5227 1415 5298 quatenus,nulli
1429 5228 1511 5285 liceat
1525 5234 1631 5286 statum
1646 5235 1751 5288 sanctae
1763 5221 1880 5287 acuet*
1926 5224 1929 5259 ι

203 5309 266 5367 Filii
277 5309 329 5366 Dei
337 5328 346 5381 3
362 5315 391 5367 et
400 5311 582 5383 iniquitatem
596 5312 626 5366 in
642 5311 825 5369 altitudinem
839 5315 1023 5372 humanitatis
1072 5334 1254 5376 commovere
1262 5320 1298 5376 ad
1306 5321 1533 5379 lesionemrecte
1541 5323 1724 5381 credentium
1732 5303 1876 5396 ιιιιειιιιιειιο

204 5403 265 5476 ejus
272 5405 433 5477 loquentes,
449 5426 462 5455 a
478 5405 812 5478 dismmpamusvincula
822 5422 924 5462 eorum
937 5411 1020 5477 (Psal.
1072 5412 1198 5485 periculo
1211 5413 1336 5472 honoris.
1352 5414 1503 5487 Epistulam
1511 5417 1654 5491 siquidem
1663 5422 1785 5475 vestram
1797 5408 1870 5473 nour

202 5513 233 5568 ιι,
250 5498 276 5570 3)
290 5519 304 5548 ι
328 5514 382 5569 por
401 5498 529 5571 gladium
544 5499 732 5570 spiritualem,
750 5499 828 5572 quod
848 5506 891 5557 est
904 5501 1022 5558 verbum
1072 5523 1128 5578 que
1142 5508 1278 5565 directam
1290 5514 1355 5565 ante
1365 5526 1417 5566 nos
1427 5511 1542 5569 recitari
1551 5511 1681 5581 lecimus,
1689 5509 1868 5571 trudamur
1886 5574 1892 5583 ‚

203 5590 271 5657 Dei,
307 5613 322 5643 a
341 5596 370 5649 et
394 5592 578 5664 projiciamus
609 5607 627 5646 a
653 5591 736 5649 nobis
761 5593 866 5666 jugum
894 5595 1022 5667 ipsorum
1072 5607 1102 5657 et
1117 5604 1326 5674 persecutiones
1345 5623 1417 5678 quas
1429 5622 1480 5679 pro
1495 5608 1573 5664 recia
1589 5605 1647 5664 fide
1659 5607 1790 5681 patimini
1801 5597 1865 5661 intel·

204 5683 306 5756 ubisit,
321 5705 336 5737 ι
350 5701 402 5758 per
410 5684 656 5759 expugnationem
667 5687 782 5758 profani
791 5703 889 5744 sensus
897 5688 1021 5749 illorum.
1070 5694 1204 5753 lenimus.
1227 5701 1318 5771 Super
1339 5701 1442 5773 quibus
1459 5703 1489 5756 et
1511 5716 1564 5758 nos
1587 5717 1647 5759 una
1657 5702 1806 5760 nobiscum
1815 5710 1866 5755 cor

205 5794 219 5830 u
238 5776 316 5833 Tune
327 5778 407 5835 enim
424 5778 486 5853 ipse
500 5795 617 5856 quoque
627 5779 763 5839 Dominus
773 5780 904 5841 irridebit
920 5801 978 5861 eos,
995 5791 1024 5852 et
1072 5788 1213 5863 dolemus,
1238 5797 1268 5849 et
1291 5792 1418 5852 laborare
1441 5810 1494 5870 pro
1516 5793 1596 5855 vobit
1612 5798 1646 5853 ut
1663 5799 1749 5871 petar
1758 5812 1809 5875 pro
1821 5788 1868 5852 tD
