3870 6150
515 254 752 332 oadunrltuu
772 274 964 331 oontscno.
1528 274 1579 338 tar

106 385 348 456 saociantur,·ipsi
362 384 450 439 etiam
464 384 659 440 damnationis
669 400 716 440 oo·
726 394 755 469 Α
765 383 863 456 legum
879 382 1001 454 superba
1013 383 1207 440 dominatione
1222 388 1251 439 et
1268 384 1383 458 fastigio
1403 385 1433 443 in
1451 386 1578 460 flagitiis,

106 479 199 537 atione
218 479 335 535 obnoxii
358 485 522 534 teneantur.
547 480 603 533 lloc
628 479 713 533 etiam
765 483 793 533 et
807 477 944 546 facinore,
959 477 1017 532 sive
1030 478 1183 549 cupiditate
1196 479 1390 535 crudelissima
1413 484 1579 552 potestatem

107 591 199 641 amus,
215 574 340 629 diceutes
355 591 362 628 ι
377 573 545 645 Quicunque
560 572 714 626 amodoex
764 571 793 625 iu
819 572 932 643 populis
959 572 1136 639 exercuerit,
1170 573 1362 629 anathematis
1395 576 1536 632 sententia
1564 595 1581 632 a

106 669 161 724 ,ctis
173 668 314 738 Hispaniae
327 668 440 738 populis
453 667 578 738 qualibet
592 665 713 721 medita·
764 665 875 720 Christo
883 665 999 720 domino
1006 666 1221 734 condemnetur,
1228 672 1256 721 ct
1265 667 1392 722 habenta
1402 667 1459 724 Deo
1468 687 1580 742 separa·

105 762 163 831 dio,
179 764 388 817 sacramentum
402 760 469 816 srdei
479 777 548 829 suae,
562 758 640 831 quod
651 775 715 832 pro
764 758 872 814 tionem
890 762 977 831 atqua
987 759 1129 831 judicium
1144 760 1351 832 propterquod
1369 765 1581 836 praesumpserit

105 856 255 928 gentisque
270 855 426 910 Gothorum
443 857 526 924 statu,
542 853 586 908 sel
605 852 714 908 incolu·
764 868 850 924 prava
863 868 949 925 agere
967 857 997 909 et
1014 852 1044 907 in
1061 851 1217 925 perniciem
1232 869 1356 926 regnum
1376 855 1525 914 deducere.
1540 860 1580 914 lle

117 949 265 1021 potestatis
281 949 423 1021 pollicitus
437 952 488 1015 est,
503 947 655 1015 violaverit,
667 951 716 1001 aut
766 946 947 1002 simithilane
964 963 1030 1003 sero
1056 947 1105 1018 qui
1131 947 1245 1019 propria
1270 949 1376 1003 scelera
1396 954 1529 1008 metuens
1550 972 1581 1009 sc

105 1043 298 1110 tttrectaverit,
314 1047 363 1096 aut
374 1045 513 1112 potestate
531 1041 610 1112 regni
628 1056 714 1095 exue·
765 1039 859 1110 ipsum
881 1056 971 1111 regno
993 1040 1129 1112 privarit,
1154 1046 1183 1095 et
1203 1042 1350 1112 potestatis
1371 1041 1480 1100 facibus
1503 1047 1582 1103 exuit

105 1137 269 1208 sumptione
290 1135 443 1207 tyrannica
463 1135 546 1207 regni
568 1134 715 1206 fastigium
765 1132 796 1187 id
825 1149 888 1187 cum
917 1133 1009 1205 gentis
1037 1135 1169 1190 consultu
1200 1133 1401 1206 decrevimus,
1432 1144 1464 1194 ut
1488 1156 1581 1213 neque

116 1229 272 1285 anathema
295 1229 331 1282 sit
359 1229 387 1282 in
419 1232 570 1298 conspectu
593 1226 716 1299 Spiritus
766 1243 832 1282 eum
850 1227 892 1281 rcl
911 1243 1028 1282 uxorem
1051 1228 1112 1300 ejus
1128 1233 1243 1300 propter
1260 1230 1336 1284 mala
1354 1236 1582 1302 quaseommise·

105 1327 203 1396 tyrum
217 1322 332 1391 Christi,
345 1326 429 1393 atque
441 1322 476 1376 ab
488 1321 717 1376 Ecclesiacatho·
765 1325 834 1375 runt
855 1337 948 1392 neque
971 1321 1046 1376 filios
1070 1338 1171 1377 eorurn
1197 1323 1298 1377 unitati
1326 1328 1431 1380 nostra
1455 1342 1582 1400 unquam

105 1416 558 1488 [jurioprofanaverit,extraneus
566 1414 715 1482 efficiatur,
767 1414 972 1482 consociemus,
986 1431 1040 1477 nec
1054 1431 1102 1470 eos
1123 1415 1160 1471 ad
1178 1416 1300 1472 honores
1319 1419 1451 1490 aquibus
1469 1422 1506 1477 ob
1525 1423 1581 1478 ini·

105 1509 287 1566 ammunione
298 1508 524 1564 Christianorum
537 1508 717 1573 alienus,nec
767 1509 904 1579 quitatem
938 1507 1040 1579 dejecti
1077 1515 1144 1564 sunt
1168 1509 1322 1582 aliquando
1351 1529 1579 1584 promoveamus.

105 1606 127 1658 at
135 1604 289 1675 justorum,
305 1603 353 1657 sed
368 1619 432 1657 cum
446 1602 556 1657 diabolo
568 1605 596 1656 et
608 1602 717 1672 angelis
766 1602 875 1673 Quique
894 1601 980 1657 etiam
1001 1602 1074 1658 sicut
1091 1604 1120 1658 in
1137 1604 1251 1676 fastigio
1270 1606 1350 1677 regni
1369 1607 1514 1666 habentur
1531 1628 1581 1667 ex·

104 1697 240 1769 suppliciis
250 1697 459 1751 condemnetur
471 1712 526 1750 una
539 1712 605 1750 cum
616 1696 658 1750 eis
668 1695 716 1767 qui
767 1695 874 1764 tranei,
896 1695 937 1750 ita
957 1696 1135 1767 possessione
1154 1714 1252 1753 rerum
1270 1717 1341 1771 quas
1358 1702 1394 1756 de
1411 1703 1581 1761 miserorum

104 1791 276 1862 jurationem
293 1789 434 1855 nituntur,
444 1795 475 1843 ut
492 1806 545 1860 par
555 1805 637 1860 poena
655 1806 716 1860 per·
728 1767 755 1838 B
766 1790 926 1862 sumptibus
938 1795 1074 1845 auxerant
1086 1797 1223 1847 maneant
1242 1793 1325 1849 alieni
1346 1802 1450 1866 praeter
1461 1798 1488 1853 id
1504 1801 1581 1870 quod

104 1884 206 1956 ringat
218 1901 288 1954 quos
301 1883 330 1937 in
352 1883 509 1954 pernicicm
522 1899 609 1954 prava
626 1883 714 1938 socie·
765 1884 872 1956 pictate
880 1883 1001 1954 piissimi
1008 1884 1144 1957 principis
1150 1886 1236 1940 nostri
1245 1887 1361 1945 luerunt
1367 1892 1582 1949 consecutilt'ou

104 1979 126 2032 tt
147 1977 220 2043 ideo,
236 1978 259 2032 si
279 1979 373 2048 placet
389 1977 522 2032 omnibus
538 1977 588 2048 qui
602 1976 714 2044 adestis,
766 1977 848 2032 aliter
856 1981 886 2032 et
894 1977 1051 2033 Geillanem
1060 1980 1394 2037 memoratiSimithilane
1402 1988 1430 2039 et
1439 1987 1580 2058 sanguiue

104 2071 202 2127 iterata
216 2071 357 2125 sententia
369 2075 471 2125 vestroe
486 2070 560 2124 vocis
578 2087 716 2125 consensu
765 2072 904 2127 etscclere
913 2071 1100 2143 fratrem,qui
1109 2073 1403 2144 neciugermanitatis
1411 2077 1467 2133 frde
1475 2080 1581 2136 stabilis

105 2165 215 2220 uirerso
227 2165 300 2220 clero
310 2170 338 2219 et
352 2165 457 2236 populo
469 2164 577 2219 dictum
592 2164 650 2219 estl
664 2164 716 2229 Qui
766 2165 880 2233 exstitit,
894 2182 946 2221 nec
956 2165 1041 2221 fidem
1056 2166 1178 2238 glorioso
1190 2167 1307 2224 domino
1321 2175 1417 2225 nostro
1427 2172 1581 2243 pollicitam

112 2265 236 2314 nostram
261 2258 456 2313 definitionem
475 2258 716 2330 praesumpserint,
767 2260 1035 2327 conservarit,hunc
1045 2277 1115 2333 ergo
1124 2277 1188 2316 cum
1199 2263 1321 2334 conjuge
1330 2266 1471 2333 sua‚sicut
1480 2271 1508 2322 et
1516 2271 1582 2324 ante

104 2352 251 2420 armatha,
267 2353 321 2406 hoc
337 2356 388 2420 est,
409 2352 530 2422 perditio
551 2352 581 2406 in
596 2353 717 2408 adventu
767 2353 940 2420 factumest,
956 2354 1116 2409 asocictute
1128 2356 1220 2427 gentis
1231 2361 1317 2428 atque
1330 2361 1472 2415 consortio
1486 2367 1583 2418 nostro

110 2452 140 2503 et
152 2463 216 2502 cum
229 2446 300 2500 luda
315 2446 450 2500 iscarioth
463 2449 574 2517 partem
597 2446 719 2501 habeant
767 2447 874 2518 placuit
883 2446 1018 2519 separari,
1026 2464 1079 2502 nce
1090 2448 1118 2502 iu
1128 2449 1239 2503 amissis
1250 2450 1431 2508 facultatibus
1440 2454 1469 2508 in
1481 2457 1583 2526 quibus

109 2556 221 2596 eorum.
241 2543 342 2594 Arnen.
358 2540 536 2611 Quapropter
550 2556 602 2595 nos
614 2540 678 2612 ipsi,
690 2544 718 2594 et
767 2558 819 2612 per
841 2540 1023 2612 iniquitatem
1043 2546 1190 2597 creverant
1206 2543 1323 2599 reduces
1341 2545 1413 2614 ficri,
1430 2551 1535 2619 praeter
1553 2550 1583 2607 id

105 2651 188 2690 mnes
220 2640 346 2689 sanctam
367 2635 518 2688 Ecclesiam
544 2634 662 2699 Christi,
687 2651 718 2688 ac
768 2634 844 2706 quod
860 2633 1002 2689 consecuti
1015 2634 1122 2690 fuerint
1136 2635 1242 2706 pietate
1255 2638 1466 2697 clementissimi
1479 2643 1584 2714 priuci-

103 2745 252 2785 uouemus.
270 2733 301 2783 ut
326 2729 385 2782 linc
404 2728 561 2795 tremenda,
578 2733 605 2783 et
616 2727 719 2783 totiens
767 2728 822 2800 pis,
836 2728 917 2799 cujus
934 2727 1025 2800 gratia
1044 2728 1133 2784 bonos
1149 2730 1290 2787 donorum
1310 2734 1436 2805 praemiis
1455 2735 1536 2806 ditat,
1554 2741 1583 2793 ct

103 2823 194 2879 tentia
207 2823 318 2877 nullum
334 2839 368 2876 ex
384 2822 464 2876 nohis
477 2821 611 2893 praesenti
633 2827 718 2893 atque
767 2822 858 2877 malos
879 2839 896 2877 a
917 2821 1107 2878 beneficentia
1130 2839 1258 2880 sunnon
1280 2833 1401 2898 separat.
1423 2829 1516 2885 Gloria
1532 2847 1582 2886 arr·

106 2920 213 2979 emnet,
236 2916 354 2987 judicio,
371 2916 418 2970 sed
442 2915 528 2969 tidem
551 2916 719 2986 promissam
768 2921 827 2972 tem
843 2919 871 2972 et
886 2915 979 2971 honor
992 2916 1182 2988 omnipotenti
1202 2919 1260 2974 Deo
1274 2924 1371 2976 nostro
1389 2922 1420 2977 in
1437 2924 1516 2995 cujus
1532 2942 1581 2981 no·

103 3007 231 3064 issimum
264 3010 412 3064 elorniuum
436 3014 565 3064 nostrum
589 3009 717 3064 Sisenna·
766 3009 845 3064 mine
866 3010 1032 3083 congregati
1054 3027 1162 3066 sumus.
1179 3013 1244 3068 Post
1264 3013 1325 3069 haec
1345 3031 1399 3087 pax
1419 3021 1447 3072 at
1460 3018 1535 3074 salus
1555 3024 1584 3075 et

127 3105 337 3171 custodientes,
363 3122 393 3156 ne
419 3103 528 3157 sincera
562 3104 602 3158 illi
634 3105 717 3159 dero·
729 3143 757 3218 C
770 3103 1076 3174 diutumitaspiissimo
1085 3110 1113 3158 et
1122 3107 1352 3164 amatoriChristi
1363 3110 1478 3167 domino
1488 3118 1584 3169 nostro

103 3200 197 3265 tutes,
224 3216 280 3251 nou
306 3198 397 3250 solum
428 3197 530 3251 divinae
552 3196 663 3268 pietatis
691 3197 719 3251 iu
770 3197 926 3253 Siscnaudo
937 3197 1009 3274 regi,
1024 3198 1107 3268 cujus
1120 3199 1230 3256 deuotio
1247 3218 1299 3256 nos
1313 3203 1350 3256 ad
1368 3204 1422 3260 hoc
1437 3205 1584 3264 decretum

103 3289 190 3346 nliarn
215 3308 403 3362 provocemus
432 3288 538 3363 117,
562 3291 611 3346 sed
634 3292 719 3346 etiam
770 3290 949 3346 salutiferum
964 3292 1138 3347 convocarit.
1159 3294 1326 3350 Corroborct
1342 3313 1411 3367 ergo
1427 3301 1517 3369 gralia
1538 3319 1584 3357 re·

103 3384 173 3441 elati
210 3385 346 3456 principis
373 3384 517 3456 percipere
548 3401 719 3440 mereamur.
771 3401 862 3456 gnum
877 3384 961 3454 illius,
979 3389 1136 3458 gentesque
1151 3388 1306 3443 Gothorum
1323 3391 1352 3444 in
1370 3390 1425 3446 fide
1437 3394 1583 3462 catholica,

110 3483 282 3551 praesentem
315 3496 412 3550 regom
450 3496 481 3532 ac
511 3479 621 3533 futuros
654 3485 719 3533 ala·
770 3479 853 3533 antris
872 3482 900 3533 ct
917 3479 1026 3534 meritis
1045 3485 1174 3551 protegat
1190 3481 1270 3536 illurn
1289 3499 1377 3555 usque
1397 3485 1433 3541 ad
1452 3486 1583 3545 ultimam

102 3573 171 3628 tiunr
203 3573 344 3643 principes
369 3573 527 3626 humilitate
554 3572 649 3626 debita
672 3572 720 3627 de·
771 3576 948 3628 senectutem
973 3573 1078 3627 summi
1099 3573 1149 3628 Dei
1173 3575 1282 3644 gratia,
1305 3580 1417 3648 etpost
1440 3584 1586 3651 praesentis

118 3666 258 3721 moderati
274 3671 301 3720 et
323 3666 405 3720 mites
425 3683 492 3736 erga
512 3665 651 3736 subjectos
671 3682 720 3720 ex·
772 3665 854 3737 regni
870 3665 991 3737 gloriam
1005 3666 1042 3721 ad
1052 3672 1190 3721 aeternum
1206 3685 1326 3739 regnum
1343 3675 1586 3742 transeat,utsiue

102 3778 110 3815 r
120 3760 231 3832 justitia
246 3765 273 3814 ct
293 3761 395 3831 pictate
416 3759 573 3830 populosa
594 3761 650 3815 heo
671 3776 720 3815 ro·
771 3760 829 3815 fine
856 3762 968 3831 regnet,
985 3759 1034 3831 qui
1058 3760 1087 3814 in
1108 3761 1212 3816 seculo
1229 3762 1351 3819 feliciter
1372 3765 1503 3839 imperat,
1523 3770 1585 3842 ipso

103 3857 219 3924 rogatis,
236 3854 398 3925 bonamque.
423 3852 647 3909 vicissitudinum
672 3853 722 3925 qui
772 3857 924 3925 prestante
937 3852 987 3924 qui
1001 3855 1045 3906 est
1061 3853 1120 3908 Rex
1135 3870 1236 3925 regum
1255 3860 1283 3911 et
1301 3858 1438 3915 hominus
1455 3861 1584 3919 domino·

102 3947 211 4002 nstituit
226 3947 353 4018 largitori
366 3947 478 4002 tihi-isto
494 3948 664 4018 rependatis,
681 3964 723 4002 re·
772 3963 837 4000 rum
856 3964 921 4002 cum
940 3948 1021 4001 Patre
1040 3952 1069 4002 et
1086 3947 1194 4018 Spiritu
1215 3955 1311 4006 sancto
1327 3952 1356 4006 in
1375 3955 1476 4011 saecula
1497 3973 1584 4014 saeeu-

115 4040 276 4095 humilitate
308 4040 401 4095 cordis
429 4056 494 4095 cunr
520 4041 613 4096 studio
641 4041 722 4096 honre
772 4040 875 4096 lorum.
901 4044 1003 4097 Amen.
1023 4040 1151 4097 Dellnitis
1175 4041 1269 4115 itaque
1294 4045 1339 4100 his
1367 4063 1431 4120 quae
1455 4051 1586 4122 superius

102 4134 277 4206 {quisquam
290 4141 414 4189 restrum
429 4137 503 4189 solus
522 4136 551 4188 in
570 4152 653 4190 causa
677 4152 721 4191 ca·
773 4135 980 4207 comprehensa
993 4139 1220 4203 suut,annucnte
1230 4139 1586 4218 religiosissimoprincipe‚

121 4245 202 4283 reum
227 4229 367 4282 sententia
394 4229 487 4296 feriat,
513 4229 560 4283 sed
584 4244 723 4285 consensu
773 4229 881 4300 placuit
891 4229 992 4284 deiude
1003 4231 1081 4284 nulla
1091 4231 1588 4306 reimpedienteaquolibetnostro·

114 4323 270 4378 rectoribus
283 4338 315 4376 ex
335 4322 443 4392 judicio
462 4323 612 4378 manifesto
633 4323 722 4379 doliu·
773 4340 839 4378 rum
854 4340 917 4394 quae
931 4325 1084 4379 constituta
1096 4329 1164 4380 sunt
1175 4327 1322 4394 temerari,
1337 4328 1385 4383 sed
1398 4339 1500 4387 cuneta
1511 4335 1586 4389 salu-

101 4417 158 4488 rlpa
174 4422 295 4487 patescat
317 4422 452 4470 seruatae
472 4417 552 4472 vohis
565 4418 593 4472 in
609 4417 725 4473 offensis
774 4417 818 4471 bri
832 4417 953 4472 concilio
965 4419 1136 4474 conservari.
1152 4420 1187 4474 Et
1200 4420 1265 4491 quia
1280 4422 1454 4492 profectibus
1466 4428 1588 4482 ecclesian

102 4527 138 4578 re,
149 4516 177 4564 ut
189 4529 244 4565 non
263 4511 411 4565 seueritate.
426 4512 517 4582 inagis
530 4512 559 4565 in
575 4512 804 4586 illisquamDet
827 4511 931 4565 animae
953 4515 1058 4566 nostrae
1079 4514 1262 4582 conveniunt,
1283 4516 1368 4571 ctiam
1386 4519 1503 4589 propria
1521 4522 1586 4576 sub·

101 4605 232 4676 polleatis,
241 4609 270 4659 et
280 4606 347 4660 dum
360 4605 456 4659 omnia
468 4607 527 4660 hac
537 4610 653 4661 auctore
664 4606 723 4663 Deo
773 4604 927 4676 scriptione
943 4606 1192 4677 (ulpermaneantl
1208 4608 1451 4683 roboramrrs.Ego
1465 4612 1588 4671 lsidorua

101 4698 290 4754 noderamine
315 4705 527 4767 ctanrcrventur,
544 4704 573 4754 ct
594 4717 677 4771 reges
693 4701 722 4755 in
773 4699 801 4754 in
815 4697 919 4755 Christi
933 4697 1049 4753 nomine
1063 4699 1341 4770 Spalcnsisecelesiae
1352 4707 1589 4780 metropolitanus

101 4793 197 4865 populi
213 4792 242 4846 in
263 4793 388 4864 regibus,
405 4797 433 4846 et
454 4793 526 4847 fleus
546 4793 575 4846 iu
596 4794 723 4866 utrisque
773 4791 921 4864 episcopus
945 4791 1007 4847 haec
1026 4792 1200 4849 constituens
1218 4795 1381 4869 subscripsi.
1405 4794 1545 4859 Similiter
1561 4810 1590 4861 et

101 4905 120 4943 .e
143 4887 301 4942 defuturis
323 4887 438 4957 regibus
458 4886 530 4940 hanc
554 4887 722 4942 sententiam
772 4886 820 4942 alii
830 4885 954 4958 episcopi
967 4885 1195 4959 subscripserunt
1203 4905 1323 4946 numero
1337 4891 1534 4967 quadraginta.

102 4997 137 5052 ts,
153 4984 184 5035 ut
197 4981 219 5034 si
238 4981 346 5053 quises
365 4981 404 5035 cis
418 4986 517 5036 contra
535 4981 722 5036 reverentiam

1442 5165 1585 5181 m

258 5301 457 5372 tucrrruur
479 5288 672 5372 carnuti
695 5304 862 5372 conum
883 5300 1079 5372 rotarum
1102 5303 1246 5382 oomni.

351 5461 467 5526 Habiti
479 5480 547 5525 aero
563 5479 713 5533 ntxmnv,
731 5478 818 5524 anno
830 5461 936 5542 primi
948 5454 1148 5522 chintillani.

100 5641 219 5699 itutione
234 5659 370 5698 novorum
384 5644 557 5699 litaniarum.
813 5643 840 5698 ³.
856 5642 895 5696 lle
910 5640 1109 5715 reprobatione
1127 5655 1313 5714 personarum
1327 5653 1390 5714 quae
1402 5638 1591 5714 prohihentur

100 5734 168 5793 odia
186 5736 285 5792 salutis
301 5754 404 5809 regum
420 5743 448 5793 ct
463 5737 629 5794 defensione
642 5735 729 5808 prolls
778 5734 896 5807 adipisci
909 5750 1041 5808 regnum.

100 5829 260 5905 »sincipum
814 5830 841 5885 f.
852 5829 892 5885 lle
905 5828 949 5884 his
961 5827 1010 5903 qui
1023 5827 1075 5885 sibi
1088 5826 1334 5904 blandiunturspe.
1347 5845 1414 5903 rege
1425 5837 1597 5908 super-atita„

110 5928 250 6001 Parnoi..
278 5928 391 5994 cxxx.
1365 5935 1410 5995 th
