3870 6150
153 275 204 328 859
603 266 744 326 APPEND.
766 269 809 326 ΑΙ)
829 268 910 327 SAEC.
930 267 1023 325 1x.-
1041 266 1164 325 lsrnonr
1181 264 1391 327 uancnroms
1788 273 1837 327 800

152 381 316 451 episcopum
328 394 388 433 non
402 379 544 450 optatum,
559 381 609 433 aut
618 383 791 449 contemnat,
803 382 852 434 aut
861 378 966 446 oderit,
978 376 1181 463 Aquindecim
1208 377 1269 432 dies
1296 377 1345 450 qui
1370 375 1566 445 convenerint,
1591 377 1790 434 retardentur.
1811 379 1839 434 Si

154 478 185 529 ut
196 474 246 527 siat
259 471 355 527 miuus
365 471 592 543 religiosaquam
602 473 745 540 convenit,
756 473 802 528 cui
813 472 967 528 nonlicue·
1018 477 1114 527 autem
1134 472 1163 526 in
1177 488 1212 527 eo
1229 472 1388 543 quodcum
1409 472 1545 529 fratribus
1566 473 1753 528 mactandum
1775 473 1839 528 deti

153 567 189 622 rit
198 566 304 621 habere
314 582 402 637 quern
413 566 511 623 voluit.
523 567 560 620 De
569 582 692 639 persona
698 570 795 622 autern
805 583 970 623 consecrari·
1019 566 1216 638 uiendumque
1237 565 1392 621 credideris
1414 566 1525 621 diversa
1540 582 1641 621 cornui
1655 567 1747 622 fuerit
1761 584 1778 621 a
1792 573 1839 622 tua

152 659 182 715 di
191 657 326 730 episcopi,
337 661 367 714 et
380 658 416 714 de
430 659 500 714 cleri
510 659 659 732 plebisque
674 677 811 716 consensu
823 666 968 731 metropo·
1018 660 1164 715 voluntate
1188 659 1340 728 sententia,
1364 660 1399 715 ad
1420 676 1473 716 uos
1497 660 1595 715 omnia
1617 660 1671 715 sub
1690 664 1838 732 gestorum

152 753 256 808 litanus
276 751 425 824 episcopus
452 752 488 808 ad
514 752 722 809 fraternitatem
747 757 826 809 tuam
853 754 968 821 referat,
1019 752 1216 809 testificatione
1229 753 1398 822 referantur,
1407 758 1448 821 ut,
1459 753 1576 809 remotis
1588 753 1837 825 ambiguitatibus,

152 847 279 920 quidque
290 847 320 902 in
333 845 478 919 provincia
491 846 564 903 bene
577 847 692 917 placuit,
707 848 778 903 scire
790 850 818 902 te
832 847 926 918 faciat,
939 851 971 902 ut
1019 847 1096 920 quod
1108 848 1165 902 lieo
1177 847 1289 917 placcat
1302 847 1479 902 decernatur.
1496 846 1539 902 dd
1549 848 1627 903 bunc
1644 848 1726 903 enim
1740 848 1841 933 tinem,¹

152 941 364 997 ordinationem
384 940 437 996 rite
456 940 655 996 celebrandam
675 946 725 996 tua
748 958 862 1014 quoque
876 943 971 997 firmet
1019 956 1133 996 omnem
1152 940 1285 996 ellectum
1302 943 1435 996 nostrum
1451 957 1607 1013 curamque
1627 940 1795 1012 dirigimus,
1809 948 1838 998 ut

152 1039 314 1096 auctoritas.
337 1040 404 1113 Qua
425 1038 508 1095 rectis
532 1038 765 1110 dispositionibus
779 1039 852 1094 nihil
868 1055 968 1109 morae,
1019 1034 1097 1108 quod
1110 1034 1147 1090 ad
1158 1034 1297 1090 unitatem
1309 1035 1479 1103 concordiae,
1494 1040 1524 1091 et
1536 1034 1614 1107 quod
1626 1035 1667 1090 ad
1676 1035 1836 1091 custodiam

152 1136 201 1186 aut
210 1130 382 1187 difficultatis
394 1130 479 1186 debet
486 1129 598 1196 afferre,
609 1147 645 1186 ne
657 1132 791 1204 gregibus
801 1131 913 1186 Domini
921 1130 969 1187 diu
1019 1128 1143 1200 pertinet
1157 1129 1323 1201 disciplinae,
1334 1129 1414 1184 nulla
1423 1129 1599 1184 dissensione
1610 1129 1748 1198 violetur,
1763 1130 1837 1186 nulla

155 1223 228 1280 desit
242 1240 309 1279 cura
323 1229 477 1296 pastorum.
823 1213 827 1217 ’
1019 1221 1128 1277 desidia
1146 1222 1322 1294 negligatur.
1338 1226 1372 1280 nt
1383 1227 1411 1279 te
1429 1223 1527 1294 igitur,
1550 1223 1640 1279 frater
1660 1223 1836 1293 charissime,

189 1317 402 1389 Metropolitauo
427 1334 493 1372 vero
519 1317 663 1386 defuncto,
688 1335 755 1374 cum
778 1319 808 1374 in
827 1320 890 1375 loco
909 1319 970 1391 ejus
1019 1321 1048 1371 et
1060 1332 1109 1371 eos
1121 1316 1223 1371 fratres
1236 1321 1348 1373 nostros
1364 1316 1411 1388 qui
1428 1317 1464 1371 de
1478 1316 1534 1372 tuis
1547 1317 1740 1373 offenduntur
1752 1334 1837 1375 eroes

155 1412 335 1481 alirrsflfuerit
357 1411 566 1483 subrogandus,
590 1413 777 1484 provinciales
790 1413 915 1484 episcopi
933 1412 970 1467 ad
1020 1409 1107 1477 sibus,
1121 1425 1186 1464 cum
1200 1415 1297 1465 tamem
1319 1426 1379 1466 non
1397 1410 1497 1466 similis
1513 1410 1550 1467 sit
1563 1412 1699 1467 omnium
1720 1412 1837 1467 materia

154 1507 298 1562 civitatem
320 1505 571 1576 metropolitanam
591 1507 744 1562 convenire
765 1507 920 1576 debebunt,
940 1511 971 1562 ut
1020 1504 1209 1575 querelarum,
1225 1504 1325 1559 hortor
1337 1508 1366 1560 et
1381 1520 1497 1573 moneo,
1517 1509 1548 1560 ut
1568 1522 1635 1577 qum
1649 1506 1698 1577 pie
1714 1511 1836 1561 suntor·

155 1599 285 1655 omnium
295 1599 464 1655 clericorum
476 1603 561 1672 atque
570 1601 700 1656 omnium
709 1600 813 1656 civium
823 1601 970 1655 voluntate
1019 1596 1124 1666 dinato,
1146 1597 1354 1670 salubriterque
1369 1598 1513 1670 disposita,
1532 1600 1611 1654 nulla
1625 1601 1836 1657 concertatione

153 1693 288 1763 discussa,
301 1698 329 1749 et
341 1693 514 1765 presbyteris
527 1693 656 1764 ejusdem
666 1693 801 1762 ecclesiae,
814 1694 859 1748 vel
869 1709 902 1749 er
914 1693 970 1748 dia·
1019 1691 1181 1746 turbentur.
1196 1693 1284 1747 Nemo
1297 1692 1373 1763 qood
1386 1707 1470 1747 suum
1486 1709 1548 1749 esse
1564 1697 1688 1764 quaerat,
1704 1694 1759 1748 sed
1768 1695 1835 1767 quod

153 1786 272 1842 conibus
283 1786 409 1858 optimus
418 1766 551 1858 eligatur,
566 1787 600 1842 de
612 1788 693 1859 cujus
705 1787 824 1843 nominc
836 1787 873 1842 ad
889 1790 969 1841 tuam
979 1765 1008 1840 Β
1019 1785 1144 1853 alterius,
1158 1785 1231 1840 sicut
1241 1786 1391 1857 Apostolus
1402 1785 1461 1841 ait:
1476 1809 1490 1837 u
1502 1787 1706 1859 Unusquisque
1717 1792 1835 1844 vestrum

154 1881 284 1936 notitiam
298 1880 485 1951 provinciales
500 1880 624 1937 referant
639 1881 807 1951 sacerdotes,
825 1881 970 1953 impleturi
1019 1879 1149 1950 proximo
1163 1896 1214 1935 suo
1223 1879 1333 1951 placeat
1347 1879 1377 1935 in
1393 1879 1468 1935 bouo
1478 1879 1750 1937 adsediticatiouem
1760 1884 1834 1952 (Bora

152 1977 219 2029 rota
231 1973 420 2045 poscentium,
434 1973 457 2029 si
470 1974 546 2045 quod
560 1974 627 2046 ipsis
643 1974 759 2046 placuit,
782 1974 834 2028 tibi
854 1990 970 2046 quoqne
1019 1989 1065 2041 xr,
1088 1973 1126 2044 2).
1150 1995 1163 2021 »
1180 1974 1234 2027 Nec
1255 1972 1333 2027 enim
1355 1973 1460 2044 poterit
1478 1958 1603 2029 veritatis
1626 1980 1739 2030 nostroe
1762 1975 1834 2031 firma

152 2067 290 2140 placuisse
308 2068 504 2138 cognoverint.
525 2067 603 2124 Sicut
620 2069 697 2123 enim
712 2069 804 2140 justas
819 2068 970 2124 electiones
1019 2082 1081 2122 esse
1094 2082 1243 2138 compago,
1258 2065 1374 2122 nisinos
1386 2067 1421 2121 ad
1435 2067 1658 2140 inseparabilem
1669 2069 1834 2125 soliditatem

153 2160 239 2215 nullis
252 2159 433 2215 dilationibus
447 2161 714 2233 volumusfatigari,
727 2162 845 2217 itanibil
856 2161 970 2234 permit·
1019 2159 1165 2215 vinculum
1177 2160 1326 2216 charitatis
1348 2161 1526 2230 astrinxerit5
1549 2161 1619 2233 quia
1643 2163 1722 2217 sicut
1739 2163 1768 2218 in
1786 2179 1834 2218 uno

152 2254 239 2309 timus
255 2257 283 2309 te
299 2253 452 2324 ignorante
466 2254 611 2325 praesumi.
1019 2270 1140 2325 corpore
1167 2254 1257 2309 multa
1281 2255 1412 2310 membra
1441 2254 1590 2325 habemus,
1620 2256 1723 2310 omnia
1746 2262 1832 2312 autern

189 2348 228 2402 lle
245 2347 370 2403 conciliis
387 2352 483 2402 autem
505 2347 712 2420 episcopalibus
726 2366 785 2405 non
801 2350 878 2405 aliud
890 2349 968 2422 judi·
1019 2348 1148 2403 membra
1158 2349 1463 2404 noneumdemactum
1473 2349 1592 2417 babent,
1604 2348 1645 2403 ita
1653 2350 1742 2405 multi
1752 2367 1831 2406 uuum

152 2458 253 2497 camus
266 2458 353 2513 quam
367 2440 458 2496 sancti
474 2442 569 2497 Patres
584 2442 735 2498 salubriter
746 2443 926 2514 ordinarunt,
937 2449 970 2500 ut
1019 2457 1121 2513 corpus
1134 2459 1232 2498 sumus
1252 2443 1283 2497 in
1298 2442 1419 2512 Christo,
1439 2442 1544 2514 singuli
1557 2447 1656 2499 autem
1676 2443 1754 2500 alter
1768 2446 1831 2500 alte·

152 2535 259 2591 scilicet
280 2534 340 2589 bini
361 2540 516 2591 conventus
536 2552 588 2608 per
607 2552 696 2591 annos
709 2537 835 2608 singulos
847 2537 970 2593 habean-
1019 2536 1079 2591 rius
1090 2536 1230 2592 membra.
1244 2539 1306 2593 llaec
1321 2537 1462 2593 connexio
1476 2536 1562 2593 totius
1575 2538 1700 2609 quidem
1714 2539 1832 2612 corporis

152 2635 208 2699 tur,
223 2629 368 2702 inquibus
380 2629 415 2684 de
427 2629 559 2685 omnibus
572 2629 695 2702 querelis
709 2647 774 2703 quee
788 2631 862 2687 iuter
875 2630 967 2687 diver·
1020 2629 1237 2686 unanimitatem
1251 2631 1380 2703 requirit,
1394 2631 1446 2686 sed
1455 2631 1598 2702 praecipue
1612 2633 1707 2704 exigit
1721 2648 1830 2688 concor-

153 2742 197 2779 sos
213 2722 344 2779 Ecclesiae
357 2723 471 2778 ordines
486 2723 561 2778 nasci
578 2724 713 2793 assolent,
725 2724 880 2794 judicetur.
899 2725 969 2781 Etsi
1020 2723 1094 2779 diam
1109 2724 1298 2780 sacerdotum.
1312 2724 1499 2789 Quibuscum
1514 2724 1642 2795 dignitas
1655 2726 1696 2780 sit
1708 2742 1831 2782 commu·

152 2820 224 2872 forte
242 2817 317 2872 iuter
337 2815 414 2886 ipsos
434 2816 482 2887 qui
506 2823 635 2887 praesunt
655 2817 691 2872 de
711 2816 867 2888 majoribus
882 2819 969 2892 (quod
1018 2817 1073 2888 uis,
1087 2834 1145 2872 non
1155 2821 1303 2873 esttamen
1314 2818 1384 2874 ordo
1397 2818 1556 2890 generalis3
1571 2819 1714 2890 quoniam
1727 2827 1756 2877 et
1766 2821 1832 2877 inter

153 2911 234 2980 absit)
252 2908 373 2981 peccatis
389 2926 474 2965 causa
497 2916 639 2980 nascatur,
659 2927 723 2982 quse
737 2911 904 2983 provinciali
918 2928 967 2968 ne·
1018 2911 1196 2967 beatissimos
1219 2912 1364 2983 apostolos
1385 2912 1415 2967 in
1441 2912 1628 2968 similitudine
1640 2913 1763 2969 honoris
1784 2913 1831 2970 fuit

153 3008 239 3076 queat
250 3002 381 3059 examine
392 3002 518 3071 diffiniri,
528 3004 738 3060 fraternitatem
747 3011 826 3062 tuam
836 3006 871 3061 dc
884 3006 969 3061 totius
1020 3006 1150 3077 quadarn
1168 3005 1298 3061 discretio
1325 3006 1490 3078 potestatis;
1510 3011 1539 3061 et
1557 3023 1624 3062 cum
1641 3009 1775 3064 omnium
1787 3024 1832 3080 prr

152 3097 260 3169 negotii
277 3096 414 3170 qualitate
432 3097 672 3169 metropolitanus
688 3099 799 3155 curabit
817 3099 967 3175 instruere,
979 3139 1008 3215 C
1020 3103 1093 3155 esset
1105 3099 1217 3170 electio,
1234 3099 1283 3155 uui
1297 3104 1394 3156 tamen
1406 3100 1504 3156 datum
1518 3106 1570 3168 est,
1588 3104 1623 3156 ut
1637 3102 1752 3158 caeteris
1766 3119 1828 3175 pra·

153 3197 182 3248 et
196 3191 219 3247 si
232 3208 329 3247 coram
346 3190 444 3263 positis
458 3191 595 3264 partibus,
609 3209 662 3248 nec
676 3196 725 3250 tuo
740 3192 826 3249 fuerit
838 3210 884 3249 res
897 3195 971 3266 sopi·
1020 3193 1168 3261 emineret,
1190 3193 1224 3249 de
1247 3209 1305 3265 qua
1323 3194 1416 3250 forma
1436 3193 1636 3267 cpiscoporum
1660 3212 1776 3269 quoque
1794 3201 1830 3251 est

152 3291 182 3342 ta
195 3285 314 3357 judicio,
335 3285 371 3340 ad
389 3290 517 3340 nostram
531 3285 725 3358 coguitionem
744 3287 886 3360 quidquid
898 3288 970 3344 illud
1021 3292 1082 3343 orta
1096 3286 1249 3356 distinctio,
1264 3291 1293 3344 et
1305 3304 1411 3360 magua
1423 3288 1610 3361 dispositione
1624 3290 1773 3361 provisum
1783 3295 1828 3355 est,

152 3383 205 3448 est,
219 3378 418 3435 transferatur.
1021 3398 1056 3438 ue
1070 3398 1170 3438 omnes
1183 3381 1235 3437 sibi
1248 3383 1348 3437 omnia
1361 3381 1550 3451 vindicarent,
1564 3383 1613 3438 sed
1627 3388 1727 3440 essent
1739 3387 1768 3441 iu
1777 3385 1828 3440 sin·

187 3472 214 3530 Si
228 3473 390 3546 episcopus,
405 3472 602 3530 mediocritate
616 3472 737 3530 civitatis
752 3490 811 3531 suae
824 3475 968 3547 despecta,

153 3567 428 3624 administrationem
438 3567 491 3622 loci
503 3567 665 3623 celebrioris
677 3567 817 3635 ambierit,
828 3569 900 3625 etad
908 3585 968 3624 ma·

148 3661 244 3734 jorem
259 3678 288 3718 se
302 3661 416 3733 plebem
434 3677 605 3734 quacunque
623 3660 766 3717 occasione
782 3662 968 3733 transtulerit,

151 3772 169 3811 a
187 3756 323 3812 cathedra
342 3755 459 3828 quidem
482 3756 608 3828 pellatur
623 3755 727 3824 alicua,
748 3756 798 3812 sed
816 3756 924 3812 carebit
941 3761 970 3813 et

152 3850 276 3923 propria,
287 3853 320 3905 ut
328 3865 381 3905 uec
391 3849 445 3905 illis
452 3849 602 3921 presideat
611 3867 682 3923 quos
689 3867 741 3922 per
748 3851 894 3907 avaritiam
905 3867 969 3907 con·

152 3943 268 4017 cupivit,
278 3960 331 4000 nac
338 3942 394 3998 illis
403 3960 473 4016 quos
483 3960 535 4016 per
544 3943 710 4016 superbiam
721 3944 840 4016 sprevit;
851 3945 910 4001 suis
919 3946 969 4018 igi·

151 4043 198 4095 tur
207 4038 336 4094 terminis
350 4040 500 4094 contentus
510 4037 545 4094 sit
557 4037 676 4110 quisque
686 4054 738 4093 uec
754 4054 841 4110 supra
850 4055 967 4095 mensu-

152 4148 248 4188 suram
258 4130 333 4202 juris
344 4130 387 4186 sui
398 4132 511 4187 affectet
525 4131 636 4202 augeri.

187 4223 320 4280 Alienum
334 4223 471 4279 clericum
483 4224 569 4280 invito
583 4225 715 4297 episcopo
724 4225 814 4296 ipsius
825 4241 908 4282 nemo
921 4243 968 4282 su·

152 4316 261 4390 spiciat,
276 4320 305 4372 et
318 4334 404 4373 nemo
413 4316 556 4388 sollicitet,
567 4317 620 4373 uisi
633 4319 706 4375 forte
715 4335 748 4374 er
760 4319 863 4390 placito
873 4320 967 4375 cbari-

1020 3471 1095 3542 gulis
1107 3472 1259 3554 provinciis
1273 3471 1388 3544 singuli,
1403 3488 1525 3544 quorum
1539 3472 1616 3528 inter
1631 3473 1736 3530 iratres
1748 3473 1828 3530 habe·

1020 3569 1099 3620 retur
1114 3565 1208 3636 prima
1223 3565 1379 3635 sententia;
1397 3569 1426 3622 et
1434 3582 1532 3621 rursus
1545 3565 1665 3638 quidam
1679 3568 1711 3623 in
1725 3568 1829 3638 majori-

1019 3658 1072 3714 bus
1092 3658 1211 3714 urbibus
1232 3660 1388 3728 constituti,
1414 3659 1636 3716 sollicitudinem
1663 3663 1830 3734 susciperent

1018 3753 1196 3824 ampliorem,
1210 3769 1263 3825 per
1275 3770 1347 3825 quos
1362 3753 1502 3809 adunam
1520 3754 1597 3810 Petri
1611 3756 1713 3813 sedem
1726 3756 1829 3812 nniver-

1019 3846 1083 3901 salis
1107 3845 1232 3901 ccclesiae
1254 3863 1323 3902 cura
1343 3846 1509 3914 conflueret,
1532 3851 1562 3902 et
1580 3848 1657 3903 nihil
1678 3865 1829 3923 unquams

1019 3956 1070 3995 suo
1089 3939 1179 4011 capita
1201 3939 1361 3996 dissideret.
1380 3940 1433 4005 Qui
1457 3956 1526 4012 ergo
1547 3940 1724 4012 quibusdam
1743 3944 1829 4000 scitse

1019 4051 1080 4089 esse
1103 4033 1297 4106 praepositum,
1319 4050 1379 4089 non
1402 4034 1523 4089 moleste
1539 4034 1614 4090 ferat
1640 4036 1768 4109 aliquem
1782 4034 1829 4092 sibi

1019 4145 1080 4184 esse
1094 4127 1255 4198 praelatum,
1272 4128 1321 4183 sed
1331 4127 1524 4183 obedientiam
1536 4144 1626 4201 quam
1635 4131 1740 4203 exigit,
1752 4131 1829 4188 etism

1019 4221 1078 4295 ipse
1091 4221 1243 4293 dependat,
1257 4225 1285 4276 et
1298 4222 1370 4276 sicut
1386 4238 1443 4277 non
1456 4222 1516 4278 vult
1529 4223 1624 4294 gravis
1638 4226 1737 4281 oneris
1756 4223 1829 4281 semi

1019 4334 1086 4371 nam
1104 4317 1189 4383 ferre,
1205 4316 1244 4371 ita
1262 4332 1321 4371 uon
1340 4315 1444 4372 audeat
1456 4315 1504 4371 alii
1524 4315 1709 4388 importabile
1729 4318 1829 4392 pondus

151 4410 216 4469 tatis
224 4411 702 4485 idiutardautemaccipientemque
713 4413 887 4470 convenerit.
897 4415 968 4479 Nam
1019 4411 1174 4482 imponere.
1195 4409 1329 4483 Discipuli
1352 4409 1429 4465 enim
1453 4427 1551 4465 sumus
1572 4411 1698 4469 humilis
1718 4417 1747 4469 et
1761 4411 1829 4468 mitis

150 4506 242 4580 gravis
251 4505 362 4579 iujuriae
376 4523 442 4562 reus
452 4512 495 4563 est
504 4506 553 4579 qui
562 4506 597 4561 de
607 4505 703 4562 fratris
716 4507 833 4563 ecclesia
844 4507 874 4564 id
888 4509 1006 4590 quedl)
1017 4505 1145 4578 magistri
1159 4504 1279 4560 dicentis
1294 4522 1300 4559 :
1317 4524 1330 4556 a
1346 4505 1446 4561 Discite
1458 4522 1474 4560 a
1497 4521 1543 4560 me
1554 4505 1624 4576 quia
1639 4506 1719 4563 mitis
1732 4523 1794 4564 sum
1803 4510 1830 4561 st

151 4605 195 4656 est
206 4601 302 4657 utilius
313 4604 363 4656 aut
375 4599 526 4673 pretiosius
537 4600 679 4656 audetvel
690 4600 815 4669 allicere,
830 4603 874 4657 vel
888 4607 967 4659 tene·
1018 4598 1133 4654 humilis
1147 4599 1241 4666 corde,
1262 4604 1292 4654 et
1308 4598 1458 4654 invenietis
1475 4599 1607 4672 requiem
1620 4600 1776 4658 animabus
1787 4616 1827 4657 ve·

150 4712 190 4752 re.
211 4699 309 4768 ltaque
327 4695 350 4750 si
369 4695 446 4751 intra
466 4694 640 4767 provinciam
654 4712 700 4750 res
719 4699 831 4767 agatur,
847 4697 968 4753 transtu·
1017 4692 1091 4759 stris,
1110 4692 1214 4763 jugum
1231 4692 1309 4748 enim
1324 4708 1421 4748 meum
1435 4710 1520 4748 suave
1538 4696 1593 4764 est,
1609 4697 1639 4750 et
1653 4711 1727 4751 onus
1739 4708 1826 4751 meum

150 4806 217 4861 gam
243 4788 378 4845 clericum
400 4788 437 4843 ad
456 4805 536 4844 suam
558 4789 705 4845 ecclesiam
727 4790 967 4861 metropolitanus
1017 4787 1076 4843 leve
1091 4790 1134 4841 est
1147 4785 1255 4858 (uasto.
1271 4802 1307 4854 ru,
1322 4788 1366 4855 29,
1381 4788 1434 4857 30).
1452 4807 1466 4837 n
1488 4786 1571 4853 Quod
1587 4789 1736 4860 quomodo
1750 4802 1826 4862 erpe-

149 4882 244 4938 rcdire
266 4882 428 4953 compellat.
451 4882 479 4938 Si
503 4887 600 4938 autem
620 4883 733 4956 longius
755 4884 901 4955 processit,
926 4885 967 4941 tui
1016 4879 1135 4948 riemur,
1150 4880 1205 4935 nisi
1218 4885 1247 4936 ct
1266 4880 1336 4936 illud
1352 4880 1383 4935 in
1399 4880 1611 4937 observantiam
1628 4883 1735 4954 veniat,
1759 4879 1826 4956 quod

150 4977 287 5048 praecepti
305 4975 474 5032 auctoritate
491 4975 682 5047 revocabitur,
702 4981 732 5033 ut
754 4993 805 5033 nec
819 4978 966 5050 cupiditati
1016 4974 1093 5031 idem
1110 4974 1248 5031 Dominus
1265 4975 1325 5030 ait:
1343 4994 1358 5027 a
1373 4975 1426 5040 Qui
1449 4976 1543 5046 maior
1564 4982 1608 5032 est
1622 4981 1763 5047 restrum,
1780 4974 1826 5032 erit

150 5086 204 5127 nec
215 5068 366 5126 ambitioni
379 5069 489 5126 occasio
502 5070 689 5143 relinquatur.

185 5167 216 5222 ln
229 5164 378 5220 evocandis
390 5169 486 5220 autem
503 5164 540 5219 ad
556 5169 584 5220 te
603 5165 754 5239 episcopis,
772 5166 964 5223 moderatissi-

149 5276 231 5315 mum
249 5263 277 5314 te
298 5275 357 5315 esse
378 5259 519 5327 volumus,
542 5275 580 5314 ne
597 5275 649 5332 per
668 5259 785 5331 majoris
808 5259 965 5332 diligentiae

149 5354 285 5426 speciem,
299 5352 432 5410 fraternis
444 5352 567 5408 videaris
585 5353 700 5425 gloriari
711 5352 833 5424 injuriis.
848 5354 927 5410 Unde
941 5353 965 5408 si

1016 5069 1147 5125 minister
1159 5072 1251 5125 vester
1263 5070 1373 5142 (blatta.
1388 5085 1464 5136 xrru,
1483 5070 1536 5140 ll),
1553 5089 1568 5122 s
1589 5093 1603 5120 ι(
1617 5072 1670 5144 qui
1690 5075 1784 5128 autem
1800 5084 1825 5124 se

1016 5164 1128 5234 exaltat,
1139 5163 1352 5233 humiliabitur;
1368 5168 1397 5220 et
1405 5164 1454 5236 qui
1465 5180 1495 5219 se
1506 5164 1655 5237 humiliat,
1667 5164 1825 5222 exeruntur

1016 5256 1089 5328 (buc.
1102 5273 1157 5323 riv,
1176 5259 1227 5328 ll).
1244 5281 1259 5307 »

1105 5353 1157 5406 LV.
1172 5382 1206 5392 —
1219 5351 1266 5408 Ad
1277 5355 1427 5425 Septimum
1441 5353 1597 5424 episcopum
1606 5353 1744 5412 arum.

147 5465 232 5504 causa
245 5447 340 5520 aliqua
352 5448 446 5519 major
458 5446 606 5515 exstiterit,
621 5447 658 5502 ob
669 5462 757 5518 quam
770 5447 964 5503 necessarium
1050 5446 1105 5502 Lao
1118 5447 1235 5502 Sarrruo
1251 5446 1382 5519 episcopo
1401 5447 1505 5503 Altino.

146 5541 183 5598 sit
197 5543 357 5598 fraternum
370 5542 508 5597 advocare
523 5543 706 5608 conventum,
721 5540 805 5596 binos
817 5540 852 5597 de
865 5540 963 5613 siugu-
1050 5540 1139 5596 Lectis
1158 5544 1214 5597 ture
1231 5541 1418 5598 fraternitatis
1436 5541 1537 5597 litteris
1550 5541 1685 5615 rigorem
1698 5542 1764 5601 fidei
1776 5549 1824 5599 tue

145 5636 180 5690 lis
193 5635 344 5706 provinciis
354 5635 512 5708 episcopos,
526 5650 598 5706 quos
607 5633 821 5705 metropolitani
832 5634 962 5692 credide·
1014 5650 1101 5705 quarn
1115 5634 1185 5690 olim
1203 5650 1383 5706 noveramus,
1403 5634 1585 5708 agnovimus,
1599 5638 1825 5711 congratulantes

136 5729 200 5781 rint
223 5745 286 5784 esse
307 5728 466 5785 mittendos
488 5728 523 5783 ad
539 5727 745 5784 fraternitatem
764 5732 846 5785 tuam
864 5730 963 5786 venire
1013 5727 1064 5784 tibi
1078 5729 1153 5801 quod
1168 5729 1204 5785 sd
1218 5730 1373 5786 custodiam
1394 5746 1517 5803 gregum
1533 5729 1642 5789 Christi
1662 5731 1826 5807 pastoralem

117 5820 256 5881 sumeret.
285 5825 328 5880 lta
354 5827 386 5882 ut
403 5824 435 5884 in
459 5822 626 5903 prestituto
647 5826 778 5903 tempore
803 5841 864 5885 uon
890 5826 967 5884 ultra
1014 5838 1113 5880 curem
1123 5824 1273 5899 vigilanter
1285 5824 1457 5898 exsequeris,
1473 5840 1508 5882 ne
1522 5825 1594 5900 lupi,
1607 5826 1662 5903 qui
1673 5826 1728 5887 ab
1741 5824 1826 5903 speeie
