3870 6150
54 264 102 320 isi
677 260 913 319 brumasius
931 261 1124 319 cutiacum.
1693 267 1742 324 ist
1850 280 1852 285 '

50 369 178 442 tepidos,
192 367 266 442 lupis
289 366 556 443 supervenientibus
572 369 715 442 fugientes
736 371 874 441 inveniat,
886 383 1042 459 Asemper
1053 371 1163 428 invidet
1180 372 1304 429 Satanas.
1324 374 1359 430 Et
1379 371 1484 430 idcireo
1500 375 1573 431 tales
1591 375 1743 433 advorsum

50 463 100 520 sod
115 464 250 536 exemplo
263 463 331 520 boni
343 463 466 536 pastoris
479 480 570 535 agnos
579 465 688 537 pariter
700 482 767 522 cum
780 467 877 523 matri·
927 482 978 521 nos
989 464 1113 534 suscitat,
1124 465 1173 538 qui
1184 483 1236 522 nos
1244 471 1389 540 premant,
1397 472 1425 525 et
1433 467 1583 539 suffocent,
1592 470 1743 528 utDomini

50 557 106 614 bus
121 563 152 614 et
165 556 231 612 tiliis
250 573 283 613 ac
304 557 415 614 filiabus
438 557 559 614 viriliter
577 558 771 631 defensantes,
792 565 877 634 atque
926 576 990 617 oves
1002 560 1109 632 absque
1122 559 1204 615 nobis
1215 560 1318 632 rapiat,
1340 564 1369 616 ct
1383 561 1413 617 in
1431 561 1499 631 ima,
1518 579 1577 618 non
1595 563 1743 621 existenti·

50 651 87 708 ad
99 655 234 708 sanctem
253 655 377 708 manem
394 651 548 709 Ecclesiam
563 650 687 711 fideliter
699 659 877 727 reportantes
925 654 980 711 bus
997 654 1160 727 pastoribus
1180 653 1231 726 qui
1253 670 1304 709 uos
1327 654 1498 724 custodiant,
1526 661 1555 712 et
1575 656 1742 727 defendant,

52 761 171 819 semper
192 745 329 802 inveniat.
350 747 386 801 Et
401 761 569 820 quanquam
587 746 648 803 dies
662 747 731 803 mali
746 749 813 818 siut,
828 765 877 805 vos
926 764 1011 804 ruere
1035 747 1130 805 faciat
1155 749 1210 804 Vos
1234 747 1322 820 igitur
1344 765 1399 820 pro
1425 749 1533 805 viribus
1563 750 1688 807 laborate
1715 754 1745 807 et

50 844 152 896 umen
161 839 253 896 nolite
263 855 324 896 esse
332 839 542 912 imprudentes,
552 841 802 914 sedinteDigontes
811 859 876 916 quae
927 847 1008 899 orate
1031 846 1116 915 atque
1136 841 1261 915 vigilate,
1287 857 1325 898 ne
1351 842 1413 899 haec
1436 843 1522 914 Dant,
1544 844 1665 901 scientes
1689 862 1744 902 uos

51 933 88 989 sit
100 932 238 990 voluntas
248 934 311 989 Dei.
330 933 524 999 Quamobrem
540 934 748 1005 confortamini,
764 941 793 992 et
805 941 876 994 state
926 952 1040 1008 semper
1054 939 1168 1008 paratos
1182 951 1244 991 esse
1263 935 1294 990 in
1312 936 1445 993 omnibus
1461 937 1676 1011 quibuscunque
1685 940 1741 997 Do·

51 1027 82 1084 in
94 1027 166 1098 lide,
181 1027 302 1084 viriliter
312 1032 441 1100 agentes,
462 1044 496 1084 ao
513 1029 611 1084 omnia
628 1033 721 1086 vestra
735 1031 766 1087 in
781 1031 875 1087 chari-
926 1029 1024 1086 minus
1037 1045 1118 1102 posse
1131 1029 1243 1087 dederit
1254 1029 1357 1100 modis,
1376 1031 1454 1086 vohis
1472 1047 1556 1103 opem
1574 1032 1658 1101 ferre,
1678 1033 1744 1089 licat

53 1125 111 1178 late
125 1121 210 1190 fiant,
225 1126 256 1177 et
266 1122 424 1179 secundum
440 1125 571 1179 sanctum
589 1122 798 1196 Evangelium:
816 1147 831 1176 «
846 1127 877 1182 ln
927 1139 980 1179 nos
993 1123 1029 1179 ab
1043 1123 1111 1196 ipsis
1125 1123 1236 1181 aemulis
1250 1128 1356 1180 sancte
1371 1125 1419 1180 Dei
1437 1125 1567 1181 Ecclesiae
1583 1128 1613 1180 et
1626 1126 1742 1195 nostris,

52 1216 196 1290 pah'entia
221 1219 314 1271 rastra
341 1215 519 1287 possidebilis
540 1217 652 1273 animas
674 1221 782 1275 vestras
804 1218 876 1290 (Luc.
927 1234 985 1274 non
1000 1217 1088 1273 simus
1109 1217 1232 1290 excepti,
1255 1223 1285 1274 et
1304 1217 1502 1276 tribulationes
1525 1218 1619 1275 cordis
1642 1219 1743 1287 nostri,

54 1327 108 1381 sn,
125 1310 183 1382 lt).
201 1309 430 1366 »Recordamini
447 1326 560 1383 quoque
581 1313 747 1367 sanctorum
761 1316 876 1386 aposto·
927 1328 979 1384 pro
990 1315 1088 1368 nostra
1110 1314 1139 1367 et
1159 1315 1253 1368 vestra
1272 1311 1456 1368 tribulatione
1477 1312 1536 1369 sive
1554 1312 1651 1369 orium
1664 1313 1745 1370 nobis

53 1403 150 1460 lorum
158 1403 416 1476 etprophetarum,
426 1408 455 1460 et
467 1404 533 1476 quia
542 1405 667 1461 multum
679 1405 879 1463 laboraverunt
927 1405 1147 1462 commissarum
1160 1405 1318 1462 admodum
1335 1405 1392 1463 sint
1406 1405 1542 1462 dilatatoe.
1563 1408 1617 1463 Vos
1629 1423 1744 1480 quoque

54 1498 82 1554 in
96 1497 233 1565 Domino,
243 1497 307 1553 ideo
313 1496 411 1570 adepti
426 1501 493 1555 suut
504 1498 623 1570 premia
632 1499 879 1571 sempiterna.Sci·
928 1500 1122 1570 obsecramus,
1136 1502 1168 1555 ut
1181 1498 1343 1571 injunctum
1356 1500 1435 1558 vobis
1449 1517 1466 1557 a
1485 1500 1607 1557 Domino
1619 1501 1742 1557 lamula-

52 1595 111 1648 tote
124 1591 215 1647 etiam
225 1591 451 1663 quoniamjuxta
460 1591 614 1648 Psalmistoe
624 1608 725 1648 vocem
740 1610 746 1661 ;
762 1594 877 1651 «tdultoe
926 1596 989 1648 tum
1004 1610 1063 1650 uon
1077 1593 1239 1666 negligatis,
1255 1598 1284 1649 et
1296 1610 1398 1651 omnes
1410 1610 1570 1667 oppressos,
1585 1598 1615 1651 et
1628 1597 1746 1651 cunctos

53 1685 411 1757 tribulationesjustorum
426 1687 455 1742 et
477 1685 512 1742 de
531 1685 663 1742 omnibus
682 1686 727 1742 his
745 1686 879 1744 liberabit
927 1687 979 1742 Dei
1001 1703 1094 1743 servos
1118 1691 1204 1759 atque
1230 1688 1402 1759 generaliter
1433 1705 1534 1745 omnes
1560 1687 1744 1759 Christianos,

54 1797 102 1836 eos
113 1778 261 1835 Dominus
273 1779 357 1849 (Psoi.
372 1795 420 1848 vn,
436 1778 493 1850 20).
508 1797 522 1832 ι
539 1779 730 1852 Quapropter,
744 1780 795 1836 filii
807 1781 876 1838 cha·
887 1757 916 1831 Β
928 1785 1012 1853 prout
1024 1780 1162 1837 Dominus
1171 1797 1254 1854 posse
1268 1781 1389 1849 dederit,
1400 1781 1535 1854 adjuvare
1550 1782 1699 1850 studeatis,
1713 1787 1746 1839 ut

55 1873 175 1944 nissimi,
195 1872 347 1928 hortamur
364 1889 415 1929 vos
438 1877 467 1930 et
488 1873 688 1945 deprecemur,
715 1879 750 1930 ut
770 1876 878 1932 crebris
927 1879 993 1930 ante
1001 1874 1124 1930 tribunal
1135 1873 1239 1931 Christi
1250 1874 1413 1930 mercedem
1423 1874 1553 1931 habeatis
1562 1880 1744 1947 perpetuam.

55 1968 404 2024 oralionum’vestrarum
425 1965 557 2040 precibus
585 1967 677 2024 Deum
701 1968 824 2025 exoretis
845 1974 878 2025 ut
926 1970 961 2024 Et
983 1967 1084 2024 scitote
1111 1967 1190 2040 quod
1215 1967 1356 2023 memoria
1383 1968 1469 2023 vestri
1497 1984 1594 2024 eoram
1620 1968 1679 2025 Deo
1703 1973 1747 2024 est

54 2062 214 2118 liberemur
226 2077 279 2117 nos
293 2064 385 2117 etvos
399 2061 483 2133 juxta
496 2060 604 2117 dictum
623 2062 749 2134 Apostoli
769 2063 804 2118 ab
820 2063 876 2118 im-
927 2061 1049 2116 assidue.
1073 2061 1143 2116 Nam
1167 2061 1416 2133 quemadmodum
1441 2061 1567 2118 dolentes
1593 2061 1744 2134 cognosci-

55 2156 187 2228 portunis
198 2158 229 2211 et
241 2153 502 2211 malishominibus
518 2155 595 2228 quia,
613 2172 673 2212 non
689 2157 820 2213 omnium
835 2159 879 2213 est
926 2172 1001 2225 mus,
1015 2171 1064 2211 vos
1080 2155 1115 2210 ab
1134 2154 1250 2227 iniquis,
1272 2160 1301 2211 et
1319 2155 1445 2212 scelestis
1463 2155 1626 2212 hominibus
1645 2155 1744 2212 obtur-

55 2250 135 2306 ddes.
150 2247 293 2322 flagitate
317 2248 414 2317 etiam,
438 2251 472 2305 ut
485 2249 560 2305 Deus
574 2253 604 2305 et
624 2249 760 2324 Dominus
780 2255 879 2307 noster
926 2248 1001 2319 bari,
1015 2248 1057 2304 ita
1068 2247 1203 2305 continuo
1216 2248 1297 2304 vobis
1306 2249 1510 2322 compatimur,
1524 2250 1616 2305 Deum
1631 2253 1747 2306 orantes

56 2344 105 2417 qui
118 2348 163 2398 est
174 2342 321 2415 refugium
335 2358 503 2415 pauperum,
518 2347 548 2400 et
559 2359 624 2416 spes
636 2343 802 2412 humilium,
816 2361 878 2401 sau·
928 2359 980 2416 pro
1002 2342 1172 2400 liberatione
1192 2359 1224 2398 ac
1241 2342 1436 2399 sublevatione
1455 2347 1555 2399 vestrae
1571 2341 1745 2413 afflictionis,

56 2442 128 2493 olam
149 2453 235 2492 suam
257 2436 413 2493 Ecclesiam
440 2437 564 2509 pretioso
583 2437 715 2504 videlicet
742 2437 878 2510 sanguine
928 2453 991 2509 quae
1005 2437 1085 2493 vohis
1108 2437 1193 2509 (unde
1218 2437 1343 2510 graviter
1363 2437 1510 2510 angimur)
1533 2436 1569 2493 ab
1589 2435 1696 2508 iniquis
1716 2435 1748 2492 in

58 2547 106 2586 suo
119 2529 317 2602 redemptam,
331 2532 360 2584 et
372 2528 483 2602 nosqui
496 2529 629 2587 eamdem
639 2535 766 2587 sanctam
780 2531 877 2588 Eccle-
928 2530 990 2586 dies
1017 2531 1172 2602 irrogatur,
1198 2534 1227 2588 et
1253 2533 1319 2587 ante
1343 2547 1464 2602 corpora
1482 2529 1675 2602 apostolorum
1694 2546 1747 2602 pro

59 2624 127 2680 siam
142 2623 260 2691 docere,
273 2638 387 2695 regere,
402 2627 526 2696 portare,
541 2627 569 2680 et
584 2624 659 2679 tueri
678 2624 826 2693 debemus,
843 2624 878 2680 de
927 2623 1008 2680 vobis
1022 2640 1122 2697 preces
1136 2625 1210 2681 liunt
1223 2623 1359 2697 quotidie,
1376 2628 1408 2681 ut
1426 2627 1455 2680 et
1469 2640 1517 2679 vos
1530 2623 1696 2679 liberemini
1711 2623 1747 2679 ab

58 2717 203 2791 predictis
223 2717 476 2790 oppressionibus,
502 2720 532 2773 et
560 2717 766 2774 tentationibus
794 2717 879 2790 hujus
928 2716 1100 2790 importunis
1123 2721 1153 2773 st
1174 2717 1258 2774 malis
1278 2716 1442 2774 hominibus
1462 2716 1575 2774 Domini
1589 2715 1704 2786 auxilio,
1719 2721 1748 2773 et

59 2812 155 2869 seculi
167 2826 306 2884 nequam,
319 2814 407 2883 atque
417 2811 452 2868 de
462 2810 595 2868 omnibus
603 2812 819 2868 necessitatibus
829 2829 880 2868 no·
929 2810 1087 2867 ovesvobis
1100 2811 1259 2868 commisse
1283 2811 1319 2867 ed
1342 2827 1445 2884 pascua
1467 2813 1583 2866 selerne
1605 2810 1670 2866 vilse
1689 2826 1748 2865 una

60 2908 122 2962 stris
133 2903 362 2962 misericorditer
376 2907 467 2973 eruat,
488 2908 519 2961 ut
543 2921 638 2961 sermo
660 2906 709 2963 Dei
728 2909 834 2975 currat,
850 2909 880 2963 et
927 2904 1748 2978 vohisoumperveniantsempiterua.Unitatemetconjun·

61 3000 237 3074 glorificetur
260 2998 416 3072 gloriosum
444 2999 630 3072 Evangelium
652 3000 767 3056 Domini
789 2999 879 3057 nostri
929 2998 1053 3054 ctionem
1070 2998 1230 3055 dilectionis
1238 3005 1338 3055 vestrm
1349 2998 1491 3054 valentem
1500 3003 1585 3071 atque
1597 2996 1749 3070 proficien-

60 3095 118 3150 lesu
131 3092 252 3163 Christi,
267 3095 296 3149 et
311 3092 405 3165 gratia
416 3093 478 3165 ejus
496 3093 527 3149 in
541 3092 622 3149 nobis
643 3110 732 3149 vaona
747 3110 805 3149 non
820 3093 877 3162 list,
929 3097 989 3149 tem
1003 3092 1034 3148 in
1048 3093 1169 3148 salutem
1181 3092 1312 3149 omniurn
1320 3092 1489 3165 populorum
1500 3090 1749 3148 creatoromnium

61 3205 94 3244 ne
116 3188 183 3244 sine
206 3187 302 3243 fructu
321 3186 476 3260 Evangelii,
507 3186 585 3259 quod
608 3187 692 3255 absit,
718 3186 828 3243 steriles
848 3188 879 3243 in
929 3185 1066 3245 Dominus
1086 3187 1268 3259 omnipotens
1287 3202 1446 3243 memorem
1467 3185 1557 3242 nostri
1576 3184 1749 3242 eternaliter

61 3285 216 3356 conspectu
234 3280 286 3337 Dei
302 3296 502 3353 appareamus,
523 3284 552 3336 et
569 3281 648 3336 vacui
667 3279 791 3336 liliorum
807 3279 877 3337 dlic-
917 3279 1077 3351 custodiat,
1103 3296 1199 3336 amen.
1223 3281 1293 3336 Data
1318 3280 1411 3337 Nonas
1435 3279 1538 3353 Aprilis
1557 3278 1705 3336 Valeriano
1718 3280 1748 3333 et

61 3391 183 3450 rumque
199 3390 323 3431 numero
337 3377 527 3442 revertamur,
540 3389 594 3431 nec
607 3374 643 3430 de
657 3373 822 3431 abscondito
836 3377 878 3430 ta·
928 3374 1071 3430 Gallicano
1082 3375 1115 3429 lv
1125 3390 1166 3430 co.
1183 3373 1289 3430 consul.

62 3470 137 3526 leuto
148 3467 275 3525 Domine
284 3467 419 3525 veniente
431 3467 475 3524 rei
484 3467 727 3539 essejudicemur;
738 3468 880 3524 isteenim

204 3819 271 3895 4²
308 3821 596 3919 lNClPlUNT
638 3823 902 3918 DECRETA
944 3823 1096 3918 SlXTl
1142 3822 1308 3916 PAPAE
1351 3820 1612 3916 SECUNDI.

463 4019 553 4088 tdnno
569 4019 681 4076 Domini
695 4021 758 4089 264,
774 4019 895 4078 Deciano
908 4023 938 4079 et
949 4019 1097 4078 Valeriano
1110 4017 1353 4094 imperatoribus.)

97 4318 254 4392 Episcopus
269 4317 365 4376 Suros
378 4318 471 4374 Gauro
483 4318 650 4393 coepiscopo
665 4317 797 4374 salutem.
934 4316 1030 4374 biliter
1042 4319 1221 4389 generatum,
1244 4316 1305 4389 ipso
1331 4315 1389 4372 Deo
1411 4316 1492 4371 Patre
1506 4330 1558 4388 per
1578 4312 1751 4385 prophetam

98 4411 205 4469 letari
223 4416 251 4468 et
266 4411 392 4485 gaudere
405 4428 453 4467 me
471 4411 627 4484 plurimum
647 4411 677 4466 in
695 4409 805 4468 Christo
820 4411 885 4466 lesu
935 4411 1046 4469 dicente
1061 4428 1068 4467 :
1084 4434 1099 4462 «
1112 4413 1144 4467 ln
1157 4409 1355 4484 splendoribus
1364 4412 1528 4465 sanctorum
1542 4424 1577 4463 ex
1589 4411 1671 4463 utero
1684 4407 1751 4462 ante

70 4506 186 4562 Domino
199 4509 297 4561 nostro
313 4505 471 4561 dilectionis
484 4509 541 4563 tuae
552 4505 657 4578 scripta
668 4506 808 4574 lecerunt,
825 4503 923 4602 qui-D
934 4506 1084 4562 luciferum
1096 4504 1183 4578 genui
1192 4508 1221 4561 te
1232 4504 1316 4577 (Psol.
1330 4520 1383 4571 cvr,
1397 4504 1434 4575 3).
1448 4524 1463 4554 n
1477 4502 1569 4568 Quam
1579 4498 1752 4555 sententiam

69 4598 115 4655 bus
128 4599 280 4655 audenter
293 4598 452 4654 ostenditur
460 4601 601 4671 quantum
612 4597 781 4655 catholicam
792 4596 885 4670 diligis
936 4603 965 4655 et
980 4599 1065 4655 isaias
1079 4598 1220 4671 prophete
1232 4597 1325 4655 dubiis
1339 4601 1423 4669 atque
1438 4593 1591 4651 incredulis
1606 4591 1752 4649 evidenter

69 4693 162 4763 fidem,
172 4697 204 4749 et
214 4695 352 4765 quantum
362 4709 513 4766 pravorum
523 4692 674 4749 hominum
684 4692 833 4749 detestaris
843 4707 886 4747 er·
934 4692 1081 4766 expressit,
1088 4692 1156 4748 dum
1165 4708 1224 4748 non
1232 4691 1346 4748 aliunde
1355 4688 1458 4746 lilium
1467 4704 1552 4762 quam
1564 4686 1599 4742 de
1610 4688 1692 4742 Patre
1703 4703 1750 4742 na-

69 4804 172 4856 rorem,
182 4786 279 4843 omnis
289 4787 366 4843 enim
377 4786 495 4843 haercsis
504 4786 638 4843 nimisest
648 4786 746 4858 impia,
759 4787 886 4842 etEvan·
934 4792 996 4844 tum
1010 4785 1194 4842 ineffabiliter
1214 4784 1358 4842 ostendit:
1383 4805 1397 4834 ι(
1412 4784 1444 4840 ln
1460 4781 1632 4850 humilitate,
1646 4779 1750 4854 inquit,

70 4882 163 4954 geticae
172 4880 302 4937 veritatis
312 4880 439 4948 inimica,
449 4897 512 4953 quae
523 4897 581 4936 non
587 4880 749 4952 portionem
760 4880 885 4952 aliquam
931 4880 1072 4952 judicium
1079 4879 1141 4952 ejus
1147 4876 1528 4946 sublatumest,nativitatem
1534 4875 1596 4948 ejus
1602 4873 1665 4946 quis
1673 4890 1752 4930 enar·

68 4974 180 5043 laedere,
192 4974 243 5030 sed
253 4973 489 5046 ipsaChristianee
499 4974 649 5047 religionis
659 4973 886 5029 conaturiunda·
924 4974 1048 5030 rabili»
1057 4975 1130 5045 (lsai.
1145 4989 1201 5043 ιιιι,
1213 4972 1325 5044 8.)Etin
1332 4971 1406 5027 libro
1412 4970 1477 5027 lob:
1487 4992 1501 5020 ι
1508 4968 1682 5042 Sapientiam
1689 4966 1751 5035 Dei,

69 5072 165 5124 menta
179 5067 354 5124 convellere.
369 5069 478 5124 tdemor
495 5067 574 5124 enim
592 5085 655 5123 sum
675 5083 722 5122 me
743 5066 795 5123 sub
811 5066 886 5124 illius
935 5066 983 5136 ait,
995 5067 1070 5124 unde
1081 5066 1225 5123 invenies?
1235 5065 1442 5122 lateteuimab
1452 5063 1712 5132 oculishominum,
1724 5060 1755 5115 et

69 5162 183 5220 nomine
205 5161 335 5218 Ecclesiae
354 5161 518 5234 presidere,
538 5161 619 5234 cujus
641 5178 659 5217 a
680 5160 800 5218 Domino
820 5163 887 5217 lesu
935 5179 951 5218 a
967 5142 1751 5230 lolucribuscmliabsconsaestilob.xrv111,l2).»Dx-

68 5256 175 5314 Christo
188 5255 557 5328 estgloritlcataconfessio,
570 5255 887 5327 etcujusfidesnullum
935 5254 1097 5328 pergiscere
1110 5254 1267 5326 paululum,
1279 5257 1309 5311 et
1326 5253 1349 5309 si
1368 5253 1467 5327 lumep
1489 5251 1616 5307 scientim
1634 5249 1664 5302 in
1679 5245 1751 5318 teip-

69 5366 195 5424 noqnam
208 5349 292 5422 fallit,
307 5350 357 5407 sod
369 5366 471 5406 omnes
484 5349 601 5423 quidem
618 5350 742 5406 hereses
753 5349 885 5407 destruit.
936 5365 1000 5405 sum
1017 5348 1196 5421 aliquantum
1215 5348 1313 5417 habes,
1328 5347 1467 5415 invenies,
1483 5346 1564 5417 cujus
1582 5339 1712 5399 nativitas
1736 5353 1753 5393 a

68 5444 200 5518 intelligo
208 5447 306 5501 autem
313 5443 385 5500 mibi
393 5443 476 5500 aliter
488 5443 737 5518 nonlicerequam
747 5448 886 5500 utomnes
936 5443 1077 5517 propheta
1090 5458 1147 5498 non
1159 5442 1253 5515 potuit
1265 5441 1392 5499 anemuri
1407 5457 1442 5496 ex
1456 5444 1585 5510 tempore
1600 5434 1643 5491 sal
1660 5435 1694 5488 ut
1706 5447 1752 5488 as·

67 5545 186 5596 conatus
192 5554 273 5594 meos
279 5537 306 5593 ei
312 5537 500 5611 oausaeinqua
506 5536 806 5596 universalisacolesie
813 5537 887 5593 salus
935 5541 1032 5593 truere
1041 5536 1102 5609 ipse
1115 5535 1237 5606 conaris,
1247 5552 1305 5591 non
1317 5532 1412 5609 potuit
1421 5529 1564 5606 generari.
1576 5550 1590 5579 κ
1602 5529 1633 5583 ln
1644 5523 1752 5599 princi·

68 5632 220 5690 intestatus
236 5630 414 5706 impendam.
427 5634 569 5706 Agnosce,
585 5631 625 5689 illi
637 5630 813 5703 charissime,
827 5647 887 5688 non
935 5631 994 5705 pio,
1010 5630 1107 5704 inquit
1130 5632 1253 5687 loannes
1274 5627 1467 5701 Evangeliste,
1493 5625 1556 5680 erat
1575 5619 1709 5688 Verbum,
1725 5620 1754 5675 et

67 5742 99 5783 ex
112 5730 248 5801 tempore
263 5741 355 5800 noque
367 5730 432 5800 post
441 5731 575 5801 tempora
593 5726 696 5784 Filium
710 5725 761 5784 Dei
773 5729 884 5798 natum,
935 5724 1061 5782 Verbum
1071 5729 1132 5782 erat
1141 5725 1218 5798 apud
1228 5726 1331 5793 Deum,
1342 5724 1453 5778 etDeus
1471 5719 1531 5776 erat
1549 5713 1759 5784 Verbum,hoc

68 5819 115 5878 sed
128 5823 197 5879 ante
208 5819 308 5878 omnia
320 5822 449 5894 tempora
463 5820 500 5879 de
513 5824 635 5895 patemo
644 5824 727 5879 utero
734 5820 883 5880 inenarra·
936 5823 1000 5879 crat
1013 5819 1043 5879 in
1054 5819 1198 5900 principio
1209 5818 1290 5898 apud
1298 5819 1405 5878 Deum
1413 5806 1789 5890 ondxsqsriqsaxotaoa
