3870 6150
620 307 852 367 {recurrantur
872 308 1064 365 tottacrto.
1632 316 1684 368 870

103 423 141 477 tio
163 421 328 476 conceditur
350 419 512 490 inculpatis,
531 419 620 472 multo
641 419 731 488 nragis
756 435 813 472 uon
824 431 949 501 Aquam
966 417 1079 471 cedere.
1099 418 1237 472 Deformis
1255 421 1353 473 autem
1372 424 1400 474 et
1423 419 1524 490 ignara
1545 418 1685 489 subjectio

112 515 195 570 licere
217 512 364 584 suspectis.
392 512 512 567 Proinde
536 512 648 566 dilectio
669 515 718 566 tua
739 511 820 581 cujus
869 512 941 565 bene
954 510 1008 564 sibi
1021 511 1157 579 conscius,
1173 514 1201 564 et
1214 527 1273 565 non
1295 512 1406 567 irritam
1427 512 1595 567 facientibus
1620 529 1684 584 gra-

103 625 151 664 ιιιε
171 607 338 679 gaudemus,
350 606 455 676 jungat
475 605 510 659 ad
528 604 615 658 totius
628 621 725 659 curam
739 621 819 659 suam
869 604 938 657 tiam
956 602 1003 658 Dei
1017 603 1201 674 prejudicare
1220 621 1277 659 nou
1299 605 1400 676 potuit,
1413 609 1447 659 ut
1464 606 1603 677 primatus
1622 624 1686 662 suos

103 700 233 757 itionibus
256 698 370 766 nostris,
385 704 414 753 et
434 698 480 752 det
503 713 629 768 operam,
641 702 674 751 ut
698 699 818 753 circum·
870 712 1039 768 quocunque
1062 697 1232 752 commercio
1248 698 1276 752 iu
1294 699 1462 754 alterutrum
1480 700 1686 757 transferentes

117 799 204 866 atque
227 793 362 849 velociter
386 791 571 862 impleantur,
591 807 655 861 quae
677 791 713 845 ad
734 792 820 847 totius
871 791 1105 862 subsequentium
1128 807 1247 846 suorum
1274 792 1435 848 minuerent
1460 793 1640 864 dignitatem,
1660 800 1687 849 et

104 906 129 945 re
141 887 417 953 incolumitatem,et
426 884 601 940 laudabiliter
613 889 747 955 suggesta
755 890 821 940 sunt
871 884 938 955 quia
955 883 1085 938 ultimum
1101 884 1153 939 sibi
1170 888 1394 956 anteposuerant
1408 887 1517 941 coeteris
1531 889 1686 959 praemine-

103 981 346 1038 briterordinata.
370 981 432 1034 Non
448 982 543 1033 autem
564 977 694 1033 debiliter
708 979 820 1034 dilectio
871 982 944 1034 rent.
976 978 1106 1032 Pradicti
1132 979 1219 1049 igitur
1241 979 1399 1050 presbyteri
1428 980 1476 1050 qui
1501 980 1636 1053 indignos
1658 1001 1687 1038 se

103 1094 127 1146 s,
140 1076 174 1143 si,
189 1075 267 1146 quod
285 1090 343 1128 nou
360 1073 545 1139 arbitramur,
558 1072 688 1142 neglecta
701 1072 818 1141 fuerint,
872 1071 987 1126 honoris
1000 1073 1042 1127 sui
1056 1072 1155 1126 ordine
1177 1079 1242 1128 sunt
1265 1073 1384 1144 professi
1403 1072 1468 1127 licet
1483 1074 1585 1144 privari
1599 1076 1686 1131 etiam

103 1186 140 1225 iro
152 1167 277 1223 custodia
299 1182 450 1232 canonum,
465 1171 492 1220 et
504 1182 557 1236 pro
571 1165 637 1220 fidei
657 1165 821 1236 integritate
871 1165 1025 1220 sacerdotio
1039 1169 1228 1235 mererentur,
1237 1169 1373 1220 mmenut
1385 1182 1437 1237 pro
1448 1167 1607 1237 apostolice
1617 1169 1689 1224 sedis

103 1263 192 1326 dmus,
207 1260 403 1315 vehementius
420 1258 650 1326 commovendos,
664 1259 729 1329 qnia
744 1258 819 1314 infe·
871 1260 977 1330 pietate
1002 1264 1145 1330 parcatur,
1158 1258 1253 1313 ultimi
1269 1259 1344 1313 inter
1361 1275 1460 1314 ornnes
1479 1260 1603 1315 ecclesiae
1629 1277 1690 1333 pre·

103 1356 260 1412 sordinum
275 1353 366 1425 culpae
387 1353 423 1407 ad
435 1353 529 1407 nullos
554 1353 646 1424 magis
663 1353 820 1407 referendae
872 1353 1000 1423 sbyteros
1024 1352 1189 1406 habeantur.
1213 1353 1247 1406 Et
1270 1356 1301 1405 ut
1322 1352 1423 1423 judicii
1452 1354 1494 1408 sui
1517 1354 1689 1410 sententiam

103 1466 189 1522 quam
216 1447 252 1501 ad
281 1447 399 1513 desides,
425 1447 663 1518 negligentesque
688 1449 819 1513 rectores,
871 1446 974 1515 ferant,
984 1445 1133 1501 inferiores
1145 1447 1230 1501 etiam
1243 1446 1290 1500 illo
1304 1450 1388 1500 erunt
1400 1462 1484 1517 quem
1497 1448 1615 1519 propria
1624 1464 1688 1504 sen-

103 1544 188 1598 ultam
202 1557 277 1612 saepe
290 1540 422 1595 nutriunt
433 1539 624 1611 pestilentiam
640 1540 708 1594 dum
728 1556 822 1595 neccs-
873 1544 963 1599 tentia
974 1543 1085 1598 sibimet
1093 1543 1510 1614 praetulere,caeterisomnibns
1521 1545 1690 1617 presbyteris

103 1635 298 1691 idissimulant
308 1635 444 1689 adhibere
459 1632 643 1688 medicinam.
654 1634 721 1688 llala
731 1633 821 1705 pridie
872 1638 902 1691 in
912 1654 946 1691 co
958 1635 1059 1691 ordine
1073 1636 1306 1708 permanentibus
1319 1653 1404 1708 quem
1415 1636 1569 1708 unicuique
1578 1639 1690 1693 ordina·

103 1730 147 1785 tas
160 1729 236 1795 lolii,
250 1728 340 1799 Alipio
352 1731 381 1782 el
393 1727 549 1782 ardaburae
562 1727 732 1782 consulibus.
873 1732 958 1786 tionis
972 1747 1030 1785 sna
1052 1735 1166 1800 tempus
1188 1729 1328 1800 ascripsit.
1344 1728 1440 1802 215
1459 1730 1515 1785 Nec
1537 1732 1689 1803 quisquam

103 1824 137 1879 ll.
153 1854 187 1863 -
200 1823 356 1878 Adflarant
369 1825 582 1877 Beneuentanum
594 1823 754 1892 episcopum.
832 1810 860 1880 B
872 1828 976 1894 prater
985 1822 1134 1896 predictos
1148 1822 1220 1877 duos
1234 1822 1393 1877 imminutae
1408 1823 1556 1895 dignitatis
1566 1825 1690 1896 patiatur

103 1917 229 1973 ctissimo
242 1916 324 1970 fratri
338 1916 421 1982 Dono,
435 1915 490 1969 heo
505 1915 665 1986 episcopus.
873 1916 1017 1988 injuriam,
1037 1915 1086 1969 sed
1111 1916 1140 1969 in
1163 1931 1264 1970 eorum
1287 1919 1393 1970 statum
1416 1917 1616 1972 tantummodo
1635 1918 1689 1973 hoc

103 2009 182 2066 cium
202 2009 278 2080 quod
300 2009 335 2062 de
357 2013 383 2062 te
403 2007 585 2079 sperabamus
609 2008 742 2062 dolemus
760 2022 821 2060 esse
872 2014 1002 2065 recurrat
1015 2009 1200 2080 opprobrium
1216 2009 1292 2081 quod
1304 2010 1414 2065 novello
1431 2015 1459 2065 et
1475 2011 1626 2066 immature
1641 2028 1688 2066 or-

103 2109 184 2172 itum,
202 2103 315 2173 quando
332 2118 366 2156 ea
387 2105 415 2156 te
435 2100 611 2156 commisisse
637 2099 823 2171 perspicimus
872 2108 939 2158 nato
951 2102 1110 2160 ,inferiores
1132 2103 1193 2158 lieri
1217 2104 1342 2175 elegere,
1355 2107 1388 2158 ut
1399 2104 1482 2177 nillam
1497 2105 1688 2176 evangelicam

103 2211 201 2251 mnam
216 2194 411 2249 ecclesiasticae
424 2193 577 2249 sanctionis
589 2194 716 2265 regulam
732 2193 824 2264 culpa-
873 2196 1043 2251 sententiam
1066 2197 1100 2250 ad
1123 2213 1152 2251 se
1176 2197 1299 2251 sentiant
1320 2196 1545 2268 pertinereque
1565 2198 1688 2255 dicitur:

103 2289 203 2345 oritate
235 2290 384 2353 foedarent,
410 2304 475 2342 cunr
506 2287 668 2357 plenissime
698 2286 821 2355 noveris,
875 2315 888 2338 ι
903 2289 966 2354 Quo
984 2289 1093 2360 judicio
1113 2289 1305 2360 judicaveritis
1317 2289 1494 2360 judicabitur
1506 2291 1541 2346 de
1555 2291 1645 2363 robis,
1661 2298 1690 2348 et

103 2400 115 2438 ι
145 2382 332 2437 sollicitudine
360 2397 410 2452 per
433 2396 532 2435 omnes
556 2379 668 2435 Domini
691 2379 824 2435 ecclesias
874 2401 931 2455 qua
945 2400 1078 2438 mensura
1087 2382 1179 2438 mensi
1191 2383 1310 2450 fueritis,
1322 2383 1421 2438 eadem
1435 2385 1600 2440 remetietur
1613 2385 1690 2441 robis

103 2492 193 2532 torttttt
205 2476 325 2530 velimus
335 2491 478 2529 canonum
502 2479 645 2545 praecepta
659 2489 781 2539 servare,
796 2475 824 2527 el
876 2478 981 2545 (Matth.
993 2493 1040 2543 vn,
1051 2477 1219 2546 2),»Paulus
1230 2493 1296 2530 vero
1307 2475 1454 2548 presbyter
1465 2477 1594 2533 ordinem
1606 2494 1689 2534 suum

103 2570 219 2625 naxime
232 2585 328 2623 curam
340 2567 376 2623 ad
385 2567 546 2622 sacerdotes
562 2568 758 2622 universarum
769 2568 824 2637 ple·
874 2571 909 2625 de
919 2569 1114 2642 quolaudahili
1123 2570 1257 2629 firmitate
1267 2586 1325 2624 nou
1335 2570 1572 2639 cessit,obtineat.
1582 2572 1638 2627 Nec
1650 2574 1691 2628 ul-

103 2664 289 2735 pertinere,ut
297 2667 461 2717 sanctarum
472 2662 706 2716 constitutionum
715 2661 824 2732 regulas
874 2664 961 2719 terius
978 2663 1086 2735 aliquid
1099 2663 1127 2718 in
1141 2664 1308 2734 cujusquam
1321 2667 1474 2734 presumat
1491 2665 1637 2735 injuriam,
1652 2668 1690 2722 ita

116 2759 338 2828 corrumpantur
359 2755 529 2811 excessibus.
545 2755 624 2809 Unde
643 2756 782 2809 miramur
797 2759 824 2809 te
874 2755 1692 2831 utdilectiotuaquamnonimmeritototafactihujuspul·

112 2852 313 2906 auctoritatum
336 2850 496 2921 apostolicae
511 2848 591 2904 Sedis
610 2848 822 2903 observantissi·
874 2855 915 2905 sat
928 2850 1032 2905 invidia
1047 2851 1100 2906 hoc
1111 2851 1209 2906 saltem
1221 2850 1346 2905 remedio
1360 2867 1458 2906 curare
1469 2857 1646 2924 seproperet,
1663 2862 1691 2911 ut

111 2961 173 3000 esse
194 2950 376 3013 convenerat,
392 2949 450 2998 tam
478 2943 669 3013 negligenter,
682 2959 714 2997 ac
729 2943 824 3014 potius
874 2946 934 2999 sine
948 2944 1176 3001 dissimulatione
1189 2944 1249 2999 baec
1263 2960 1327 3016 quaa
1348 2944 1529 3001 decernimus
1544 2947 1692 3003 tradantur

103 3043 163 3094 nter
176 3039 278 3110 egisse,
294 3042 326 3091 ut
341 3038 509 3092 traditarum
522 3036 572 3091 tibi
586 3036 684 3108 legum
705 3052 763 3090 non
775 3053 824 3090 cu·
874 3038 997 3106 effectui,
1013 3021 1084 3093 nesi
1107 3038 1207 3093 iterato
1220 3038 1255 3092 ad
1271 3054 1324 3092 nos
1345 3039 1507 3110 imploratio
1527 3041 1604 3111 justa
1623 3058 1691 3097 con·

103 3133 128 3187 :d
141 3137 333 3204 transgressor
346 3131 488 3186 existeres.
504 3131 612 3185 Libello
626 3129 734 3184 etenim
746 3129 823 3184 Pauli
875 3133 990 3204 fugerit,
1000 3148 1115 3186 neccsse
1129 3131 1165 3185 sit
1174 3131 1298 3186 severius
1310 3134 1484 3188 commoveri
1497 3150 1562 3189 cnm
1573 3135 1619 3189 his
1628 3152 1692 3207 quas

103 3227 168 3282 rteri
184 3227 224 3282 tui
238 3227 286 3297 qui
302 3226 330 3279 in
343 3225 463 3279 subditis
477 3226 626 3293 hahentur,
641 3181 863 3296 cognovimusC
877 3227 951 3280 male
969 3231 1036 3280 sunt
1046 3225 1118 3280 facta
1133 3224 1267 3280 correctis
1279 3225 1414 3280 malimus
1426 3227 1603 3298 reintegrare
1614 3229 1694 3285 disci-

103 3326 128 3375 te
140 3336 213 3375 noro
233 3320 353 3387 ambitu,
368 3319 500 3391 foedoquc
516 3320 635 3375 colluvio
658 3318 826 3391 presbyterii
876 3321 983 3391 plinam
996 3336 1080 3391 quam
1096 3336 1200 3391 augere
1215 3318 1379 3374 vindictam.
1395 3321 1612 3376 Exsecutionem
1627 3339 1693 3378 vero

103 3430 142 3470 sm
152 3414 237 3470 fuisse
250 3414 397 3469 turbatum
405 3415 445 3468 ita
456 3418 489 3468 ut
501 3414 595 3482 unius,
610 3412 724 3479 festina,
736 3416 765 3466 et
775 3413 827 3466 im-
877 3412 1102 3486 praeceptionum
1116 3415 1279 3468 nostrarum
1289 3411 1368 3466 fratri
1379 3418 1408 3468 et
1417 3413 1585 3486 coepiscopo
1595 3419 1692 3470 nostro

103 3509 277 3579 aprovectio
290 3508 422 3579 quaedam
439 3524 539 3563 eorum
560 3507 679 3580 dejectio
693 3507 767 3562 faeta
781 3507 825 3574 sit,
875 3508 948 3562 lulio
962 3506 1137 3563 commisisse
1160 3522 1211 3560 nos
1233 3505 1355 3576 noveris,
1373 3509 1404 3560 ut
1420 3506 1518 3561 omnia
1537 3507 1577 3562 illi
1592 3525 1691 3580 queni-

103 3607 169 3658 aatas
186 3602 417 3672 commendabat,
431 3608 459 3657 ct
474 3603 553 3656 nulla
566 3603 650 3672 culpa
668 3602 825 3657 minuebat.
877 3599 1031 3656 admodum
1049 3599 1247 3656 constituimus
1265 3599 1444 3655 roborentur.
1460 3601 1529 3656 flata
1546 3602 1608 3657 ldus
1626 3603 1695 3658 llar-

112 3696 137 3751 si
160 3697 290 3750 ambietis
312 3696 442 3763 intentio,
459 3700 507 3750 aut
521 3696 652 3767 imperita
672 3696 828 3751 faventium
879 3694 919 3761 tii,
935 3694 1136 3749 Posthumiano
1149 3693 1208 3748 viro
1228 3692 1385 3748 clarissimo
1398 3695 1521 3749 consule.

114 3790 145 3845 id
157 3790 234 3862 quod
253 3806 403 3860 nunquam
421 3789 521 3844 habuit
540 3789 716 3844 cousuetudo
734 3805 827 3861 posce·
877 3810 950 3866 Lm
965 3841 999 3851 ,,
1019 3810 1064 3866 Ag
1076 3813 1215 3866 universos
1229 3811 1363 3881 epgwpos
1380 3827 1432 3881 per
1450 3812 1573 3868 siciliam
1592 3815 1692 3869 comer.

103 3886 138 3938 ut
155 3883 293 3954 incipiens
314 3883 450 3949 emeritis,
464 3888 492 3937 et
507 3884 633 3937 novellus
646 3883 828 3954 preferretur
1248 3886 1326 3936 tutos.

102 3977 165 4045 rius,
180 3978 341 4032 tuaefuerat
361 3977 507 4031 industrias
527 3980 611 4048 atque
633 3976 779 4042 doctrina,
796 3983 828 4032 ut
915 3975 969 4030 heo
999 3975 1137 4030 universis
1168 3974 1307 4046 episcopis
1335 3991 1386 4045 per
1408 3973 1534 4030 Siciliam
1562 3976 1696 4031 constitu·

103 4087 115 4127 e
138 4073 295 4142 petentium
315 4070 456 4126 desideria
477 4070 639 4125 rationabili
658 4071 827 4126 auctoritate
878 4072 922 4127 tis.

103 4180 171 4232 eres,
182 4181 216 4219 ne
230 4181 316 4236 quem
329 4165 358 4218 in
373 4163 542 4218 sacerdotali
557 4180 678 4236 propere
693 4165 828 4237 provehe·
915 4165 1018 4220 Divinis
1031 4164 1181 4236 preceptis
1194 4169 1222 4219 et
1231 4163 1392 4234 apostolicis
1401 4162 1516 4218 monitis
1530 4162 1694 4230 incitamur,

103 4274 193 4314 onore
212 4258 248 4312 ad
271 4259 404 4329 injuriam
423 4274 521 4311 eorum
545 4258 648 4329 quibus
670 4258 843 4318 sociebatur,
878 4263 910 4314 ut
923 4275 974 4330 pro
984 4257 1114 4314 onmium
1129 4256 1311 4312 ecclesiarum
1324 4261 1397 4311 statu
1409 4256 1534 4329 impigro
1545 4256 1697 4329 vigilemus

106 4358 161 4408 ret.
178 4352 262 4407 hliror
280 4353 365 4423 quisi
383 4352 463 4407 fieret
475 4352 505 4406 in
522 4352 568 4406 illo
582 4368 639 4406 uon
661 4351 829 4406 humilitatis
878 4352 990 4421 affeetu,
999 4351 1081 4406 autsi
1090 4349 1161 4422 quid
1171 4366 1294 4422 usquam
1306 4350 1525 4421 reprehensioni
1534 4350 1697 4406 inveniatur

104 4445 172 4516 ‚sed
185 4446 314 4500 elationis
327 4446 426 4500 vitium
438 4447 629 4501 roboraretur.
642 4447 739 4517 Neque
749 4446 828 4500 euiut
879 4444 1032 4500 obnoxium
1046 4444 1130 4499 celeri
1145 4443 1343 4511 sollicitudine,
1354 4446 1403 4497 aut
1414 4442 1450 4498 ab
1462 4443 1633 4514 ignorantie
1646 4445 1696 4499 im-

103 4540 165 4595 tbas
185 4539 288 4594 dixisse
310 4539 473 4606 Dominum,
487 4539 562 4610 quod
576 4539 625 4610 qui
641 4556 670 4593 se
688 4539 827 4607 humiliat,
838 4555 869 4628 D
879 4538 990 4612 peritia,
1001 4542 1073 4593 anta
1082 4537 1313 4628 presumptionis
1324 4536 1506 4606 usurpatione
1519 4552 1694 4592 revocemus.

103 4634 189 4701 bitur,
198 4633 318 4704 quivero
328 4650 356 4687 se
365 4634 476 4702 exaltat,
485 4633 763 4704 humiliabiturlhur.
773 4649 828 4701 xiv,
879 4634 1008 4689 flonente
1022 4631 1098 4686 enim
1113 4629 1352 4684 Dominicaevocis
1362 4628 1492 4700 imperio,
1504 4645 1560 4701 quo
1569 4630 1696 4686 beatissi-

103 4727 432 4798 rmdemquedixisseros
441 4731 538 4781 autern
547 4727 674 4798 quaeritis
683 4727 717 4782 dc
726 4727 829 4798 pusillo
879 4743 943 4781 mus
957 4726 1099 4797 apostolus
1112 4725 1212 4778 Petrus
1225 4723 1299 4777 trina
1309 4722 1481 4792 repetitione
1493 4724 1620 4794 mysticas
1633 4741 1697 4780 san-

103 4837 146 4888 re,
156 4824 184 4875 et
195 4821 230 4875 de
240 4822 350 4875 honore
363 4821 486 4891 majores
500 4837 571 4874 esse.
583 4821 740 4892 Utrumque
752 4820 829 4876 enim
879 4820 981 4875 ctionis
1001 4818 1148 4885 imbuitur,
1166 4820 1196 4871 ut
1210 4815 1312 4873 Christi
1327 4831 1393 4870 oves
1406 4816 1454 4887 qui
1473 4816 1617 4874 Christum
1631 4820 1693 4876 dili·

103 4918 213 4982 natum,
231 4920 385 4985 utrumque
406 4921 609 4986 praeposterum
623 4917 676 4983 est,
691 4920 720 4969 et
735 4915 828 4970 omnis
880 4915 922 4986 git
936 4916 1041 4984 pascat,
1056 4911 1144 4983 ipsius
1159 4910 1232 4965 sedis
1248 4909 1293 4965 cui
1308 4925 1361 4980 per
1373 4908 1577 4967 abundantiam
1592 4914 1694 4970 divinas

103 5008 401 5076 unfructusanfertur,
411 5009 504 5063 omnis
515 5008 681 5064 meritorum
694 5024 829 5062 mensura
880 5003 1694 5080 gratiaepraesumusrererenliacohortamurutperieulum

103 5107 157 5165 tur,
180 5103 202 5156 si
227 5107 339 5157 tantum
364 5103 427 5174 quis
451 5104 502 5156 has
526 5101 655 5173 sequitur
676 5101 828 5173 dignitates
879 5100 1141 5173 desidiaequantom
1152 5112 1305 5172 possumus
1318 5097 1500 5168 declinemus,
1510 5117 1546 5156 ne
1557 5103 1694 5172 professio

103 5212 155 5252 um
167 5197 336 5251 adulationis
349 5197 480 5266 obtinuit,
491 5202 521 5251 ut
534 5197 672 5267 cupiditas
685 5195 828 5251 eminendi
879 5194 984 5250 summi
996 5191 1115 5265 apostoli
1127 5192 1175 5264 qui
1191 5208 1219 5247 se
1231 5193 1388 5247 amatorem
1406 5193 1517 5248 Dourini
1534 5211 1595 5249 esse
1614 5198 1695 5249 testa·
1765 5220 1772 5232 ·

103 5290 179 5347 olum
197 5291 407 5362 superbientem
428 5291 549 5356 minuat,
565 5290 712 5346 sedetiam
731 5290 828 5344 conri—
879 5293 925 5344 tus
937 5294 980 5344 est
997 5304 1054 5343 non
1070 5286 1233 5341 inveniatur
1249 5286 1277 5340 iu
1297 5286 1387 5340 nohis.
1401 5286 1473 5351 Quia
1492 5288 1639 5358 negligens
1655 5293 1694 5343 to-

103 5402 137 5440 n.
164 5385 192 5440 Si
215 5401 290 5453 rero,
311 5390 344 5440 ut
377 5386 521 5452 asseritur,
546 5385 630 5455 primi
656 5383 829 5455 secundique
880 5383 933 5437 ties
953 5381 1186 5438 commendatum
1207 5395 1324 5451 gregem
1339 5379 1513 5435 convincitur
1531 5397 1614 5435 suurn
1636 5400 1691 5437 nou

103 5479 169 5546 neri
185 5479 257 5534 circa
271 5479 450 5551 Epicarpium
463 5478 577 5533 sibimet
591 5478 828 5549 praeponendum,
880 5493 976 5531 amare
998 5481 1152 5547 pastorem.
1168 5474 1238 5529 Cum
1258 5489 1327 5545 ergo
1346 5473 1415 5528 mibi
1438 5473 1472 5527 de
1494 5473 1638 5528 charitatis
1650 5491 1693 5530 vc-

105 5574 153 5629 uic
166 5574 317 5628 assentatio
332 5573 397 5641 fuit,
411 5577 445 5627 ut
461 5573 542 5627 illum
557 5588 622 5626 cum
638 5571 682 5626 sui
695 5573 830 5628 dedecore
881 5576 946 5625 strae
962 5570 1070 5625 actibus
1084 5569 1211 5625 fraterna
1224 5567 1334 5623 actione
1348 5566 1466 5621 sollicito
1487 5567 1570 5621 certis
1583 5567 1693 5624 iudicii.-¹

103 5672 165 5723 rent
179 5667 323 5722 honorari.
338 5667 394 5720 Nec
410 5667 463 5721 hoc
477 5667 592 5738 quidem
608 5667 661 5721 illis
674 5667 789 5739 proprio
800 5684 829 5722 se
880 5663 1047 5731 innotuerit,
1061 5679 1109 5718 ros
1124 5663 1152 5717 in
1172 5678 1205 5716 eo
1218 5661 1294 5732 quod
1308 5661 1384 5715 iuter
1405 5665 1582 5715 sacramenta
1604 5662 1694 5718 Eccle-

103 5776 120 5816 o
143 5759 343 5832 dejicientibus
362 5759 448 5815 tribui
471 5761 576 5827 debuit,
590 5759 668 5833 quod
688 5760 829 5825 volebant,
881 5758 929 5812 sia
947 5756 1103 5829 principale
1118 5761 1171 5822 est,
1185 5755 1220 5810 ab
1241 5752 1402 5825 apostolicae
1423 5752 1616 5809 institutionis
1635 5773 1705 5809 can·

103 5870 133 5911 m
147 5853 260 5909 miserae
273 5853 409 5909 voluntati
422 5859 450 5908 te
465 5855 577 5926 dignius
593 5856 687 5910 fuerat
705 5853 830 5922 obviare,
881 5848 1034 5908 stretudine
1053 5849 1230 5923 discrepare,
1240 5848 1285 5903 ita
1295 5851 1334 5901 nt
1343 5845 1493 5917 baptismi
1503 5850 1739 5900 sacrasanctam
