3870 6150
122 252 174 308 757
571 248 714 306 ΑΡΡΕΝΙ).
734 246 778 306 ΑΙ)
796 248 875 306 SAEC.
896 248 940 306 lx.
954 276 988 290 --
1008 244 1129 306 tstooal
1147 248 1360 306 usucaroms
1756 247 1803 304 'adt

121 376 199 425 xvnr,
215 361 251 430 6).
270 378 283 412 a
303 355 509 414 Verecundiam
530 361 627 413 autem
649 374 765 413 omnem
784 357 896 430 abjecit,
912 361 942 412 et
951 373 1082 445 Ascuro,
1102 374 1160 413 non
1174 357 1211 412 ad
1224 355 1405 428 propheticas
1417 370 1511 424 voces
1525 371 1583 411 non
1595 355 1632 411 ad
1645 356 1809 427 apostolicas

123 468 208 524 quam
223 451 339 523 gerebat
354 451 527 507 infidelitatis
547 451 622 523 pelle
640 452 787 506 excutiens
800 452 829 506 in
844 453 941 506 sancta
990 450 1108 518 litteras,
1125 466 1176 505 nec
1191 449 1229 504 ad
1247 449 1425 521 evangelicas
1447 448 1640 518 auctoritates,
1657 448 1708 504 sed
1721 448 1757 504 ad
1773 466 1810 504 se·

122 545 228 616 synodo
242 545 386 601 asserebat
400 545 542 601 instanter
552 545 649 600 dicens
661 562 667 599 :
680 544 834 601 Dominum
844 547 940 600 lesum
989 543 1125 616 metipsos
1137 549 1298 599 recurrunt.
1318 543 1374 600 Sed
1387 543 1451 599 ideo
1471 543 1604 616 magistri
1631 542 1741 598 erroris
1754 543 1808 598 exi·

121 637 264 693 Christum
276 655 336 694 non
355 641 489 712 oportere
506 638 636 695 confiteri
650 639 684 694 de
705 639 814 694 duabus
833 637 941 693 naturis
991 642 1078 706 stunt,
1093 636 1294 709 quieveritalis
1309 636 1440 710 discipuli
1452 653 1510 692 uon
1526 637 1618 692 fuere.
1632 637 1727 702 Quam
1740 636 1809 691 enhn

121 735 185 804 post
206 732 363 787 humanam
384 733 604 805 susceptionem,
627 749 692 787 cum
714 749 730 787 a
753 732 836 787 nobis
858 731 942 787 unius
991 730 1182 786 eruditionem
1206 730 1240 785 de
1265 730 1350 785 sacris
1373 729 1440 785 Novi
1456 736 1484 785 et
1506 729 1618 785 Veteris
1639 730 1810 784 Testamenti

121 825 298 895 substantie,
310 832 338 881 et
350 827 433 881 unius
442 842 572 899 personae
581 826 772 898 cognoscitur,
783 842 875 898 neque
884 841 943 880 car-
991 824 1106 896 paginis
1121 824 1279 896 acquisivit,
1298 824 1347 895 qui
1367 839 1421 878 nec
1441 823 1530 896 ipsius
1552 822 1674 895 quidem
1697 822 1810 894 symboli

121 934 189 974 nem
205 919 316 974 Domini
327 920 540 976 coessentialem
552 920 632 975 nobis
643 920 795 976 subsistere
807 924 943 991 tanquam
993 918 1075 973 initia
1084 916 1319 989 comprehendit?
1332 918 1366 971 Et
1375 915 1493 988 quidem
1502 932 1555 989 per
1563 921 1660 972 totum
1671 916 1808 971 mundum

122 1028 157 1068 ex
169 1013 251 1067 nobis
260 1018 431 1086 susceptam,
443 1018 471 1069 et
480 1012 671 1069 coadunatam
681 1013 731 1068 llei
739 1012 830 1068 Verbo
840 1028 942 1067 secun·
993 1011 1126 1067 omnium
1145 1010 1408 1082 regenerandorum
1427 1026 1496 1066 voce
1516 1009 1714 1083 depromitur,
1738 1007 1809 1065 istius

123 1106 194 1161 dum
220 1106 418 1161 substantiam.
446 1106 504 1162 Sed
531 1106 642 1162 dicebat
662 1106 808 1178 Virginem
828 1105 944 1178 quidem
993 1105 1085 1160 adhuc
1104 1104 1178 1160 senis
1191 1104 1274 1160 corde
1287 1120 1346 1159 non
1359 1103 1480 1176 capitur.
1495 1102 1629 1160 Neseiens
1641 1102 1808 1176 igiturquid

124 1214 263 1270 quaecum
274 1199 662 1271 genuitsecundumcarnem
673 1198 944 1255 consubstantialem
993 1198 1110 1253 deberet
1121 1198 1156 1253 de
1169 1197 1254 1252 Verbi
1269 1197 1318 1253 bei
1341 1197 1537 1253 incarnatione
1556 1197 1677 1267 sentire,
1700 1213 1753 1253 nec
1765 1213 1808 1253 ro-

124 1292 208 1349 nobis
217 1308 287 1348 esse.
302 1294 499 1364 lpsumautem
511 1293 665 1349 [lemnum
674 1309 732 1349 non
745 1292 903 1365 suscepisse
911 1307 945 1346 ex
992 1291 1099 1348 lensad
1108 1291 1335 1365 promerendum
1344 1291 1543 1363 intelligentie
1552 1291 1657 1347 lumen
1670 1291 1703 1346 in
1712 1294 1809 1346 sanch-

125 1401 282 1456 eaoarnem
292 1386 560 1442 consubstantialem
571 1386 664 1455 nobis,
674 1386 723 1442 sed
737 1386 946 1460 corpusllomi-
994 1401 1060 1441 rum
1074 1385 1284 1457 Scripturarum
1297 1384 1448 1442 latitudine
1461 1384 1605 1453 laborare,
1621 1384 1707 1440 illam
1720 1384 1809 1440 saltem

127 1479 157 1534 ai
171 1496 228 1534 non
240 1495 304 1536 esse
320 1479 435 1553 quidem
445 1496 547 1552 corpus
557 1481 691 1548 hominis,
705 1480 865 1536 humanum
878 1495 944 1536 vero
994 1479 1228 1535 communionem
1242 1482 1271 1535 et
1279 1479 1463 1535 indiscretam
1475 1478 1687 1535 confessionem
1701 1477 1809 1535 sollicito

126 1589 231 1646 corpus
244 1590 303 1630 esse
318 1574 396 1646 quod
408 1580 449 1629 est
461 1591 496 1630 ex
510 1574 637 1646 Virgine.
994 1573 1228 1646 apprehendisset
1236 1572 1344 1642 auditu,
1359 1589 1417 1645 qua
1428 1572 1555 1629 bdelium
1565 1572 1740 1628 universitas
1751 1588 1808 1644 pro·

162 1668 204 1723 IV.
219 1667 274 1724 Sed
283 1684 320 1723 ae
332 1668 420 1723 multa
431 1667 527 1722 dicens
535 1668 653 1739 longam
665 1667 768 1723 faciam
780 1666 944 1738 epistolam,
995 1667 1094 1722 litetur
1104 1668 1219 1723 credere
1230 1682 1259 1722 se
1272 1667 1301 1722 in
1312 1668 1404 1723 Deum
1414 1669 1526 1723 Patrem
1537 1666 1777 1738 omnipotentem,
1786 1671 1810 1721 et

128 1761 197 1817 olim
212 1760 351 1833 quidquid
366 1761 518 1832 egerimus,
534 1761 664 1817 misimus
678 1760 715 1816 ad
737 1750 984 1825 beatitudinemB
995 1760 1025 1816 in
1042 1762 1138 1816 lesum
1161 1761 1305 1818 Christum
1330 1760 1431 1816 Filium
1447 1760 1508 1833 ejus
1532 1761 1653 1816 unicum
1667 1759 1810 1817 [lominum

126 1858 262 1922 vestram,
287 1854 389 1927 quibus
407 1854 508 1911 litteris
535 1856 692 1925 docuimus,
718 1859 747 1910 et
768 1854 944 1927 presbyterio
995 1858 1135 1922 nostrum,
1158 1854 1207 1926 qui
1228 1856 1310 1909 natus
1332 1858 1376 1909 est
1395 1853 1431 1910 de
1446 1853 1552 1926 Spiritu
1567 1857 1670 1909 sancto
1688 1870 1723 1909 ex
1737 1852 1808 1908 llan'a

125 1947 210 2004 illum
223 1964 283 2004 esse
294 1948 448 2018 nudatum,
464 1949 532 2020 quia
545 1948 584 2002 sio
594 1952 694 2021 captus
706 1953 758 2016 est,
771 1952 799 2004 et
808 1948 946 2019 jussimus
994 1947 1116 2020 virgine.
1129 1947 1237 2013 Quibus
1248 1948 1342 2029 tribus
1355 1948 1502 2004 sententiis
1512 1947 1645 2004 omnium
1656 1946 1718 2003 lere
1730 1947 1809 2002 hare·

128 2058 275 2098 eumcum
293 2041 474 2097 monasteriis
489 2043 598 2097 nullam
620 2042 728 2098 habere
750 2041 900 2111 rationem,
918 2042 947 2096 et
994 2043 1116 2103 ticoaum
1129 2042 1270 2098 machinos
1284 2042 1478 2098 destruuntur.
1499 2042 1572 2098 Cum
1591 2042 1675 2097 enim
1694 2041 1766 2097 Deus
1784 2043 1809 2095 et

126 2135 301 2191 exclusimus
314 2151 382 2190 eum
394 2153 411 2190 a
425 2136 626 2191 communione
639 2140 748 2206 nostra,
765 2140 796 2190 ut
809 2134 947 2192 Sanctitas
996 2136 1176 2208 omnipotens
1190 2135 1325 2204 creditur,
1348 2139 1376 2192 et
1390 2137 1474 2191 Pater
1494 2135 1702 2207 sempiternus,
1725 2134 1809 2190 eidem

127 2234 220 2284 vestra
231 2229 285 2284 hoc
304 2244 479 2300 cognoscens
494 2228 572 2301 quod
591 2228 666 2284 circa
681 2227 765 2283 illum
782 2231 878 2284 actum
893 2229 946 2297 est,
999 2230 1084 2285 Filius
1097 2230 1309 2285 demonstratur
1326 2228 1357 2284 in
1369 2228 1448 2284 nullo
1464 2245 1480 2284 a
1494 2231 1579 2285 Patre
1593 2228 1739 2295 differens,
1753 2227 1810 2299 quia

130 2321 264 2377 omnibus
276 2321 416 2395 episcopis
428 2323 481 2377 sub
491 2321 665 2378 beatitudine
677 2326 769 2378 vestra
778 2320 948 2394 degentibus
997 2323 1033 2380 de
1045 2323 1101 2378 Deo
1112 2324 1195 2390 Deus,
1207 2322 1242 2377 de
1253 2321 1449 2395 omnipotente
1458 2323 1652 2394 omnipotens,
1663 2322 1699 2378 de
1709 2326 1808 2377 esterno

129 2415 314 2471 manifestare
330 2415 466 2488 dignetur
478 2415 553 2472 illius
566 2415 752 2488 impietatem,
767 2433 803 2472 ne
818 2415 947 2471 nescien·
997 2418 1083 2472 natus
1095 2421 1137 2471 est
1148 2419 1317 2471 coaeternus.
1329 2416 1389 2471 Non
1397 2415 1539 2487 posterior
1548 2421 1693 2488 tempore,
1707 2414 1810 2471 nonin·

129 2512 173 2565 tes
184 2509 273 2583 aliqui
286 2509 363 2582 quod
378 2509 425 2565 ille
435 2509 555 2566 sentiret
565 2510 647 2582 quasi
658 2509 695 2566 ad
706 2486 948 2566 onhouox‘umvel
999 2509 1088 2565 terior
1101 2513 1251 2582 potestate,
1270 2525 1329 2565 non
1348 2509 1490 2565 dissimilis
1510 2508 1609 2581 glorie,
1632 2525 1694 2565 non
1716 2507 1811 2563 divinas

129 2619 183 2675 per
195 2603 312 2673 litteras,
327 2603 371 2658 vel
383 2619 436 2675 per
448 2604 575 2675 aliquam
590 2603 820 2676 conjunctionem
832 2603 950 2674 loquan·
999 2603 1135 2658 essentia.
1149 2602 1228 2658 idem
1241 2619 1307 2659 vero
1321 2603 1489 2675 sempiterni
1501 2602 1642 2660 (ianitoris
1654 2602 1813 2675 Unigenitas

131 2692 189 2753 tu‘r.
999 2696 1191 2768 sempiternus
1214 2700 1296 2751 natus
1318 2699 1361 2752 est
1386 2696 1421 2752 de
1443 2695 1549 2769 Spiritu
1574 2700 1674 2752 sancto
1693 2698 1724 2751 et
1735 2694 1813 2751 llan‘a

130 2814 163 2869 v·
183 2842 217 2854 ,,
230 2815 396 2885 Rescriptum
420 2815 517 2870 geom-s
536 2829 618 2885 papa,
639 2813 676 2868 ad
696 2813 859 2868 Flavianum
879 2810 949 2868 Gon,
999 2790 1118 2862 virgine.
1135 2790 1205 2855 Quas
1222 2790 1353 2846 nativitas
1365 2791 1530 2864 temporalis
1541 2790 1584 2846 illi
1595 2789 1737 2846 natintati
1749 2788 1812 2845 diri·

166 2886 437 2970 stantinopolitoaum
451 2888 605 2957 episcopum
617 2888 710 2940 contro
722 2885 853 2939 Euticetis
866 2885 950 2938 bare·
999 2900 1045 2939 nae
1063 2889 1092 2939 et
1110 2884 1292 2955 sempiterne
1311 2884 1381 2939 nihil
1400 2884 1516 2955 minuit,
1537 2884 1609 2939 nihil
1629 2883 1759 2951 contulit,
1771 2881 1812 2937 sed

168 2971 229 3011 Vm·
1001 2981 1091 3034 totam
1106 2994 1135 3034 se
1154 2978 1314 3051 reparando
1327 2978 1437 3034 homini
1455 2977 1504 3051 qui
1523 2982 1582 3034 erat
1597 2977 1747 3051 deceptus,
1765 2976 1811 3031 im·

169 3074 194 3127 l.
208 3072 300 3136 Quam
313 3070 477 3142 ignorantia
489 3075 655 3127 sanctarum
667 3070 880 3143 Scripturarum
895 3072 950 3126 Eu·
1001 3071 1110 3145 pendit,
1126 3077 1158 3127 ut
1171 3076 1293 3128 mortem
1306 3072 1441 3141 vinceret,
1457 3077 1486 3127 et
1497 3072 1642 3127 diabolum
1657 3072 1707 3144 qui
1722 3068 1812 3127 monis

133 3166 209 3223 ticen
220 3165 387 3221 hereticum
402 3165 511 3221 lecerit.
961 3123 1126 3222 Chabehat
1136 3165 1301 3239 imperium,
1315 3183 1366 3222 sua
1374 3166 1479 3221 virtute
1489 3165 1660 3222 destrueret
1672 3165 1736 3221 Noh
1745 3162 1812 3220 enim

167 3263 195 3316 2.
209 3259 315 3316 Contra
331 3276 379 3316 eos
393 3259 442 3331 qui
455 3258 485 3314 in
497 3259 569 3315 duos
579 3257 651 3314 filios
660 3256 882 3329 dispensationis
895 3257 951 3312 llo·
1002 3275 1138 3331 superare
1155 3275 1303 3331 possemus
1323 3259 1430 3332 peccati
1445 3264 1473 3315 et
1490 3259 1590 3316 mortis
1601 3264 1752 3316 auctorem
1767 3255 1812 3312 nisi

132 3352 245 3409 minicae
258 3352 429 3425 mysterium
442 3352 570 3408 scindere
583 3351 752 3407 moliuntur.
1004 3358 1136 3409 naturam
1155 3357 1283 3408 nostram
1299 3353 1348 3408 ille
1366 3352 1531 3425 susciperet,
1554 3358 1582 3410 et
1598 3369 1685 3409 suam
1709 3353 1811 3415 laceret,

169 3451 195 3503 3.
210 3449 315 3505 Contra
325 3462 373 3502 eos
388 3446 438 3519 qui
450 3445 611 3518 passibilem
624 3444 801 3501 divinitatem
811 3441 954 3516 unigeniti
1003 3463 1089 3519 quern
1101 3463 1153 3503 nec
1174 3451 1323 3520 peccatum
1338 3447 1545 3515 contaminare,
1567 3463 1620 3503 nec
1636 3463 1717 3503 mors
1733 3443 1813 3520 potuit

134 3540 255 3597 Filiillei
268 3539 376 3596 audent
388 3555 524 3597 asserere.
1005 3540 1143 3597 detinere.
1164 3541 1321 3613 Conceptus
1341 3540 1447 3613 quippe
1469 3544 1512 3596 est
1534 3540 1569 3597 de
1593 3541 1705 3614 Spiritu
1728 3542 1814 3596 saneto

170 3635 196 3691 l.
213 3635 318 3690 Contra
328 3649 377 3689 eos
388 3633 438 3706 qui
451 3633 481 3688 in
491 3633 562 3689 duas
571 3635 687 3688 naturas
696 3631 800 3690 Christi
809 3635 953 3702 tempera·
1003 3635 1080 3691 intra
1102 3640 1216 3690 uterum
1238 3634 1339 3690 matris
1354 3634 1480 3706 virginis,
1505 3650 1570 3706 que
1589 3633 1632 3690 ita
1649 3634 1733 3690 illum
1747 3632 1814 3690 sela

136 3732 266 3785 mentum
277 3728 322 3782 rel
337 3726 532 3783 confusionem
548 3730 797 3800 argumentantur.
1004 3728 1166 3802 virginitate
1186 3728 1284 3798 edidit,
1308 3728 1550 3801 quemadmodum
1567 3729 1645 3785 salva
1660 3728 1814 3801 virginitate

170 3827 197 3880 5.
212 3825 316 3880 Contra
329 3837 377 3877 eos
387 3821 436 3895 qui
450 3822 593 3878 eoelestem
603 3825 652 3876 aut
663 3820 779 3876 alterius
788 3819 955 3892 cujusquam
1005 3823 1145 3895 concepit.
1159 3822 1213 3878 Sed
1226 3821 1249 3877 si
1265 3822 1299 3878 de
1312 3822 1368 3878 hoc
1381 3822 1551 3880 Christiane
1564 3822 1633 3879 lidei
1643 3824 1726 3879 fonte
1738 3819 1813 3896 puris

135 3917 300 3974 substantia
313 3916 434 3972 existere
445 3916 568 3971 termam
578 3914 652 3970 servi
664 3930 749 3986 quam
766 3930 798 3970 ex
816 3912 899 3968 nobis
911 3929 954 3967 as·
1005 3917 1078 3972 simo
1092 3917 1233 3971 sincerum
1241 3916 1418 3972 intellectum
1427 3916 1541 3973 haurire
1553 3933 1614 3972 non
1625 3920 1749 3989 poterat,
1759 3914 1814 3988 quie

136 4011 256 4085 sumpsit
268 4011 434 4066 insaniendo
446 4013 585 4065 asserunt.
1005 4010 1188 4082 splendorem
1198 4009 1484 4083 perspicuaereritatis
1495 4011 1688 4067 obcaecatione
1696 4011 1749 4066 eibi
1758 4024 1814 4082 pro

171 4109 198 4161 5.
215 4106 319 4161 Contra
331 4120 377 4160 eos
391 4105 440 4175 qui
456 4104 525 4158 duas
540 4103 657 4175 quidem
673 4104 739 4158 ante
752 4099 956 4157 adunationem
1006 4105 1068 4176 pria
1076 4104 1249 4174 tenebrarat,
1266 4104 1403 4161 doctrinae
1413 4120 1442 4161 se
1452 4104 1629 4178 Evangelicae
1645 4104 1814 4169 subdidisset

135 4205 254 4256 naturas
265 4200 353 4254 [teum
364 4196 495 4266 delirant,
504 4200 742 4268 unamreropost
751 4193 957 4251 adunationem
1007 4197 1295 4253 etdicentellattheo
1307 4215 1314 4253 ε
1328 4220 1342 4248 α
1350 4198 1432 4255 Liber
1439 4197 1633 4271 generationis
1639 4201 1705 4256 lesu
1713 4192 1813 4263 Christi,

136 4292 315 4364 contingunt.
1006 4291 1057 4346 filii
1077 4290 1175 4363 David,
1191 4292 1243 4346 filii
1261 4291 1404 4348 Abraham
1421 4293 1530 4365 (llotlb.
1544 4309 1564 4360 1,
1581 4294 1617 4363 l),
1635 4315 1650 4343 »
1665 4290 1815 4366 apostolice

174 4388 229 4443 Lao
249 4385 400 4458 episeopus
420 4384 557 4441 Faavmno
569 4381 885 4455 Constantinopolitano
900 4380 958 4452 epi·
1007 4401 1120 4458 quoque
1139 4385 1349 4458 predicationis
1369 4385 1521 4457 expetisset
1539 4386 1726 4457 instructum,
1742 4384 1814 4441 etle-

138 4498 232 4555 scopo.
303 4550 319 4571 l
966 4495 1078 4574 Dgens
1097 4479 1127 4534 in
1150 4479 1269 4551 epistola
1285 4479 1321 4535 ad
1335 4480 1494 4536 Romanos:
1510 4480 1644 4537 «Paulus
1656 4480 1816 4536 serruslesa

174 4575 264 4633 Lectis
277 4572 436 4631 dilectionis
447 4575 505 4629 tue
518 4571 619 4628 litteris
632 4587 702 4644 quas
716 4569 855 4625 miramur
869 4570 957 4626 luisse
1007 4572 1108 4629 Christi
1123 4577 1239 4628 vocatus
1252 4574 1405 4646 apostolus,
1416 4576 1584 4647 segregatus
1598 4574 1631 4630 in
1643 4573 1816 4647 Euangeliou

137 4677 197 4727 tam
209 4685 297 4738 seras,
312 4672 341 4724 et
355 4672 502 4741 gestorum
512 4665 714 4740 episcopalium
726 4663 826 4720 ordine
840 4665 959 4721 recensi·
1007 4666 1068 4737 Dei,
1091 4666 1167 4738 quod
1194 4672 1260 4723 ante
1282 4669 1452 4740 promiserat
1473 4684 1527 4740 per
1548 4669 1707 4742 prophetas
1722 4664 1816 4724 suoeia

138 4771 179 4834 to,
191 4764 318 4831 tandem,
330 4762 398 4835 quid
412 4761 489 4835 apud
498 4777 547 4816 ros
555 4758 683 4816 scandali
696 4762 795 4814 contra
808 4757 957 4830 integrita-
1008 4759 1159 4832 Scripturis
1181 4761 1286 4816 sanctis
1306 4762 1340 4818 de
1360 4761 1430 4818 Filio
1452 4779 1502 4817 suo
1521 4763 1571 4834 qui
1595 4762 1690 4819 iactus
1702 4766 1745 4819 est
1755 4761 1816 4817 eiex

139 4863 198 4914 tem
217 4857 285 4913 lldei
297 4861 427 4913 exortum
440 4855 549 4925 luisset,
567 4852 745 4925 agnovimus,
761 4855 790 4907 et
801 4868 864 4924 quae
880 4853 959 4924 prius
1008 4854 1116 4911 semine
1129 4854 1217 4910 David
1234 4856 1391 4912 secundum
1405 4871 1519 4913 carnem
1534 4858 1620 4930 (Rom.
1635 4874 1654 4929 1,
1678 4859 1747 4931 ¹·³b
1762 4850 1817 4909 aad

25 4980 28 4985 ·
138 4951 310 5008 videbantur
336 4950 459 5016 occulta,
492 4965 569 5003 nunc
601 4947 684 5002 nobis
710 4951 834 5002 reserata
859 4951 958 5019 patue-
1008 4948 1188 5023 propheticas
1201 4948 1321 5037 pagfssbu
1331 4950 1408 5022 piam
1421 4950 1644 5008 sollicitudinem
1655 4948 1817 5017 contulisset,

139 5052 218 5102 runt.
238 5044 345 5110 Quibus
360 5043 472 5098 Eutices
486 5041 535 5114 qui
550 5039 719 5114 presbyterii
731 5039 850 5096 nomine
866 5040 959 5096 hono·
1010 5047 1038 5098 et
1052 5042 1205 5100 invenisset
1219 5042 1267 5116 pr'··.
1277 5040 1436 5145 Jssionem
1449 5044 1500 5099 Ilei
1511 5044 1548 5099 ad
1560 5045 1720 5118 Abrabam,
1733 5045 1817 5102 uico·

140 5140 236 5197 rabilis
258 5138 414 5207 videbatur,
438 5136 564 5191 multum
582 5134 749 5207 imprudens
763 5138 791 5189 et
805 5133 891 5190 nimis
901 5134 959 5189 im·
1009 5137 1045 5192 tis
1061 5154 1067 5193 :
1083 5158 1097 5187 «
1112 5140 1143 5194 ln
1159 5136 1341 5195 semino-*tho
1370 5138 1578 5195 benedicentur
1604 5156 1708 5197 omnes
1732 5142 1819 5214 gentes

139 5234 250 5309 peritus
266 5231 435 5298 ostenditur,
453 5234 486 5285 ut
502 5229 589 5285 etiem
603 5228 639 5284 de
654 5228 715 5301 ipso
737 5227 845 5284 dietum
863 5225 959 5303 189
1010 5228 1085 5301 (Gen.
1104 5246 1177 5301 xxvi,
1195 5231 1233 5303 4).
1255 5250 1270 5280 ι»
1291 5230 1346 5286 Sed
1371 5249 1406 5288 ne
1420 5231 1455 5288 de
1470 5232 1557 5304 hujus
1569 5230 1690 5289 seminis
1702 5230 1817 5308 proprie·

141 5329 177 5384 sit
197 5346 215 5385 a
235 5326 396 5400 Propheta:
416 5323 540 5380 «Noluit
563 5322 723 5395 intelligere
748 5326 779 5378 ut
799 5321 872 5377 bene
896 5337 961 5393 age-
1009 5327 1068 5380 tete
1081 5324 1233 5397 dubitaret,
1250 5325 1650 5398 secutusfuissetapostolum
1665 5328 1817 5385 dicentem:

141 5429 196 5492 ret,
218 5421 399 5494 iniquitatem
424 5417 579 5474 meditatus
601 5420 645 5473 est
661 5415 692 5471 in
706 5415 793 5472 cubili
805 5431 856 5470 suo
876 5414 959 5487 (Psoi.
1012 5438 1026 5468 a
1041 5417 1164 5473 Abrahae
1186 5419 1270 5474 dicte
1290 5422 1357 5475 sunt
1376 5419 1590 5492 promissiones,
1605 5425 1637 5478 et
1652 5422 1758 5479 semini
1769 5421 1818 5493 eju

141 5532 221 5585 xxxv,
246 5516 274 5586 4,
299 5518 335 5583 5).
352 5536 366 5563 a
383 5512 458 5579 Quid
487 5516 585 5567 autom
612 5509 739 5581 iniquius
766 5524 852 5581 quam
871 5509 962 5582 impia
1013 5511 1085 5581 ltus.
1100 5528 1120 5579 r,
1137 5512 1222 5584 55).»
1243 5513 1304 5569 Non
1322 5513 1391 5569 dicit
1403 5513 1432 5568 in
1447 5513 1605 5571 seminibus
1621 5516 1747 5589 quasiin
1762 5510 1819 5571 mal

142 5626 251 5678 sapere,
283 5614 312 5665 et
330 5605 551 5682 sapientioribus
577 5602 807 5675 doctioribusque
828 5619 885 5659 non
899 5619 960 5659 cre·
1011 5605 1057 5676 tis,
1074 5605 1214 5677 sedquasi
1225 5606 1256 5662 in
1270 5623 1339 5676 uno,
1358 5612 1387 5663 et
1406 5607 1508 5663 semini
1522 5613 1572 5665 tuo
1588 5610 1670 5683 quod
1689 5614 1734 5668 est
1754 5604 1818 5666 Chri

143 5704 233 5760 derel
248 5702 304 5759 Sed
316 5702 346 5758 in
359 5702 435 5758 hano
447 5697 640 5772 insipientiam
651 5697 767 5768 cadunt,
782 5697 831 5770 qui
845 5713 912 5754 cum
926 5697 963 5754 ad
1012 5701 1082 5755 slus.
1104 5699 1181 5755 isaie
1201 5716 1313 5773 quoque
1325 5701 1560 5773 predicationem
1576 5703 1715 5762 interiore
1728 5714 1817 5779 appre-

127 5796 361 5869 cognoscendam
387 5795 539 5857 veritatem
565 5778 662 5871 aliquo
687 5791 887 5869 impediantur
911 5792 962 5849 oh·
1013 5792 1158 5850 hendisset
1178 5794 1289 5866 auditu,
1313 5794 1433 5852 dicentis
1453 5813 1460 5852 ι
1482 5818 1498 5849 a
1512 5797 1583 5855 ane
1603 5798 1687 5877 virgo
1703 5800 1734 5857 in
1750 5803 1817 5857 eea
