3870 6150
134 267 186 321 999
579 263 723 319 menno.
744 265 788 319 ab
805 264 887 320 SAEC.
908 263 952 318 919.
966 292 1001 303 -
1020 264 1142 320 9819191999
1162 266 1373 322 naacarolns
1766 270 1816 324 990

169 376 195 431 9.
212 371 252 429 ile
266 371 448 445 presbyteris,
464 376 495 425 99
508 369 581 427 nihil
602 371 638 427 de
658 370 703 426 his
722 387 787 443 999
801 369 949 443 episcopo·
960 370 1078 454 Atinae
1092 371 1230 444 diligenti,
1247 374 1388 444 quantum
1405 375 1501 444 potest
1519 354 1592 439 iteri,
1610 375 1815 444 temperemus,

136 482 200 523 rum
214 468 280 521 sunt
294 469 481 537 presumant.
1002 481 1059 536 quo
1070 480 1122 520 nec
1134 465 1164 520 in
1180 470 1271 521 totam
1287 465 1411 521 sormam
1425 471 1552 521 veterum
1572 465 1727 522 videamur
1739 484 1815 524 exce·

169 562 196 614 9.
210 560 247 615 919
256 557 392 614 diaconos
404 573 569 613 mensnram
584 556 730 630 propriam
737 557 818 628 juxta
832 556 951 611 Petrum
1001 557 1068 613 dere
1082 559 1255 631 regularum,
1269 563 1298 614 et
1312 559 1479 631 reparandis
1492 558 1602 615 99199999
1614 559 1816 617 9999999999999

134 653 248 709 decreta
261 650 430 707 custodiant.
1001 653 1051 708 ciis
1065 670 1129 725 quae
1143 669 1194 724 per
1207 653 1331 708 diversas
1351 652 1434 708 ltalia
1455 657 1561 725 partes,
1576 653 1616 709 ita
1636 653 1705 709 belli
1724 653 1816 710 lamis·

172 749 215 801 10.
225 745 305 811 Quod
321 744 667 818 diaconiinpresbyterio
682 743 807 800 residere
820 760 878 799 non
890 759 952 815 pos·
1001 762 1056 819 qne
1083 746 1259 817 consumpsit
1286 746 1424 814 incursio,
1450 750 1482 802 nt
1502 746 1532 801 in
1557 746 1659 801 multis
1691 748 1817 804 Ecclesiis

134 840 201 896 sint.
1001 840 1072 895 sicut
1088 840 1181 895 fratris
1193 844 1222 894 et
1239 839 1400 911 coepiscopi
1413 840 1503 895 nostri
1517 839 1633 895 loannis
1648 841 1817 897 Ravanensis

171 938 214 990 ll.
233 933 315 1000 Quod
337 932 490 1006 apostolica
506 932 586 988 sedes
609 936 741 1004 paternos
763 946 883 988 canones
904 929 952 1002 pio
1001 934 1130 988 Ecclesiae
1141 933 1297 989 sacerdotis
1308 933 1451 1005 frequenti
1463 933 1603 989 relatione
1614 936 1815 1006 comperimus,

135 1027 229 1084 studio
241 1027 399 1100 devotoque
415 1024 563 1081 custodiat.
1002 1043 1209 1098 usquequaque
1233 1026 1381 1082 deficiente
1402 1025 1516 1082 servitio
1541 1026 1755 1095 ministrorum,
1768 1029 1817 1084 nisi

172 1124 215 1177 19.
237 1121 273 1177 919
292 1123 397 1193 preter
418 1119 552 1192 paschale
575 1122 689 1191 tempus
709 1123 737 1176 et
756 1118 950 1186 Pentecosten,
1002 1120 1175 1176 remittendo
1203 1120 1347 1192 paulisper
1374 1120 1570 1176 ecclesiasticis
1590 1121 1817 1192 promotionibus

134 1230 221 1270 nemo
231 1212 550 1286 baptizarepraesumat,
559 1212 614 1268 nisi
624 1229 674 1269 eos
683 1217 780 1269 tamen
790 1226 861 1283 quos
871 1209 953 1282 aegri·
1002 1213 1159 1285 antiquitus
1169 1214 1317 1269 intervalla
1330 1215 1444 1285 praetixa
1454 1217 1635 1281 remaneant,
1647 1215 1711 1270 sine
1721 1215 1817 1287 quibus

134 1307 204 1364 tudo
217 1311 347 1363 extrema
363 1306 543 1378 compulerit.
1002 1307 1199 1362 administrari
1226 1313 1375 1378 nequount
1401 1309 1487 1364 sacris
1509 1308 1662 1365 ordinibus
1693 1309 1818 1364 Ecclesia

172 1404 216 1457 93.
230 1402 269 1457 [te
280 1400 511 1473 presbyterorum
524 1405 552 1457 et
561 1400 714 1455 (19999999
723 1397 952 1455 ordinationibus
1001 1401 1130 1456 funditus
1150 1400 1291 1456 (9999999999
1299 1419 1308 1471 ;
1324 1406 1408 1474 atquo
1431 1403 1458 1457 in
1482 1402 1616 1475 plurimis
1630 1403 1701 1458 locis
1714 1420 1767 1475 per
1778 1405 1816 1457 ia·

132 1495 217 1550 999999
228 1493 405 1551 celebrandis
418 1493 604 1566 temporibus.
1002 1495 1099 1566 opiam
1115 1495 1304 1566 competentis
1316 1494 1415 1550 9999999
1430 1497 1556 1552 salutare
1568 1496 1736 1552 subsidium
1749 1497 1817 1552 redi·

171 1590 212 1644 99.
228 1589 266 1642 lte
279 1587 437 1659 virginibus
455 1587 540 1643 sacris
553 1587 670 1659 quando
684 1585 825 1642 velentur.
1002 1587 1173 1642 mendarum
1196 1587 1269 1643 desit
1290 1587 1461 1657 animarum,
1474 1605 1584 1660 nosque
1608 1605 1722 1662 magno
1743 1594 1819 1647 reatu

168 1685 212 1737 l5.
226 1682 263 1737 Ut
276 1680 368 1737 viduae
382 1697 439 1736 noa
452 1681 596 1736 velentur.
1001 1681 1025 1735 si
1040 1685 1117 1736 tanto
1130 1684 1292 1736 coarctante
1308 1680 1433 1753 periculo
1448 1699 1506 1738 non
1522 1682 1709 1755 aliquatenus
1722 1700 1817 1739 consu-

170 1779 211 1831 se.
225 1775 261 1832 919
272 1774 346 1830 99999
360 1774 413 1829 sub
426 1775 544 1830 obtentu
557 1773 706 1845 religionis
721 1789 780 1828 non
794 1772 948 1844 suscipian-
959 1750 988 1824 Β
1000 1775 1093 1830 99999
1103 1774 1216 1830 innecti.
1255 1840 1258 1851 Ι

132 1874 179 1924 999
190 1868 220 1924 99
230 1869 338 1924 clerum
353 1868 397 1923 vel
409 1867 439 1923 in
455 1867 668 1923 monasterium.
1035 1869 1065 1924 ll.
1075 1867 1176 1924 Priscis
1184 1868 1333 1940 igiturpro
1342 1887 1391 1925 sua
1399 1870 1556 1926 reverentia
1565 1871 1818 1927 manentibuscon-

169 1966 211 2018 97.
226 1963 262 2018 Ut
276 1961 370 2017 clerici
391 1961 483 2016 999199
504 1960 711 2032 negotiationes
735 1960 900 2014 inhonestas
922 1963 951 2013 et
1001 1962 1117 2032 stitutis,
1136 1978 1201 2034 quse
1222 1962 1271 2018 ubi
1299 1963 1376 2019 99199
1401 1965 1443 2019 999
1468 1980 1564 2019 rerum
1589 1964 1636 2020 999
1660 1968 1817 2037 temporum

132 2055 225 2128 turpia
239 2056 318 2111 lucra
331 2059 486 2111 sectentur.
1000 2060 1137 2128 perurget
1157 2057 1300 2128 angustia,
1320 2057 1489 2128 regulariter
1513 2058 1651 2113 convenit
1674 2059 1817 2125 custodiri,

167 2151 209 2205 191.
226 2149 260 2204 919
274 2164 359 2204 nemo
374 2148 535 2215 illiteratus,
551 2148 594 2202 vel
608 2147 703 2218 aliqua
725 2151 804 2218 parte
823 2146 950 2217 corporis
1001 2152 1118 2204 eatenus
1132 2150 1262 2206 Ecclesiis
1274 2166 1338 2222 quae
1351 2152 1394 2205 vel
1408 2151 1516 2206 cunctis
1530 2157 1598 2207 sunt
1612 2153 1735 2224 private
1746 2153 1817 2207 mini·

132 2241 311 2306 imminutus,
325 2241 362 2296 ad
381 2241 490 2296 clerum
504 2246 717 2313 promoveatur.
1001 2242 1066 2298 stris
1079 2244 1121 2299 991
1135 2244 1342 2299 sufficientibus
1359 2261 1449 2316 usque
1464 2245 1535 2300 adeo
1551 2245 1724 2318 despoliatae
1739 2246 1816 2301 serri-

168 2339 212 2391 19.
226 2337 264 2391 lle
281 2335 325 2390 hia
346 2335 394 2407 qui
414 2335 521 2407 seipsos
537 2335 716 2390 abscindunt.
1000 2335 1056 2402 tiis,
1072 2339 1106 2390 ut
1127 2336 1257 2408 plebibus
1277 2337 1313 2392 ad
1334 2354 1363 2392 se
1386 2338 1599 2410 pertinentibus
1612 2338 1718 2413 233
1732 2339 1817 2395 divina

167 2432 210 2486 90.
242 2430 281 2484 [le
307 2427 465 2484 criminosis
490 2431 523 2483 99
545 2427 581 2483 ad
607 2429 715 2484 clerum
747 2444 804 2484 non
833 2443 949 2500 promo·
1001 2445 1120 2485 munera
1134 2430 1267 2502 supplere
1282 2447 1338 2486 non
1350 2431 1474 2500 valeant,
1483 2436 1544 2487 tam
1555 2432 1730 2489 instituendi
1740 2450 1817 2506 qnam

132 2527 260 2581 9999999.
1001 2521 1171 2592 providendi
1186 2523 1323 2580 clericalis
1336 2524 1465 2596 obsequii
1478 2525 1518 2580 sic
1530 2526 1624 2598 spatia
1634 2526 1816 2598 dispensanda

166 2622 211 2674 91.
226 2617 309 2682 Quod
321 2617 470 2673 demoniis
492 2616 612 2687 aliisque
634 2615 812 2687 passionibus
835 2614 951 2669 irretitis
1002 2617 1195 2672 concedimus.

132 2711 290 2767 ministeria
305 2713 402 2766 sancta
417 2713 538 2765 tractare
550 2725 609 2765 non
621 2709 713 2764 liceat.
1038 2711 1082 2765 999.
1094 2711 1129 2765 919
1142 2711 1165 2766 99
1174 2711 1238 2783 quis
1250 2712 1335 2766 etiam
1347 2712 1382 2768 de
1396 2712 1527 2790 religioso
1541 2715 1694 2786 proposito
1708 2720 1738 2772 99
1746 2715 1816 2771 disci·

167 2807 213 2859 99.
228 2803 309 2869 Quod
331 2803 361 2858 hi
384 2802 432 2875 qui
455 2803 542 2858 sacris
561 2801 719 2873 virginibus
738 2817 768 2856 se
788 2800 907 2866 sociant,
922 2803 952 2854 et
1002 2802 1087 2874 plinis
1102 2805 1351 2860 monasterialibus
1364 2807 1501 2875 eruditus,
1516 2807 1552 2863 ad
1572 2806 1708 2863 clericale
1722 2824 1816 2863 munus

133 2897 239 2953 loedera
252 2897 359 2952 incesta
373 2895 559 2952 commiscent
571 2894 785 2950 communicare
807 2909 865 2950 non
883 2909 950 2966 pos·
1003 2895 1410 2970 accedat,imprimisejusvita
1420 2900 1816 2974 999999999999999999999999

134 2991 202 3058 sint,
217 2989 272 3045 nisi
286 2989 431 3062 publicam
445 2987 645 3060 poenitentiam
658 2987 808 3060 gesserint.
1002 2989 1171 3061 inquiratur,
1184 2992 1208 3046 si
1219 2992 1298 3047 nullo
1311 2993 1390 3064 gravi
1404 2993 1529 3048 99999999
1541 2993 1685 3065 probatur
1694 2996 1812 3060 infectrn,

168 3086 212 3139 99.
223 3082 304 3149 Ossod
313 3081 418 3150 vidue,
427 3083 551 3153 utsupra
560 3080 668 3138 dictum
679 3085 731 3148 999,
742 3096 801 3136 non
810 3082 951 3148 velentur,
1003 3083 1026 3137 si
1040 3084 1194 3139 secundam
1208 3101 1265 3140 non
1280 3085 1382 3141 habuit
1396 3086 1514 3142 tortasse
1526 3103 1660 3155 uxorem,
1675 3105 1730 3144 nec
1742 3104 1813 3144 ams-

134 3177 184 3233 sed
194 3178 217 3232 si
231 3176 388 3248 9999999999
398 3174 604 3231 continentiam
615 3173 762 3248 proposito
774 3177 887 3230 mutato
898 3173 952 3229 cal·
1003 3176 1056 3230 rito
1070 3177 1205 3249 rejectam
1218 3178 1334 3234 sortitus
1348 3179 1517 3249 ostenditur,
1528 3179 1551 3234 si
1562 3181 1763 3252 poenitentiam
1773 3197 1812 3254 99-

134 3270 269 3338 99999999,
284 3270 353 3341 ipsse
366 3285 419 3341 999
441 3285 470 3323 se
483 3268 627 3325 rationem
644 3267 773 3324 reddant.
1003 3270 1107 3326 blicam
1122 3287 1181 3326 non
1203 3271 1302 3343 gessit,
1317 3289 1369 3328 nec
1388 3273 1446 3328 ulla
1460 3276 1543 3344 parte
1565 3275 1701 3346 corporis
1714 3275 1811 3331 vitiatas

168 3365 213 3420 94.
229 3362 309 3429 Quod
325 3363 449 3418 secunda
468 3362 604 3434 conjugia
626 3361 808 3418 secutaribus
825 3376 883 3417 non
900 3377 953 3416 ne·
1003 3368 1129 3435 apparet,
1139 3364 1162 3419 si
1172 3365 1281 3421 servilis
1294 3371 1344 3421 999
1354 3366 1587 3438 originarioenon
1597 3373 1641 3423 est
1654 3367 1809 3425 conditionis

134 3462 248 3529 gantur,
258 3456 361 3530 quibus
374 3459 474 3512 99999
484 3455 518 3513 ad
529 3455 640 3512 clarum
650 3455 772 3511 minime
781 3455 880 3512 venire
890 3471 954 3510 con·
1004 3456 1155 3526 obnoxius,
1163 3458 1185 3513 si
1196 3458 1282 3514 curiae
1292 3460 1377 3515 etiam
1388 3461 1526 3532 probatur
1536 3461 1662 3517 nexibus
1671 3463 1808 3522 absoluta.

134 3551 256 3608 ceditur.
1004 3550 1026 3605 si
1048 3556 1192 3607 assecutus
1220 3556 1264 3608 est
1286 3553 1392 3609 litteras
1414 3554 1475 3609 sine
1496 3554 1602 3626 quibus
1623 3556 1672 3611 vix
1698 3554 1807 3612 99999999

170 3649 214 3700 95.
228 3645 264 3700 Ut
284 3643 387 3714 siquis
405 3642 562 3714 susceperit
575 3642 706 3699 Ecclesia
725 3643 848 3716 propria
861 3642 954 3698 desen-
1005 3644 1155 3699 ostiarium
1176 3645 1264 3716 possit
1286 3645 1414 3717 implere.
1429 3648 1463 3701 Et
1481 3645 1504 3701 si
1518 3647 1542 3701 is
1554 3647 1585 3703 in
1605 3649 1743 3704 omnibus
1758 3663 1806 3720 999

134 3743 238 3805 torem,
261 3739 289 3792 et
313 3737 341 3791 in
365 3737 463 3808 aliqua
487 3735 648 3808 provexerit
670 3736 818 3809 dignitate,
841 3735 954 3806 utrique
1004 3742 1070 3793 sunt
1084 3738 1218 3809 praedicta
1231 3738 1356 3808 99999999,
1371 3739 1506 3795 continuo
1519 3741 1612 3796 lector
1624 3742 1671 3798 vel
1687 3741 1805 3801 notarim.

134 3830 300 3903 subjaceant
313 3829 463 3886 sententiae
476 3845 564 3902 quem
576 3845 700 3887 canones
713 3830 906 3902 9999999999.
1005 3834 1055 3885 999
1068 3834 1144 3886 certe
1159 3831 1293 3887 defensor
1307 3831 1425 3887 effectus
1438 3838 1501 3904 post
1519 3838 1579 3889 tres
1594 3851 1712 3891 menses
1724 3835 1804 3891 existat

170 3928 214 3980 96.
240 3925 280 3979 De
303 3923 381 3979 laicis
404 3924 449 3979 999
467 3923 626 3990 monachis,
647 3924 697 3995 qui
712 3924 776 3995 ‘per
802 3925 954 3996 praemium
1004 3924 1159 3995 acolythus.
1178 3924 1298 3980 9999999
1316 3926 1339 3980 99
1357 3926 1423 3980 huic
1441 3929 1508 3985 setas
1531 3928 1619 3983 etiarn
1642 3929 1803 4001 suffragatur.

135 4018 316 4088 ordinantur,
330 4022 360 4073 99
373 4017 491 4073 dantem
502 4017 729 4088 etaccipientem
744 4018 869 4074 Simonis
881 4019 954 4092 ldagi
1005 4022 1084 4073 serto
1097 4034 1196 4074 mense
1211 4017 1377 4075 subdiaconi
1389 4036 1496 4076 nomen
1511 4022 1645 4093 accipiat.
1662 4026 1701 4079 ac
1722 4022 1744 4078 si
1755 4036 1803 4077 no·

136 4110 245 4166 crimen
259 4111 394 4167 involvat.
1005 4111 1093 4166 desta
1112 4111 1336 4167 conversationis
1357 4113 1538 4186 honestaeque
1550 4117 1709 4172 voluntatis
1720 4114 1803 4172 existit

172 4207 217 4259 97.
231 4205 267 4259 919
280 4202 358 4259 99999
372 4202 487 4258 basilica
509 4203 561 4258 sub
585 4203 785 4261 defunctorum
805 4205 957 4261 constituta
1005 4221 1080 4261 nono
1095 4221 1193 4282 mense
1206 4205 1351 4275 diaconus,
1363 4208 1562 4278 completoque
1576 4225 1657 4265 anno
1673 4208 1804 4283 9999999999·

137 4296 255 4351 999999
269 4295 425 4352 dedicetur.
1006 4302 1058 4354 ter.
1069 4297 1120 4353 Cui
1131 4301 1237 4367 99999,
1246 4299 1320 4369 quod
1332 4315 1471 4354 annorum
1481 4300 1638 4357 interstitia
1648 4298 1804 4358 9999999999·

171 4391 217 4446 98.
232 4389 270 4444 919
285 4389 400 4444 lerninis
414 4394 444 4444 ut
459 4390 547 4445 sacris
560 4390 695 4447 altaribus
707 4406 766 4446 non
780 4391 953 4461 ministrent,
1005 4391 1106 4461 latura,
1120 4392 1206 4446 sancti
1220 4392 1354 4463 propositi
1365 4395 1467 4463 sponte
1479 4399 1612 4466 suscepta
1628 4396 1804 4467 doceturpre

135 4482 180 4539 991
192 4481 300 4556 aliquid
312 4499 346 4538 ex
357 4483 475 4555 hisquae
487 4483 616 4539 virorum
632 4487 698 4540 sunt
709 4483 809 4540 ottlciis
823 4481 995 4557 deputataD
1006 4485 1109 4540 stitisse
1124 4484 1247 4540 devotio.

136 4583 320 4648 praesumant.
1041 4579 1083 4633 lV.
1100 4576 1129 4634 Si
1144 4594 1210 4634 vero
1226 4578 1313 4634 laicus
1327 4580 1469 4651 quispiam
1492 4583 1695 4640 ecclesiasticis
1715 4590 1754 4641 est
1768 4597 1805 4652 99·

172 4673 217 4725 99.
233 4673 271 4726 919
296 4670 454 4726 redditibus
468 4670 599 4729 Ecclesiae
615 4672 657 4726 vel
677 4670 867 4727 oblationibus
884 4671 954 4728 ilde·
1006 4672 1172 4744 gregandus
1186 4672 1295 4742 officiis,
1310 4677 1390 4729 tanto
1403 4674 1551 4730 sollicitius
1573 4679 1604 4732 in
1624 4678 1745 4752 singulis
1761 4689 1808 4748 qut

137 4763 206 4817 lium
221 4763 296 4833 quod
316 4765 346 4818 in
360 4768 481 4835 quatuor
494 4764 643 4836 portiones
657 4765 717 4820 llari
730 4765 864 4820 debeant.
1006 4764 1136 4836 superins
1147 4765 1354 4837 comprehensa
1364 4771 1440 4836 sunt,
1450 4768 1616 4840 hujusmodi
1627 4771 1712 4828 decet
1722 4768 1808 4829 exani·

173 4859 217 4911 30.
227 4856 429 4928 Utepiscopus,
439 4858 588 4930 presbyter
599 4861 628 4912 el
639 4857 785 4925 diaconus,
798 4859 845 4930 qui
857 4864 957 4916 contra
1006 4872 1078 4912 nare
1096 4874 1259 4929 personam,
1276 4863 1415 4930 quantrsm
1428 4859 1505 4915 inter
1517 4863 1702 4921 mundanam
1716 4862 1808 4935 religio·

139 4950 199 5003 999
220 4952 325 5004 statuta
346 4950 447 5005 lecerit
465 4951 508 5007 999
523 4951 641 5007 honoris
661 4951 820 5023 periculum
837 4951 872 5008 sit
887 4952 954 5008 sub·
1007 4968 1125 5023 samque
1139 4951 1226 5007 vitam
1242 4955 1352 5008 9999999
1369 4969 1429 5008 9999
1447 4954 1632 5027 discriminis,
1647 4960 1718 5032 quia
1731 4958 1808 5029 utique

138 5042 238 5097 iturus.
1006 5043 1206 5101 convenientia
1228 5045 1360 5102 Ecclesia
1380 5046 1536 5103 ministeria
1558 5054 1729 5122 reparanda
1748 5054 1807 5109 9999

173 5137 237 5193 Car.
248 5139 266 5192 9.
275 5137 467 5193 Dilectissimis
476 5139 609 5195 tratribus
616 5139 957 5211 universisepiscopisper
1007 5155 1063 5193 non
1086 5138 1355 5194 inconvenientibus
1375 5140 1485 5196 meritis
1502 5141 1678 5215 ingerenda,
1693 5149 1809 5215 99999999

138 5230 302 5300 lucaniam,
321 5231 430 5286 91999999
444 5236 472 5287 99
487 5232 610 5289 Siciliam
625 5232 795 5302 constitutis,
811 5233 953 5289 Gaussrns.
1007 5232 1099 5303 magis
1113 5231 1189 5304 quod
1203 5232 1288 5288 sacris
1299 5236 1399 5306 aptum
1418 5234 1508 5305 999999
1521 5250 1585 5292 esse
1598 5239 1724 5296 servitiis
1736 5240 1807 5296 inco

172 5325 334 5381 Necessaria
368 5342 462 5381 rerum
503 5325 689 5398 dispositione
727 5326 954 5397 perstringimur,
1006 5342 1071 5381 rum
1087 5326 1274 5396 quarendum
1288 5330 1330 5382 est
1340 5327 1486 5395 institutis,
1495 5335 1642 5401 quantum
1652 5333 1691 5389 de
1700 5337 1808 5404 tempore

136 5423 165 5473 et
185 5418 349 5490 apostolicae
377 5419 452 5475 sedis
475 5419 674 5475 moderamine
695 5417 893 5484 convenimur,
916 5418 955 5473 sic
1006 5436 1062 5491 quo
1078 5419 1190 5475 luserant
1204 5420 1264 5475 baec
1279 5422 1458 5492 assequenda
1473 5420 1653 5497 decerpitur,
1668 5432 1700 5483 nt
1715 5437 1806 5483 motum

136 5528 279 5568 canonum
294 5517 480 5584 paternorum
493 5511 608 5568 decreta
620 5511 735 5581 librare,
750 5516 778 5567 et
792 5517 868 5567 retro
880 5529 953 5583 prse-
1005 5513 1111 5568 habere
1125 5513 1261 5569 doceatur
1282 5514 1337 5570 hoc
1358 5515 1497 5586 probitas,
1511 5518 1590 5588 quod
1603 5519 1742 5591 prolixior
1755 5533 1806 5573 con·

135 5604 231 5660 sulum
246 5605 488 5676 decessorumque
508 5609 671 5661 nostrorum
692 5608 834 5677 99999999
849 5605 953 5674 metiri,
1005 5607 1125 5662 suetudo
1134 5623 1192 5662 non
1201 5607 1331 5675 contulit,
1341 5624 1394 5663 nec
1403 5625 1457 5680 per
1465 5609 1651 5669 occasionem
1661 5609 1805 5688 9999999999

135 5701 242 5768 utque
257 5698 438 5769 presentium
457 5698 610 5756 necessitas
620 5701 785 5772 temporum
796 5703 954 5755 restauran-
1004 5700 1133 5772 99999999
1148 5700 1283 5757 clericalis
1298 5701 1366 5757 vitia
1382 5701 1476 5774 potius
1488 5701 1594 5761 divinis
1608 5707 1734 5764 cultibus
1744 5707 1803 5761 9999·

120 5787 166 5842 dis
178 5790 314 5849 Ecclesiis
325 5792 483 5852 relaxanda
498 5793 637 5871 deposcit,
653 5793 780 5853 adhibita
792 5793 954 5852 considera·
1004 5794 1078 5860 lisse‚
1091 5811 1147 5849 non
1157 5794 1293 5865 legitimae
1309 5795 1423 5850 9999999
1437 5800 1645 5870 computemur
1657 5810 1805 5875 9999999999
