3870 6150
128 247 193 301 tuta
539 192 545 208 x
570 244 711 298 ,tl'ruuu
732 243 775 297 ,111
795 242 873 297 scut).
896 244 985 298 11.-
1007 243 1127 300 ls'luultl
1147 243 1357 300 lluuculuuls
1740 247 1803 301 11111

121 351 264 423 redempti
276 353 460 417 voluntatem,
476 351 520 406 vel
534 352 637 421 sponte
651 350 682 405 in
695 351 804 407 hocvel
819 350 940 408 necessi·
948 356 1016 439 Aet
1029 352 1191 425 apostolice
1211 352 1284 409 sedis
1301 352 1482 409 veneratione
1503 354 1657 423 consuluit,
1685 371 1741 426 quo
1763 371 1804 410 or·

120 451 178 503 1616
197 444 380 502 consenserit.
401 443 475 511 Quid
496 445 613 517 prodest
633 444 676 500 illi
694 461 745 501 suo
767 460 865 501 errore
878 461 937 501 non
987 445 1054 501 dine
1067 462 1103 502 ex
1115 447 1191 502 clero
1205 445 1370 503 Grecorum
1382 445 1563 503 venientibus
1581 447 1673 503 tribui
1691 447 1805 504 deberet

120 538 219 613 pollui,
230 538 458 611 quioonsensum
471 540 589 612 praestat
597 539 724 595 erranti?
736 539 837 594 166661
850 538 938 595 dubio
987 544 1082 596 sancta
1103 541 1278 610 communio,
1300 544 1419 614 propter
1439 557 1556 596 causam
1579 541 1689 597 scilicet
1713 543 1803 597 Aeacii

122 635 219 689 contra
242 632 376 689 mandata
390 631 555 702 committit,
569 632 660 705 etqui
681 631 768 688 habet
788 634 939 704 peccatum
988 651 1005 690 a
1018 634 1272 707 praedecessoribus
1281 635 1387 691 nostris
1398 650 1451 707 pro
1461 635 1668 691 haereticorum
1677 652 1804 691 commn-

123 727 281 801 proprium,
296 731 325 783 et
337 726 386 799 qui
400 730 548 799 peccatum
562 726 691 799 sequitur
705 725 832 783 alienum
845 725 936 782 incas·
987 728 1074 784 61666
1097 727 1238 798 damnati,
1258 729 1289 784 in
1309 745 1366 801 qua
1386 729 1437 801 qui
1458 746 1489 785 se
1502 729 1538 784 ab
1554 729 1617 801 ejus
1631 730 1804 802 contagione

123 838 187 878 sum
203 820 315 877 animus
327 821 435 877 resistit
447 819 608 894 cupiditati,
625 819 649 876 si
669 836 728 877 non
741 819 847 877 resistit
859 823 889 876 et
902 819 937 875 ti·
987 838 1045 878 666
1058 821 1196 890 dividunt,
1213 837 1230 877 a
1243 826 1342 878 nostra
1355 822 1558 878 communione
1573 822 1742 878 habeantur
1759 839 1805 879 ex-

123 915 205 971 mori.
218 916 358 972 Adversus
372 915 433 972 heae
446 914 557 971 facilius
568 915 623 970 1166
636 913 789 987 adjuvante
806 914 937 987 provide·
988 916 1073 988 cepti.
1095 915 1190 971 baudo
1210 915 1390 1005 propositum
1402 916 1456 971 viri
1469 916 1524 972 hoc
1538 917 1601 972 zelo
1613 917 1693 972 circa
1711 916 1804 984 fidem,

122 1010 209 1080 bitur,
232 1010 256 1065 si
275 1009 351 1066 circa
374 1009 609 1082 metropolitanos
634 1008 783 1081 privilegia
804 1007 938 1065 asanctis
989 1015 1017 1065 et
1029 1009 1180 1083 apostoliea
1193 1009 1324 1066 instituta
1337 1010 1482 1080 ferventis,
1504 1014 1535 1066 nt
1548 1026 1647 1083 neque
1659 1026 1714 1082 per
1727 1010 1804 1084 igno-

121 1103 252 1160 Patribus
273 1103 427 1160 constituta
450 1107 650 1176 permaneant,
677 1103 701 1158 si
722 1101 939 1176 metropolitani
988 1104 1112 1160 rentiam
1132 1103 1249 1176 quidem
1261 1120 1427 1178 quanquam
1446 1121 1526 1162 coeno
1539 1104 1648 1161 erroris
1659 1104 1744 1160 611661
1759 1121 1804 1177 pa-

30 1192 33 1213 '
122 1198 197 1255 circa
214 1198 364 1271 parochias
389 1215 452 1253 suas
477 1197 609 1254 ordinem
621 1214 716 1265 suum,
733 1213 767 1254 ea
782 1212 841 1269 qua
858 1197 941 1254 decet
987 1202 1108 1267 teretur,
1126 1197 1283 1270 immergit.
1297 1198 1388 1270 Digna
1405 1197 1701 1254 heccurafldelibns
1712 1198 1805 1253 61661-

122 1292 302 1349 veneratione
319 1292 493 1363 custodiant,
508 1297 541 1348 ut
551 1308 605 1348 nec
619 1291 719 1349 6166116
732 1291 863 1364 praesulis
877 1306 938 1347 ern-
987 1293 1065 1350 licito
1089 1292 1183 1349 studio
1206 1308 1322 1365 semper
1336 1291 1494 1364 invigilent,
1508 1294 1537 1349 et
1550 1289 1718 1364 inculpatos
1732 1308 1762 1348 se
1773 1292 1805 1348 ab

124 1391 173 1460 pta
185 1387 271 1443 detur
280 1386 391 1459 pretiis,
403 1389 433 1442 et
442 1403 495 1443 nec
505 1387 687 1459 obsequentis
699 1386 736 1443 sit
745 1385 864 1459 quaesita
874 1400 940 1457 ope·
988 1386 1069 1444 omni
1087 1386 1271 1459 perversitate
1295 1389 1473 1443 conservent.
1496 1389 1562 1459 lpsa
1582 1389 1629 1443 est
1653 1385 1733 1443 eninr
1746 1384 1808 1442 fidei

123 1481 211 1550 ribus,
223 1481 273 1538 sed
283 1481 322 1538 ita
331 1481 387 1537 fixa
398 1482 561 1538 habeantur
570 1481 600 1537 16
614 1481 745 1537 cordibus
755 1479 939 1553 quemadmu
987 1480 1154 1538 innocentia
1169 1485 1202 1537 ut
1222 1481 1387 1553 prevideat,
1402 1498 1440 1536 ne
1454 1482 1500 1537 vel
1512 1497 1580 1537 casu
1593 1480 1688 1553 possit
1705 1496 1806 1537 errare

125 1576 194 1632 dum
208 1575 585 1648 relegunturinScripturis.
598 1575 626 1633 Si
636 1576 714 1631 nulla
723 1572 940 1645 sintintemplis
989 1574 1197 1634 satisfacientes
1207 1575 1296 1649 igitur
1305 1575 1527 1633 etlandabilibus
1536 1574 1694 1632 desideriis
1704 1573 1809 1631 memo·

123 1669 300 1743 emptionum
317 1669 437 1740 semina,
453 1670 531 1725 66116
543 1674 628 1726 erunt
640 1670 768 1727 fomenta
779 1667 938 1735 discordie,
989 1671 1045 1726 rati
1056 1670 1118 1740 viri,
1131 1673 1160 1727 et
1171 1686 1314 1727 memores
1329 1670 1420 1726 nostri
1432 1669 1504 1726 61661
1522 1672 1642 1743 oportet
1663 1668 1750 1725 officii
1761 1670 1808 1725 do·

55 1759 60 1762 ’
124 1764 174 1820 sed
190 1768 330 1837 regnante
352 1763 489 1821 charitate
503 1763 556 1819 sub
572 1764 724 1837 illaquam
739 1762 821 1819 nobis
833 1752 978 1834 promi-B
990 1769 1125 1822 cementa
1137 1781 1258 1839 quaeque
1271 1764 1307 1821 de
1321 1764 1451 1822 Ecclesiae
1463 1764 1574 1820 scriniis
1582 1763 1809 1820 assumentasad

123 1859 160 1914 sit
173 1860 257 1927 Deus,
273 1862 301 1914 et
315 1859 456 1928 retribuit,
471 1875 540 1932 pace
556 1858 677 1915 vivatur.
991 1858 1144 1916 concilium
1157 1863 1282 1915 vestrum
1293 1875 1345 1932 pro
1359 1859 1553 1932 generalitatis
1567 1858 1764 1915 instructione
1774 1857 1811 1914 di-

158 1953 201 2008 111.
228 1952 270 2008 Ob
286 1954 340 2009 hoc
361 1955 459 2009 Patres
471 1952 649 2027 providentia
663 1968 721 2024 qua
734 1951 855 2024 Spiritus
874 1967 940 2006 san·
990 1954 1127 2024 reximus,
1139 1956 1170 2010 nt
1179 1970 1213 2012 ex
1224 1953 1280 2009 illis
1289 1954 1402 2025 plenius
1417 1958 1564 2026 quaesunt
1580 1957 1650 2010 acta
1659 1952 1809 2019 1116666166,

123 2050 185 2103 6166
198 2047 323 2103 cultores
337 2063 403 2103 suos
414 2063 608 2120 compungere
618 2047 753 2118 dignatus
768 2047 811 2103 est
821 2043 941 2113 incitati,
992 2049 1028 2105 ab
1034 2048 1169 2104 omnivos
1178 2047 1335 2104 errantium
1342 2047 1546 2105 communione
1555 2047 1711 2120 separetis,
1721 2063 1810 2119 neque

123 2140 167 2196 bis
180 2141 210 2196 in
224 2157 300 2197 anno
321 2158 375 2214 per
397 2141 548 2215 parochias
563 2140 690 2213 singulas
706 2139 827 2195 concilia
840 2137 941 2194 haberi
992 2143 1070 2198 enim
1082 2145 1126 2198 est
1138 2142 1296 2216 personalis
1305 2141 1363 2198 odii
1372 2158 1455 2198 causa
1463 2141 1492 2198 in
1500 2141 1610 2214 impios
1620 2143 1809 2214 1666666666

125 2234 294 2306 docuerunt,
318 2238 349 2290 ut
372 2235 403 2291 in
418 2251 507 2290 unum
521 2235 605 2306 juxta
622 2233 744 2290 salubris
756 2230 942 2288 institutionis
991 2237 1134 2307 ceadicta,
1150 2237 1207 2292 Deo
1221 2236 1377 2310 inspirante
1390 2236 1544 2306 sententia,
1566 2235 1598 2292 in
1618 2253 1678 2309 qua
1696 2235 1808 2308 quidem

125 2329 262 2401 dogmata
287 2330 461 2402 congregati,
489 2345 542 2402 pro
566 2327 762 2387 ecclesiasticis
775 2326 867 2383 causis
881 2330 940 2382 tra·
990 2329 1809 2404 causa,nequaquamapredicationecessavimiu,etprin·

124 2423 233 2480 ctandis
254 2423 342 2480 libere
364 2423 561 2493 convenirent,
587 2423 654 2479 6161
672 2422 755 2495 J'uxts
768 2425 865 2478 votum
876 2419 940 2475 uni·
991 2426 1069 2499 cipes
1079 2424 1274 2498 supplicando,
1284 2428 1312 2481 et
1322 2424 1493 2495 sacerdotes,
1504 2429 1533 2479 et
1541 2424 1670 2496 populos
1679 2427 1710 2480 et
1720 2423 1810 2480 adino

125 2533 205 2574 versa
218 2518 386 2589 consistunt,
408 2519 501 2574 Deum
512 2517 620 2590 junctis
633 2515 751 2572 vocibus
763 2515 813 2588 qui
827 2514 943 2588 praestat
991 2519 1099 2589 nendo,
1119 2522 1150 2574 nt
1170 2523 1397 2590 transgressores
1411 2517 1533 2574 obsolnti
1546 2518 1582 2574 ad
1598 2521 1712 2574 rectem
1727 2517 1807 2574 fldem

126 2612 290 2668 desiderata
310 2613 481 2669 cossaudent.
507 2610 624 2667 Difficile
645 2615 688 2666 est
707 2609 785 2665 enim
801 2612 832 2663 ut
845 2607 940 2679 cujus·
993 2613 1096 2670 ellectu
1110 2613 1172 2683 Dei,
1187 2612 1325 2685 ctjndicii
1337 2613 1439 2669 timore
1455 2616 1668 2668 converterent
1691 2611 1749 2668 scd
1762 2611 1810 2667 ob-

125 2723 210 2778 quam
225 2723 275 2763 cor
284 2707 377 2780 pravis
390 2706 429 2762 sic
443 2705 661 2777 cogitationibus
670 2703 831 2773 induretur,
842 2706 899 2757 uta
911 2716 942 2757 se
992 2707 1104 2764 sonatio
1117 2705 1279 2762 miserande
1287 2722 1321 2762 eo
1334 2705 1505 2778 perduxerat
1517 2706 1593 2774 illos,
1607 2705 1742 2761 61661116
1754 2721 1811 2760 mo

96 2835 98 2838 -
124 2799 252 2872 patiatur
265 2801 408 2872 culpanda
420 2799 492 2869 fieri,
507 2795 890 2869 cumnoveritseJ'udicium
900 2796 943 2851 fu·
993 2802 1036 2857 dis
1057 2800 1206 2857 mortifera
1228 2816 1340 2856 senens
1360 2799 1520 2869 vincentur,
1542 2799 1593 2856 sed
1608 2799 1687 2855 66616
1706 2799 1811 2856 semina

126 2898 224 2949 turum
237 2910 298 2949 esse
311 2893 433 2949 concilii.
453 2892 624 2948 precinctos
638 2892 674 2948 ad
689 2893 765 2947 hanc
779 2890 940 2946 616666666-
991 2895 1223 2951 brisindeterius
1231 2894 1373 2966 pullulent
1382 2893 1534 2950 radicibus.
1544 2894 1625 2966 Ergo
1636 2893 1812 2949 dilectissimi

126 3002 178 3058 per
190 2984 302 3042 lumbos
314 2986 448 3057 habeant,
463 2985 583 3041 scientes
593 2985 734 3040 rationem
749 2988 866 3040 actuum
881 2999 943 3038 suo·
991 2990 1095 3045 fratres
1102 2989 1137 3045 sd
1148 2989 1246 3044 omnia
1252 2991 1449 3060 competentes
1457 2986 1726 3056 instructissimam
1732 3003 1779 3042 sos
1786 2990 1812 3043 ct

125 3097 191 3135 rum
213 3096 273 3136 esse
288 3080 472 3137 reddendam.
490 3079 708 3152 suspendantur
722 3079 758 3134 ab
772 3077 876 3134 illicitis
890 3093 943 3151 per
952 3126 980 3201 C
992 3081 1148 3140 Ecclesiam
1159 3082 1210 3139 Dei
1224 3081 1353 3155 Apostoli
1363 3079 1559 3138 exhortatione
1568 3080 1752 3153 compuncti.
1762 3082 1813 3136 Nos

125 3173 318 3244 formidinem,
330 3178 359 3230 61
367 3173 415 3247 qui
421 3174 604 3246 nequiverint
612 3189 664 3246 per
673 3173 821 3246 pudorem.
831 3174 869 3228 De
877 3187 943 3227 con·
992 3180 1087 3233 antem
1096 3176 1227 3231 libellum
1237 3174 1377 3243 misimus,
1388 3174 1441 3231 sub
1452 3190 1509 3246 quo
1519 3172 1621 3247 siquis
1631 3175 1811 3231 communic

125 3268 265 3325 veniendo
296 3273 398 3324 notum
435 3271 479 3323 est
507 3283 628 3323 canones
664 3269 777 3323 sanctos
809 3267 839 3321 in
866 3282 942 3321 anno
993 3287 1059 3328 nem
1072 3275 1194 3326 vestram
1211 3271 1246 3326 de
1259 3269 1442 3326 orientalibus
1455 3268 1564 3325 clericis
1580 3269 1764 3341 poposcerit,
1780 3268 1811 3324 ad

126 3362 314 3431 constituisse,
330 3367 359 3419 st
374 3361 550 3435 prefinitum
565 3361 682 3434 quidem
704 3361 727 3416 si
741 3360 875 3432 possibile
888 3362 941 3430 est,
992 3381 1056 3421 eam
1065 3362 1282 3437 possitadmitti,
1293 3363 1453 3419 secundum
1463 3378 1550 3435 quam
1560 3362 1777 3419 etdeThrscia
1787 3365 1812 3418 61

127 3456 327 3513 inviolabiliter
345 3457 478 3513 convenit
494 3455 641 3512 custodiri.
661 3455 717 3512 Sed
735 3454 759 3510 si
774 3460 824 3510 aut
837 3459 945 3526 tempo·
992 3457 1122 3531 Scythia,
1137 3457 1298 3530 illyricique
1306 3456 1437 3530 partibus
1448 3456 1492 3513 vel
1501 3455 1580 3529 Epiri
1592 3456 1716 3526 6616616,
1728 3456 1813 3514 sedet

126 3567 193 3606 rum
206 3551 368 3618 necessitas,
384 3554 434 3606 661
450 3552 630 3622 emergentes
644 3565 736 3605 cause
751 3549 806 3604 hoc
819 3564 878 3604 non
896 3564 944 3619 pa·
992 3552 1149 3609 seeundum
1161 3568 1249 3624 quam
1268 3552 1303 3608 de
1324 3551 1412 3624 Syriae
1427 3551 1531 3607 multos
1540 3550 1606 3622 jam
1620 3553 1736 3608 6666161
1756 3566 1812 3607 esse

125 3646 236 3700 tiuntur
247 3644 373 3717 impleri,
386 3644 473 3700 semel
488 3644 589 3700 saltem
611 3643 743 3716 quemvis
758 3658 818 3698 non
832 3640 945 3697 licuerit
993 3648 1146 3718 susceptos,
1167 3646 1326 3717 gaudentes
1344 3645 1382 3701 ad
1402 3648 1481 3702 recta
1505 3643 1665 3716 confluere,
1693 3647 1726 3702 et
1739 3643 1812 3702 deria

125 3739 187 3796 sine
203 3738 260 3794 ulla
278 3738 469 3807 excusatione,
490 3736 675 3810 precipimus
686 3735 851 3792 convenire.
864 3736 942 3803 llaec,
993 3741 1157 3797 declinasse.
1169 3739 1250 3797 Unde
1259 3756 1311 3812 pro
1321 3738 1503 3812 subreptione
1515 3740 1696 3796 mandamus
1710 3744 1742 3797 61
1753 3755 1810 3795 om·

127 3833 230 3888 fratres
248 3831 417 3901 charissimi,
437 3834 466 3887 et
478 3831 536 3887 6116
549 3847 614 3904 quae
626 3832 743 3887 Petrum
754 3829 861 3902 regulis
873 3845 942 3885 con·
993 3835 1037 3890 nis
1047 3850 1115 3890 cura
1125 3837 1154 3890 et
1165 3833 1328 3890 sollicitudo
1340 3832 1434 3889 omnis
1445 3831 1588 3906 invigilet,
1598 3833 1664 3904 jam
1676 3833 1773 3891 661166
1790 3832 1810 3887 si

126 3926 265 3997 tinentur,
280 3925 312 3981 in
321 3925 403 3980 labiis
416 3925 487 3981 etin
500 3923 634 3981 cordibus
648 3922 752 3980 nostris
763 3923 881 3983 indivise
894 3939 942 3978 re·
992 3928 1164 4002 ignorantiae
1174 3929 1264 3996 locus,
1277 3928 1372 3983 nullm
1383 3930 1479 3983 utatur
1487 3925 1684 3999 simplicitatis
1697 3943 1807 3985 excusa·

126 4021 297 4077 tractatione
310 4019 496 4088 meditemur,
511 4022 540 4075 et
553 4017 624 4074 sicut
632 4017 771 4090 scriptum
780 4020 833 4086 est,
843 4032 944 4072 narre-
992 4024 1070 4080 tione
1083 4022 1236 4095 preterito.
1249 4021 1357 4078 Scienti
1367 4036 1484 4094 peceare
1495 4021 1663 4078 necessaris
1674 4022 1806 4079 66616666

127 4130 193 4170 mus
206 4130 239 4169 ea
254 4114 319 4169 filiis
332 4114 446 4182 uostris,
461 4117 493 4169 ut
505 4129 541 4170 66
562 4113 738 4169 meditentur
756 4111 787 4167 in
809 4111 944 4167 cordibus
992 4122 1045 4175 cst,
1059 4118 1175 4173 Necesse
1188 4119 1231 4172 cst
1240 4119 1273 4172 61
1285 4131 1413 4172 errorem
1426 4114 1479 4171 sihi
1492 4114 1600 4172 scribat
1609 4117 1662 4188 qui
1672 4121 1802 4173 monstra·

127 4208 195 4278 suis,
210 4207 339 4263 sedentes
354 4207 384 4262 in
398 4207 493 4274 domo,
507 4206 686 4261 ambulantes
699 4205 729 4260 in
746 4204 860 4274 itinere,
876 4203 942 4259 dor·
992 4217 1039 4268 nn
1051 4210 1188 4267 institisse
1199 4225 1283 4282 pravo
1295 4209 1401 4266 itineri.
1417 4209 1587 4265 bonefacius
1603 4211 1738 4267 66166166
1745 4226 1803 4266 san·

127 4301 248 4356 inientes
271 4305 357 4373 atque
375 4303 537 4372 surgentes.
555 4299 622 4372 quia
635 4318 650 4352 e
663 4298 763 4354 beatus
778 4288 943 4355 innomine
992 4308 1045 4361 ctae
1059 4304 1189 4362 Ecclesia
1198 4305 1334 4360 Romanae
1344 4319 1381 4360 ex
1390 4302 1495 4359 scrinio
1509 4302 1581 4360 editi
1594 4302 1801 4378 exemplar-isli

127 4394 177 4468 qui
195 4394 226 4451 in
245 4396 309 4467 lege
327 4395 388 4467 ejus
407 4392 595 4450 meditabitur
609 4393 655 4450 die
675 4395 806 4450 6666616
823 4392 942 4464 (Paut1,
992 4399 1057 4456 belli
1071 4399 1243 4471 exsequitur.

126 4492 163 4562 2).
179 4510 194 4541 '³
208 4491 267 4546 ΗΜ
282 4494 310 4546 et
321 4488 462 4562 mmm
473 4487 604 4561 gentium
619 4486 790 4560 &mimum
802 4504 886 4544 ΜΠ]
899 4501 982 4575 ⁸³‘D
1028 4520 1121 4576 Prima
1139 4520 1214 4576 salus
1227 4521 1270 4575 est
1283 4520 1369 4574 recta
1384 4517 1453 4574 fidei
1467 4518 1601 4589 regulam
1616 4519 1767 4590 custodire,
1777 4522 1799 4575 et

127 4588 208 4641 cutus
221 4581 942 4654 instituitadmoneus:haecmeditare,inhisesto,
992 4629 1009 4668 a
1031 4613 1191 4670 constitutis
1207 4615 1324 4669 Pagrum
1343 4611 1510 4668 nullatenu,
1534 4611 1668 4681 deviam
1699 4618 1727 4670 et
1746 4611 1798 4686 quis

127 4679 280 4751 subjiciens
296 4678 506 4752 plenitudinem
523 4693 530 4733 :
546 4677 661 4733 attende
679 4675 732 4780 tibi
750 4680 778 4733 et
795 4674 942 4780 doctrine,
993 4725 1051 4763 non
1070 4709 1165 4779 potes,
1185 4706 1300 4762 Domini
1321 4705 1413 4761 nostri
1425 4706 1493 4761 Jggu
1506 4705 1613 4763 Christi
1631 4704 1797 4780 praegemjuj

127 4771 205 4845 quia,
222 4772 245 4827 si
258 4773 389 4829 fidelibus
401 4772 462 4860 sine
471 4770 683 4828 intermissione
696 4768 888 4826 incumbimus
897 4785 942 4824 m·
992 4800 1144 4869 sententia,
1161 4799 1281 4857 dicenti,
1296 4816 1303 4856 :
1319 4819 1335 4850 α
1349 4800 1390 4854 pu
1412 4815 1442 4855 03
1457 4800 1568 4868 petrus,
1586 4803 1617 4857 eg
1635 4818 1725 4876 ,uper
1740 4801 1798 4857 hnc

127 4865 242 4936 stitutis,
253 4867 449 4939 separabimur
462 4865 571 4935 avitiis,
585 4864 791 4970 dumimpensa
799 4862 945 4968 666661161-
993 4899 1104 4969 petram
1114 4893 1262 4950 ,edificabo
1273 4892 1425 4950 Ecclesiam
1438 4909 1535 4949 mem
1548 4894 1661 4965 mm·
1674 4911 1720 4953 ω
1730 4895 1797 4966 ¹⁸)st

128 4976 166 5015 6ο
177 4960 257 5033 operi
266 4960 393 5017 humano
403 4961 498 5016 locum
515 4976 573 5016 non
590 4959 816 5032 reliqurterrorr.
835 4959 944 5014 llatarv
993 4991 1059 5059 m,
1073 4986 1797 5062 61880911ωάἰῦιᾶ,ΗΠΠΘΜΡΓΟΜΜΜᾺ

127 5055 220 5111 N⁰¹¹³⁸
231 5054 344 5127 Aprili&
355 5057 482 5126 Atatem
493 5055 515 5109 Η
532 5053 657 5108 ⁰⁰⁰⁸¹¹le·
994 5083 1061 5155 quia
1082 5083 1113 5139 in
1134 5083 1201 5138 sede
1219 5081 1375 5154 apostolica
1388 5083 1469 5137 extra
1480 5082 1628 5138 maculam
1643 5099 1760 5157 semper
1768 5082 1799 5137 et

126 5153 192 5277 “⁰3²3
204 5149 318 5235 mimia
331 5149 482 5232 Hmisdae
491 5162 574 5219 9⁰1¹ae
582 5147 626 5231 .αά
640 5148 776 5233 9913001308
790 5148 942 5259 flssl'fmiaej
992 5176 1132 5232 catholica
1143 5178 1255 5232 servata
1267 5175 1377 5246 religio.
1388 5177 1427 5232 De
1440 5191 1498 5247 qua
1510 5191 1572 5247 spe,
1587 5176 1686 5234 etflde
1695 5176 1799 5235 minime

203 5223 430 5293 quaerehamus
445 5219 740 5288 666616666666161666
751 5233 868 5289 episcopa
878 5233 929 5290 pro
1111 5269 1117 5281 ‚
1193 5270 1199 5281 ,
1734 5271 1740 5283 ,

162 5296 306 5362 sessionem
328 5293 443 5362 dimit,
471 5294 582 5362 promer
604 5290 746 5346 (immam
770 5291 878 5346 clericos
896 5290 945 5359 qui
993 5286 1117 5342 separari
1136 5271 1291 5343 Cupoelliks,
1307 5273 1336 5324 816
1349 5270 1464 5325 patrum
1479 5273 1639 5343 sequentes
1650 5274 1799 5332 communi

163 5381 254 5422 eorum
266 5364 476 5422 666616αηί66666
487 5365 678 5434 poposcerunt.
992 5359 1265 5416 anathematizamus
1287 5374 1386 5415 omnes
1406 5358 1539 5428 hereses,
1553 5359 1703 5434 praecipue
1715 5361 1800 5418 116616-

164 5457 261 5534 260
276 5456 468 5516 Dilectissimis
479 5453 615 5512 fratribus
628 5452 768 5526 episeopis
780 5469 832 5525 per
842 5453 941 5525 111666-
992 5454 1069 5510 rium
1087 5453 1266 5522 haereticum,
1285 5451 1335 5526 qni
1353 5453 1498 5525 quondam
1518 5452 1799 5529 constantinopolita·

125 5553 206 5610 niam
218 5553 377 5611 constitutis
389 5554 541 5609 Honursm.
994 5565 1039 5604 na
1063 5547 1117 5604 fuit
1143 5547 1223 5603 urbis
1250 5546 1411 5619 episcopus,
1436 5546 1610 5603 damnatum
1635 5546 1667 5604 in
1693 5544 1800 5607 66661116

162 5648 361 5722 intereaque
387 5646 497 5705 notitioe
520 5649 626 5703 6661666
651 5645 775 5700 loannes
798 5641 888 5698 frater
916 5644 944 5697 et
993 5639 1586 5715 EphesiaeabeatoCoelestinopapaurbis
1594 5640 1801 5712 Romae,etare

128 5739 310 5815 coepiscopus
340 5746 436 5799 noster
463 5739 556 5798 studio
584 5735 786 5796 Ecclesiasticus
813 5735 945 5792 utilitatis
993 5734 1304 5807 nerabiliviroCyrillo
1321 5733 1524 5791 Alexandrinae
1537 5732 1663 5791 civihtis
1680 5735 1799 5792 antistite.

129 5832 257 5903 ingessit,
280 5834 335 5891 hoc
359 5852 473 5910 qnoque
491 5852 544 5910 pro
571 5833 674 5893 affeetu
698 5831 843 5890 catholice
864 5829 942 5898 fidei,
996 5826 1800 5904 8161166661116616111661661161161666,611116666666
