3870 6150
220 280 271 330 aaa
665 269 806 326 APPEND.
826 269 870 326 ΑΙ)
888 269 967 325 SAEC.
989 270 1032 325 tx.
1049 298 1083 308 -
1102 268 1225 324 lSlDORl
1244 265 1455 326 MERCATORIS
1851 273 1902 325 socr

138 393 142 403 ⁴
221 381 323 452 quibus
347 379 497 449 Apostolus
521 379 610 433 dicit:
627 401 640 428 u
655 379 714 433 Erit
733 379 811 432 enirn
835 383 946 449 tempus
969 383 1148 463 cumAsunt
1158 381 1244 447 atque
1252 378 1365 448 ignibus
1373 378 1600 433 concremandae.
1612 379 1753 442 Quamvis
1763 380 1841 433 enim
1849 381 1902 434 siut

221 492 321 529 sarram
341 474 500 529 doctrinam
523 491 580 529 non
601 472 790 540 sustinebunt,
805 473 855 527 sed
868 474 902 528 ad
916 490 967 527 sua
984 474 1032 528 de·
1083 473 1114 526 in
1128 471 1183 526 illis
1196 471 1336 543 quaedam,
1348 488 1411 543 quae
1423 471 1574 527 rideantur
1586 472 1711 543 speciem
1724 471 1835 528 habere
1849 473 1901 545 pie

220 568 324 622 sideria
336 568 543 622 coacervabunt
555 567 608 621 sibi
624 565 774 637 magistros
788 566 948 637 prurientes
961 567 1034 621 auri·
1084 565 1129 631 tis,
1152 581 1301 636 nunquam
1323 570 1420 620 tamen
1446 581 1532 620 vacua
1560 570 1627 620 sunt
1648 565 1783 633 venenis,
1807 572 1835 621 et
1856 583 1901 638 per

220 661 283 729 bus,
309 665 337 714 ει
362 679 378 714 a
400 661 516 716 veritate
538 660 655 731 quidem
681 659 809 714 anditum
839 663 976 726 avertent,
998 659 1033 714 ad
1084 658 1249 714 tabularum
1265 659 1413 713 illecebras
1428 659 1483 715 hoc
1495 659 1617 716 latenter
1628 662 1803 731 operantur,
1816 664 1848 714 ut
1856 660 1899 715 mi-

221 754 328 808 tabulas
341 758 436 809 autem
450 757 650 809 convertentur
663 752 699 823 (ll
713 755 781 807 Tim.
798 769 834 818 rv,
848 755 875 820 3,
890 753 948 822 tt.»
959 753 1033 807 Nihil
1084 753 1218 808 rabilium
1239 753 1402 808 narratione
1423 752 1554 808 seductos
1579 753 1687 825 laqueis
1708 753 1897 825 cujuscunque

218 845 1035 919 itaquenobiseumcommunehabcant,quitaliaaudcnt
1085 847 1189 901 erroris
1217 846 1371 901 involvant.
1392 846 1474 901 Unde
1498 846 1521 900 si
1550 846 1613 918 quis
1638 846 1841 918 episcoporum
1861 847 1896 902 rel

220 943 260 995 vel
276 940 445 1007 decoraret
462 941 587 1008 credere,
604 944 632 993 et
643 939 818 1010 quibuslibet
832 939 924 994 modis
940 939 1033 994 nitun·
1084 940 1247 1011 apocrypha
1269 939 1367 994 haberi
1385 956 1438 1010 per
1449 939 1551 995 domos
1571 955 1630 994 non
1652 938 1847 1010 prohibuerit,
1860 942 1894 995 rel

221 1039 266 1089 tur
279 1038 405 1089 astruere
420 1034 498 1105 quod
510 1033 666 1088 substantia
680 1033 774 1088 caruis
789 1033 824 1086 ab
840 1049 888 1103 spe
904 1049 1032 1088 resurre-
1084 1032 1136 1087 sub
1149 1033 1355 1088 canonicorum
1368 1033 1486 1088 nomine
1499 1048 1546 1087 eos
1558 1032 1672 1087 codices
1687 1032 1851 1104 permiserit
1862 1034 1893 1088 le

219 1129 319 1182 ationis
337 1128 431 1182 aliena
450 1128 496 1196 sit,
509 1133 593 1199 atquc
612 1127 651 1181 ita
665 1143 750 1182 omne
764 1130 974 1182 sacramentum
989 1126 1033 1181 in·
1085 1118 1163 1197 gere,
1177 1127 1226 1197 qui
1246 1126 1413 1181 Priscilliani
1434 1125 1594 1180 adulterina
1617 1131 1687 1180 sunt
1708 1125 1893 1180 emendatione

220 1222 394 1276 carnationis
412 1221 514 1276 Christi
537 1221 690 1275 resolvunt.
715 1221 789 1284 Quia
809 1220 962 1292 indignum
981 1221 1035 1274 fuit
1085 1219 1221 1290 corrupti,
1242 1219 1408 1274 haereticum
1426 1235 1455 1273 εε
1473 1219 1585 1273 noverit
1603 1218 1812 1289 judicandum.
1829 1218 1891 1282 Ouo·

220 1315 365 1385 integrum
379 1315 525 1369 hominem
543 1314 655 1384 suscipi,
672 1314 695 1366 si
715 1313 868 1384 indignum
887 1318 946 1368 erat
961 1314 1033 1369 inte·
1084 1312 1162 1366 niam
1176 1313 1226 1384 qni
1243 1312 1330 1367 alium
1346 1312 1381 1366 ab
1396 1328 1493 1367 errore
1512 1328 1568 1367 non
1585 1316 1704 1367 revocat
1720 1311 1843 1384 seipsum
1856 1328 1891 1366 er-

221 1424 304 1477 grum
318 1409 440 1462 liberari.
1085 1421 1148 1460 rare
1160 1405 1345 1460 demonstrat.

255 1503 319 1555 Xlll.
335 1501 428 1556 Tertio
444 1500 556 1554 decimo
578 1501 638 1554 loco
658 1501 782 1571 positum
801 1503 844 1554 est
859 1501 975 1555 eosdem
989 1500 1032 1554 di·
1095 1504 1096 1508 ’
1120 1500 1184 1570 llVl.
1202 1500 1347 1554 l‘ostremo
1361 1503 1457 1554 autem
1472 1499 1595 1570 capitulo
1610 1500 1667 1554 hoc
1686 1499 1817 1571 prodidit
1829 1499 1892 1569 justa

219 1611 293 1661 cere,
307 1595 383 1666 quod
398 1610 484 1648 omne
497 1610 598 1664 corpus
611 1593 822 1664 Scripturarum
835 1594 1035 1649 canonicarum
1085 1593 1273 1664 querimonia,
1289 1592 1364 1664 quod
1377 1593 1517 1648 Dicticinii
1532 1596 1650 1660 tractus,
1663 1609 1741 1665 quos
1753 1593 1892 1648 secundun

220 1689 271 1742 sub
286 1687 511 1758 patriarcharum
528 1687 691 1742 nominibus
704 1686 900 1757 accipiendum
913 1687 958 1754 sit,
968 1687 1034 1757 quia
1085 1686 1249 1741 Priscilliani
1271 1686 1378 1758 dogma
1400 1687 1576 1759 conscripsit,
1591 1703 1609 1741 a
1625 1687 1732 1741 multis
1745 1703 1810 1741 cum
1820 1702 1892 1741 vene·

218 1781 267 1835 ille
282 1781 431 1835 duodecim
446 1780 562 1835 virtutes
577 1797 641 1852 quae
662 1779 892 1834 reformationem
910 1771 1072 1842 lrominisB
1085 1779 1195 1835 ratione
1208 1780 1383 1851 legerentur,
1398 1796 1473 1847 cum,
1487 1781 1511 1835 si
1531 1780 1640 1851 aliquid
1656 1780 1808 1835 memoriae
1821 1779 1892 1835 Dicti-

218 1873 362 1929 interioris
376 1878 543 1944 operantur,
555 1875 583 1927 in
596 1874 696 1929 horum
711 1872 852 1928 vocabulis
863 1872 1033 1941 indicentur,
1084 1873 1158 1928 cinio
1179 1872 1362 1928 tribuendum
1380 1877 1493 1944 putant,
1509 1872 1728 1946 reparationem
1742 1874 1804 1945 ejus
1816 1873 1892 1944 magb

218 1968 278 2022 sine
297 1984 352 2038 qua
366 1967 481 2022 scientia
499 1968 604 2021 nullam
621 1967 748 2021 animam
770 1982 852 2037 posse
867 1966 989 2038 assequi,
1002 1968 1036 2020 ut
1085 1966 1209 2022 debeant
1217 1982 1315 2022 amare
1324 1983 1411 2038 qnam
1421 1967 1543 2038 lapsum.
1554 1968 1615 2022 Non
1627 1983 1703 2039 ergo
1715 1966 1891 2034 Dicticininn,

218 2061 246 2116 in
259 2078 323 2116 eam
336 2060 533 2127 substantiam,
548 2060 650 2131 deque
663 2060 768 2131 prodiit
781 2061 966 2114 reformetur.
978 2058 1033 2115 Sed
1085 2060 1132 2114 sed
1159 2060 1368 2114 Priscillianum
1395 2061 1510 2131 legunt;
1534 2066 1563 2116 et
1583 2060 1654 2115 illud
1679 2060 1808 2132 probant
1830 2059 1892 2132 qued

220 2156 292 2209 banc
305 2154 424 2224 impiam
437 2153 591 2207 vanitatem
607 2153 750 2224 despectui
770 2153 857 2207 habet
875 2152 1035 2208 Christiana
1084 2169 1184 2209 errans
1197 2154 1303 2221 docuit,
1317 2170 1376 2209 non
1390 2154 1468 2225 quod
1484 2157 1627 2210 correctus
1639 2154 1743 2225 elegit.
1758 2153 1812 2210 Sed
1821 2169 1890 2208 nemo

219 2247 369 2319 sapientia,
391 2264 454 2318 quus
477 2247 555 2301 norit
575 2262 639 2301 vere
663 2247 777 2300 deitatis
799 2246 988 2301 inviolabilem
1007 2250 1035 2301 et
1085 2247 1139 2301 hoc
1162 2246 1281 2318 impune
1303 2252 1469 2319 praesumat,
1485 2264 1539 2301 nec
1561 2248 1639 2302 inter
1657 2247 1820 2303 catholicos
1837 2262 1889 2301 een·

220 2341 463 2395 inconvertibilem
483 2357 544 2394 esse
565 2343 706 2407 naturam,
723 2341 847 2395 animam
867 2344 962 2394 autem
977 2341 1034 2394 sive
1084 2343 1190 2408 seatur,
1204 2339 1333 2412 quisquis
1354 2340 1443 2395 utitur
1463 2340 1625 2412 seripturis,
1640 2357 1703 2396 non
1726 2340 1764 2396 ab
1787 2339 1889 2395 Εεειεειι

218 2436 247 2489 ιιι
263 2451 379 2506 corpore
393 2434 612 2502 viventem,sive
626 2450 642 2487 a
657 2450 772 2505 corpore
789 2439 949 2505 separatam
962 2432 1035 2488 mul·
1084 2433 1265 2489 solummodo
1287 2433 1431 2503 catholiea,
1447 2435 1496 2488 sed
1514 2450 1596 2489 asuo
1613 2439 1734 2490 auctore
1756 2433 1887 2489 damnatis

219 2529 254 2583 tis
265 2528 443 2600 passionibus
454 2528 610 2599 subjacere.
626 2527 694 2592 Quae
706 2528 804 2599 utique
814 2529 838 2581 si
848 2527 950 2582 divinae
961 2530 1035 2581 esset
1084 2528 1145 2582 Non
1168 2527 1204 2582 sit
1221 2525 1361 2598 perversis
1382 2527 1504 2582 liberum
1527 2527 1661 2583 simulare
1682 2527 1763 2600 quod
1783 2527 1887 2599 fingunt,

217 2622 357 2692 essentia,
374 2622 446 2677 nihil
461 2621 569 2699 adversi
585 2624 680 2692 posset
703 2621 836 2675 incidere.
854 2623 887 2676 Et
906 2621 968 2675 ideo
990 2621 1033 2675 in·
1085 2637 1138 2676 nec
1158 2621 1211 2675 sub
1229 2620 1370 2675 velamine
1393 2620 1517 2675 nominis
1539 2620 1706 2691 Christiani,
1723 2621 1887 2677 decretorum

218 2716 405 2787 corporaliter
421 2715 499 2770 aliud
520 2715 636 2770 Creator
658 2717 711 2779 est,
727 2713 804 2768 aliud
823 2718 961 2768 creatura.
987 2713 1034 2768 llle
1083 2713 1276 2786 imperialium
1294 2716 1399 2769 statuta
1414 2713 1568 2770 declinent.
1582 2714 1647 2769 ldeo
1662 2715 1745 2770 enim
1763 2715 1799 2770 ad
1810 2714 1886 2769 aeae

218 2809 295 2864 enim
307 2825 420 2878 semper
432 2807 509 2862 idom
526 2811 578 2875 est,
595 2811 623 2861 ει
643 2806 721 2860 nulla
738 2807 875 2861 varietate
896 2809 1033 2876 mutatur,
1085 2807 1157 2862 siam
1171 2806 1341 2863 catholicam
1359 2823 1423 2863 eum
1443 2811 1522 2863 tanta
1541 2807 1636 2862 cordis
1655 2807 1823 2864 diversitate
1836 2823 1887 2862 con·

219 2902 280 2956 lrarc
294 2904 390 2956 autem
407 2899 552 2954 mutabilis
565 2905 606 2954 est
619 2900 703 2954 etiam
720 2916 777 2953 non
791 2902 908 2968 mrrtata,
922 2899 988 2971 quia
1005 2903 1036 2953 ut
1084 2900 1213 2970 veniunt,
1224 2904 1256 2954 ut
1268 2904 1296 2956 ει
1309 2917 1381 2973 quos
1399 2904 1518 2972 possunt
1536 2917 1600 2956 suos
1623 2901 1743 2972 faciant,
1756 2905 1786 2957 et
1808 2901 1886 2974 legun

218 3011 275 3049 non
289 2998 416 3049 mutetur
425 2992 524 3048 datum
534 2993 638 3065 poterit
651 2993 755 3047 habere
771 2995 827 3046 non
840 2993 997 3064 proprium.
1085 2995 1276 3064 severitatem,
1292 2995 1360 3050 dum
1378 3011 1408 3049 se
1422 2997 1533 3050 nostros
1546 2994 1741 3063 mentiuntur,
1759 2994 1886 3068 effugiant.

254 3089 316 3142 lllV.
343 3087 399 3142 Sub
423 3091 523 3157 quarto
547 3085 658 3141 decimo
677 3102 742 3140 vero
761 3085 884 3156 capitulo
905 3087 939 3141 de
960 3088 1035 3141 statu
1085 3089 1202 3144 Faciunt
1220 3090 1275 3143 hoc
1297 3088 1523 3155 Priscillianistoe,
1541 3088 1652 3144 faciunt
1671 3090 1727 3144 hoc
1748 3087 1885 3152 llaniahra

218 3181 344 3252 eorporis
357 3180 462 3235 sentire
477 3179 621 3248 dicuntur,
637 3179 713 3251 quod
726 3180 779 3233 sub
798 3183 937 3251 potestate
957 3180 1032 3234 side·
1044 3144 1071 3219 C
1084 3198 1208 3254 quornm
1224 3198 1290 3236 cum
1304 3181 1364 3236 istis
1380 3185 1439 3237 tam
1452 3181 1586 3238 loedemta
1599 3185 1671 3236 sunt
1684 3183 1785 3250 eorda,
1797 3187 1828 3237 nt
1838 3179 1886 3236 solis

216 3293 281 3331 rum
292 3279 377 3346 atque
393 3275 539 3345 signorum
553 3290 605 3345 pro
618 3277 730 3328 terrena
742 3273 878 3344 qualitate
891 3277 1032 3341 teneatur,
1085 3275 1249 3331 nominibus
1263 3275 1388 3344 discreti,
1405 3275 1556 3348 sacrilegiis
1572 3281 1673 3331 autem
1686 3277 1749 3331 ειιιε
1761 3275 1886 3332 inveniar

217 3374 246 3425 et
259 3368 322 3424 ideo
341 3369 432 3422 multo
447 3367 475 3421 in
492 3367 594 3421 sanetis
615 3366 704 3433 libris,
718 3382 782 3437 quae
806 3366 841 3420 ad
863 3366 1033 3420 exteriorem
1084 3375 1131 3424 tur
1144 3369 1228 3423 uniti.
1241 3369 1313 3433 Quia
1329 3369 1382 3424 etsi
1396 3370 1481 3424 Vetus
1494 3370 1725 3440 Testamentum,
1736 3371 1813 3443 quod
1821 3368 1885 3424 istite

219 3463 363 3517 hominem
381 3460 542 3532 pertineant
557 3459 686 3532 reperiri,
704 3465 734 3514 ut
754 3460 784 3513 in
797 3459 865 3530 ipsis
884 3460 1034 3530 Scripturis
1085 3463 1227 3534 suscipere
1241 3463 1387 3530 simulant,
1401 3463 1546 3518 llaniehaei
1558 3463 1698 3532 refutant,
1715 3463 1754 3518 ad
1768 3467 1884 3519 unnmtr

218 3557 294 3611 inter
306 3556 430 3611 divinam
456 3558 654 3625 terrenamque
675 3556 808 3607 naturam
831 3553 963 3623 quaedam
981 3552 1034 3607 sibi
1085 3573 1150 3611 men
1173 3557 1260 3612 finem
1286 3561 1475 3627 utrorumque
1499 3556 1591 3612 tendit
1611 3557 1752 3628 intentio,
1774 3574 1834 3614 enm
1850 3552 1883 3610 isti

219 3654 361 3721 repugnet
372 3648 536 3718 adversitas,
552 3653 580 3702 et
594 3647 671 3702 alind
687 3647 724 3701 sit
737 3647 812 3717 quod
825 3645 878 3701 sibi
891 3646 1036 3701 vindicent
1085 3650 1249 3721 recipiendo
1268 3636 1464 3722 corrumpunt,
1479 3650 1520 3704 illi
1542 3648 1702 3707 abdicando
1723 3651 1881 3724 impugnant

217 3744 321 3798 animae
336 3743 482 3814 praesules,
497 3746 526 3797 et
539 3740 617 3796 aliud
633 3740 708 3812 quod
723 3740 850 3811 corporis
864 3740 1033 3795 conditores.
1085 3743 1340 3799 lnersecrabilibus
1349 3744 1593 3816 aulemmysteriis
1601 3746 1882 3818 eorumquoque

217 3838 285 3903 Quae.
300 3836 403 3892 tabulae
425 3835 489 3890 ideo
512 3834 699 3902 disseruntur,
715 3840 745 3888 ut
764 3837 793 3889 et
811 3835 914 3889 animae
931 3833 1035 3888 divinae
1085 3836 1278 3892 immundiora
1308 3840 1383 3907 sunt,
1411 3841 1491 3892 tanto
1517 3836 1689 3909 diligentius
1717 3839 1880 3897 secuuntur,

218 3931 397 3986 affirmentur
409 3945 470 3984 esse
485 3928 651 3983 substantia
674 3933 702 3982 et
721 3944 786 3982 caro
800 3928 933 3982 credatur
952 3929 1035 3983 malae
1085 3946 1174 3986 unum
1195 3947 1312 4002 prorsus
1333 3931 1415 3986 netas
1435 3933 1486 4000 est,
1501 3946 1559 3987 nna
1574 3935 1617 3987 est
1639 3926 1881 4000 obscenitasetsi·

219 4041 279 4080 esse
291 4028 413 4092 naturae,
430 4022 562 4094 quoniam
577 4027 605 4076 ct
620 4021 712 4092 ipsum
735 4021 877 4075 mundum
896 4037 960 4076 oum
976 4022 1033 4076 ele·
1086 4024 1161 4078 milis
1174 4024 1334 4096 turpitudo.
1348 4026 1424 4092 Qum,
1440 4025 1464 4079 si
1478 4024 1572 4098 eloqui
1586 4025 1795 4097 embescimus,
1804 4018 1882 4080 sollici·

220 4119 324 4173 mentis
334 4117 390 4171 suis
399 4131 457 4170 non
467 4132 539 4187 opus
552 4115 603 4168 Dei
613 4113 749 4180 boni,sed
760 4114 954 4169 conditionem
966 4114 1035 4170 mali
1086 4117 1200 4172 tissimis
1226 4125 1321 4173 tamen
1347 4117 1577 4190 inquisitionibus
1597 4118 1742 4190 judicata,
1768 4124 1797 4175 et
1817 4112 1881 4174 hs*

220 4211 390 4283 profitentur
412 4207 544 4276 auctoris,
569 4212 653 4278 atque
682 4210 714 4260 ut
736 4208 795 4261 haec
821 4208 1035 4263 mendaciorum
1086 4210 1242 4279 rhaeorum,
1268 4210 1317 4282 qui
1347 4211 1546 4283 comprehensi
1576 4217 1656 4280 sunt,
1683 4209 1883 4269 confamula

220 4319 336 4357 suorum
360 4300 507 4371 sacrilegia
530 4300 613 4354 bonis
637 4299 725 4354 titulis
748 4301 918 4368 colorarent,
940 4301 1036 4357 omnia
1085 4303 1207 4371 detecta,
1216 4304 1252 4360 ad
1263 4305 1409 4376 publicam
1418 4305 1539 4360 fecimus
1549 4305 1705 4377 pervenire
1719 4307 1883 4371 noemma

220 4413 292 4469 pene
307 4395 403 4451 divina
422 4392 536 4465 eloquia
558 4408 691 4447 sensuum
714 4393 901 4449 nefandorum
923 4395 1033 4450 immis·
1086 4397 1142 4451 ullo
1166 4398 1250 4453 modo
1271 4398 1358 4470 possit
1376 4398 1495 4454 dubium
1520 4398 1619 4469 videri,
1644 4401 1724 4472 qnod
1746 4401 1777 4457 in
1798 4392 1883 4471 judicit

220 4491 301 4545 sione
316 4490 470 4544 violarunt.
1044 4495 1192 4586 Duostro,
1206 4491 1252 4547 cui
1264 4508 1322 4547 non
1337 4492 1428 4547 solum
1440 4491 1678 4564 frequentissima
1697 4492 1883 4567 prasentia*

256 4586 308 4639 XV.
323 4585 361 4638 [le
383 4599 440 4655 qua
458 4598 488 4635 rc
503 4580 596 4652 quinti
610 4580 712 4636 decimi
728 4581 844 4652 capituli
859 4599 955 4637 sormo
969 4599 1034 4638 eon·
1087 4585 1246 4655 cerdotum,
1258 4586 1307 4641 sed
1322 4587 1408 4641 etiam
1422 4585 1575 4641 illustrium
1588 4585 1721 4643 virorum
1737 4583 1883 4660 arnust

220 4677 352 4751 queritur
363 4680 392 4731 ει
410 4673 663 4747 praesumptionem
684 4674 850 4730 diabolicam
872 4677 973 4732 merito
986 4677 1035 4732 de·
1087 4696 1154 4751 pars
1166 4679 1298 4751 quaedam
1321 4683 1433 4735 senatus
1455 4696 1489 4735 ac
1501 4679 1593 4751 plebis
1608 4680 1757 4754 interfuit,
1771 4684 1881 4754 ipsum,

223 4775 351 4837 testatur,
368 4769 436 4841 quia
451 4774 479 4824 et
493 4785 544 4823 nos
557 4768 633 4822 istud
648 4785 716 4822 vera
729 4785 794 4824 cum
811 4770 1037 4826 testimoniorum
1088 4773 1136 4843 qui
1150 4788 1234 4827 omne
1253 4773 1364 4828 facinus
1384 4775 1592 4845 perpetrarant,
1608 4789 1662 4830 ore
1676 4779 1831 4832 reseratum
1842 4770 1881 4831 θη

223 4866 362 4921 relatione
377 4863 579 4935 comperimus,
590 4868 619 4917 et
632 4863 736 4916 multos
749 4864 977 4934 corruptissimos
992 4880 1038 4920 eo·
1087 4866 1159 4922 ειειιι
1171 4883 1204 4922 ea
1217 4883 1281 4938 quae
1298 4867 1333 4922 ad
1353 4866 1534 4923 dilectionem
1554 4873 1635 4924 brem
1655 4885 1739 4925 nune
1756 4866 1883 4926 ansb·

223 4975 288 5013 rum
301 4957 412 5013 codices
423 4956 471 5028 qui
481 4955 610 5012 canonici
624 4956 774 5011 titulantur
786 4957 956 5014 invenimus.
966 4960 1038 5023 Ouo·
1089 4963 1168 5031 gesta
1184 4961 1392 5016 demonstrant.
1409 4960 1491 5025 Quod
1509 4965 1606 5017 autem
1628 4963 1665 5018 de
1687 4964 1882 5021 usmetun

222 5053 306 5109 modo
316 5052 394 5108 enim
405 5051 534 5122 decipere
544 5050 688 5122 simplices
699 5055 824 5121 possent,
836 5051 888 5106 nisi
899 5057 1038 5108 venenata
1088 5053 1240 5111 foedissimo
1262 5057 1378 5126 scelere,
1394 5056 1449 5111 hoc
1462 5055 1547 5111 etlam
1571 5055 1609 5112 de
1630 5056 1881 5114 Priscillianistttfl

223 5149 324 5221 pocula
337 5146 460 5218 quodam
480 5144 565 5199 melle
580 5143 767 5216 praelinirent,
784 5161 819 5200 ne
836 5162 1037 5219 usquequaque
1089 5148 1883 5223 incertissimaconsuetudineolimcompertnmmrltff

224 5244 399 5298 sentirentur
413 5238 540 5294 insuavia
560 5255 623 5310 qun
646 5242 740 5293 essent
761 5239 857 5294 futura
880 5240 1036 5297 mortifera.
1088 5257 1143 5315 que
1158 5243 1306 5313 vulgatum
1318 5247 1370 5299 est.
1388 5243 1440 5307 Qui
1455 5244 1532 5298 enim
1546 5257 1601 5314 per
1613 5245 1719 5300 omnia
1730 5249 1796 5300 sunt
1806 5235 1881 5311 iuri*

222 5335 387 5392 Curandum
399 5349 468 5404 ergo
478 5337 529 5399 cst,
540 5335 569 5387 et
578 5332 742 5387 sacerdotali
756 5332 904 5404 diligentia
914 5334 1038 5390 maxime
1088 5339 1145 5391 tate
1158 5351 1292 5391 sensuum
1307 5353 1399 5408 pares,
1415 5353 1473 5392 non
1487 5341 1606 5408 possunt
1627 5337 1659 5393 in
1672 5339 1763 5396 sacris
1778 5336 1883 5394 suis&

223 5428 444 5503 providendum,
457 5432 487 5482 ut
497 5425 590 5481 falsati
604 5425 712 5480 codices
723 5428 751 5479 ει
764 5443 781 5480 a
796 5426 905 5480 sincera
919 5428 1037 5482 veritate
1088 5429 1249 5484 dissimiles,
1278 5430 1405 5486 Decursis
1433 5431 1526 5502 itaque
1552 5431 1706 5503 omnibus,
1733 5448 1797 5505 quar
1817 5420 1883 5484 ruat

224 5524 366 5579 discordes
391 5521 419 5576 in
445 5520 502 5575 ullo
529 5536 582 5574 usu
615 5519 742 5575 lectionis
768 5519 938 5577 habeantur.
964 5525 1036 5594 Apo·
1088 5522 1883 5595 seriescomprehendit,etaquibuscommonitorium

224 5612 1038 5690 oryphaeautemScripturae,quasubnominibusaposto
1088 5634 1145 5672 non
1168 5618 1320 5689 discrepet,
1335 5618 1508 5673 sufficienter
1525 5619 1565 5686 lut
1583 5619 1702 5692 opinor)
1722 5614 1883 5677 osum

218 5713 313 5766 lorum
323 5709 483 5766 multarum
492 5705 794 5763 habentseminarium
805 5707 1037 5781 falsitatum,non
1089 5710 1155 5782 quid
1179 5712 1215 5766 de
1237 5712 1291 5782 his,
1313 5728 1377 5784 quae
1398 5712 1433 5767 ad
1455 5727 1506 5767 nos
1534 5711 1705 5772 fraternitas
1730 5717 1777 5771 ιιιι
1798 5703 1882 5769 retuli&

201 5806 301 5862 solum
324 5802 544 5880 intercidendae,
561 5802 610 5865 sed
631 5801 720 5864 eoam
738 5800 854 5879 penitus
875 5803 1040 5860 animandae.
1089 5821 1266 5873 censeamus,
1281 5810 1407 5878 olquam
1431 5821 1489 5862 non
1505 5805 1720 5877 atterendum,
1732 5807 1819 5864 sitam
1830 5812 1883 5873 pfl·
