3870 6150
789 252 1045 309 eremitorium.
1728 274 1753 311 ιιι

62 401 93 439 re
119 384 182 439 atii
193 381 268 438 duos
281 381 364 449 fines,
379 395 450 452 quos
465 379 598 453 prosequi
612 380 706 451 ipsum
721 378 826 444 rideas,
841 377 1016 449 pontificiam
1029 378 1228 435 auctoritatem
1237 381 1343 452 jusque
1355 380 1584 452 appellationum
1596 381 1680 452 tueri,
1692 398 1763 437 me·-

63 472 313 545 tropolitanorum
325 469 527 542 prerogativae
541 468 715 541 deprimere,
731 466 894 525 secundarii
906 466 991 538 piane
1005 469 1072 522 sunt
1084 471 1171 539 atque
1186 468 1329 540 prioribus
1340 468 1397 524 iliis
1405 469 1595 525 subordinati.
1607 471 1648 525 ad
1659 470 1754 543 ponti-

64 565 134 619 fices
147 562 230 618 enirn
243 560 365 617 recurrit
379 576 425 628 eo,
438 559 517 631 quod
531 558 677 631 episcopos
691 559 720 613 ιιι
735 557 803 630 ipsis
816 555 1022 611 validissimum
1035 556 1170 612 adversus
1182 573 1379 629 oppressorem
1389 560 1521 613 tutamen
1532 557 1681 615 habituros
1689 575 1756 615 cou-

62 653 148 711 fidat.
163 653 235 707 iiiuc
251 655 280 706 et
298 667 399 709 causas
411 649 612 722 episcoporum
624 647 750 720 majores
764 651 849 719 atque
862 644 1044 718 pontificibus
1056 649 1213 702 reservatas
1227 649 1288 702 tam
1298 647 1515 704 acritertuetur.
1530 648 1599 713 One
1612 650 1720 720 omnia,
1731 650 1755 706 si

64 741 179 814 Otgarii
193 756 288 796 erum
301 739 446 810 vitamque
458 723 654 806 'conferamus
669 737 742 793 sicut
757 736 927 808 impressam
939 752 1035 791 ceram
1048 736 1142 807 sigilio
1158 735 1330 808 respondere
1345 736 1514 793 videbimus.

102 895 265 953 hadericus
282 894 348 951 Pius
368 911 434 950 cum
451 909 486 950 ex
507 894 598 950 ultera
615 909 701 950 uxore
718 892 834 949 luditha
854 890 946 947 filium
968 891 1113 958 Carolum,
1126 890 1176 962 qui
1192 890 1294 947 Calvus
1306 894 1408 962 postea
1423 890 1515 947 dictus
1532 896 1584 963 est,
1598 891 1754 964 genuisset,

66 1004 123 1042 una
139 1002 208 1041 cum
224 984 407 1057 imperatrice
421 1000 455 1039 eo
471 983 621 1054 tendebat,
642 987 674 1039 ut
689 981 805 1055 imperii
825 984 937 1054 partem
953 980 1146 1036 secundarum
1160 979 1326 1052 nuptiarum
1346 980 1404 1036 filio
1418 986 1607 1053 compareret.
1624 982 1693 1037 ilinc
1705 981 1757 1038 filii

66 1075 276 1147 irmengardis,
290 1073 394 1147 prioris
409 1073 516 1141 uxoris,
530 1072 635 1145 quibus
644 1074 709 1145 iege
721 1088 747 1127 a.
764 1075 816 1128 817
831 1072 867 1127 ιιι
880 1072 1058 1128 successione
1071 1070 1128 1125 lata
1142 1070 1296 1142 imperium
1314 1070 1457 1137 diviseret,
1472 1071 1560 1126 armis
1575 1074 1686 1143 patrem
1700 1070 1754 1126 im·

66 1168 223 1239 petierunt.
238 1166 278 1220 Ex
291 1165 420 1236 ipsorum
435 1162 565 1235 partibus
576 1163 694 1234 plurimi
707 1179 742 1218 ex
755 1161 879 1234 prelatis
891 1161 1014 1229 stabant,
1032 1163 1062 1215 ιιι
1075 1160 1164 1229 Waia,
1180 1160 1340 1231 ililduinus,
1356 1161 1513 1229 Eiizachan
1528 1160 1662 1230 abbates3
1677 1160 1756 1215 Ebbo

66 1255 250 1326 itbemeusis,
264 1253 433 1325 agobardus
450 1252 659 1325 Lugdunensis,
672 1254 748 1308 iesse
762 1250 972 1318 ambianensis,
987 1248 1118 1321 Otgarius
1136 1248 1329 1320 iioguntinus,
1346 1249 1481 1322 episcopi.
1506 1251 1559 1305 iles
1577 1265 1611 1305 eo
1627 1249 1758 1305 deductae

68 1350 144 1414 sunt,
156 1350 189 1399 ut
199 1344 356 1416 imperator
365 1342 563 1415 penitentiam
572 1342 725 1414 pubhcam,
737 1340 875 1398 suadente
883 1339 1062 1413 potissimum
1072 1338 1362 1403 Ebbouelthemonsi,
1384 1356 1471 1411 agere
1485 1340 1647 1411 compulsus
1660 1339 1757 1405 fucrit,

68 1437 243 1507 imperatore
258 1439 356 1489 eutem
368 1433 472 1489 misere
486 1448 633 1505 oppresso,
649 1431 753 1488 mutati
765 1430 876 1487 suntin
895 1428 1046 1486 meliorem
1059 1443 1175 1483 sensum
1187 1428 1370 1484 subditorum
1383 1429 1567 1501 filiorumque
1581 1428 1716 1507 Ludovici
1729 1430 1760 1484 et

68 1523 181 1596 l’ippini
195 1522 295 1592 animi,
311 1522 352 1578 ita
370 1526 402 1577 ut
416 1522 446 1578 iu
462 1537 586 1594 regnum
601 1522 810 1579 restitueretur.
834 1523 912 1577 Tunc
925 1520 954 1575 in
969 1517 1078 1591 synodo
1092 1517 1326 1573 Theonisvillana
1340 1535 1368 1574 a.
1384 1522 1436 1575 885
1450 1519 1597 1591 depositus
1609 1521 1652 1574 cst
1667 1518 1756 1587 Ebbo,

69 1621 222 1686 postquam
236 1630 266 1667 se
282 1612 437 1684 indignum
447 1611 611 1684 episcopatu
620 1612 724 1684 scripto
734 1613 824 1667 fassus
833 1611 941 1679 fuisset,
955 1608 1003 1664 alii
1013 1606 1133 1662 diversis
1143 1607 1236 1662 modis
1247 1623 1343 1678 poenas
1354 1607 1505 1664 dederuut.
1518 1608 1649 1681 Otgarius
1659 1607 1756 1663 humi-

68 1707 132 1760 liter
144 1704 258 1760 veniam
268 1707 368 1775 patens
379 1706 443 1775 post
456 1702 572 1757 brevem
583 1718 725 1758 carcerem
736 1701 871 1757 dimissus
886 1704 936 1755 est.
953 1698 1092 1754 Defuncto
1105 1697 1259 1765 Ludovico,
1270 1713 1343 1753 nova
1353 1698 1429 1754 inter
1438 1698 1512 1754 filios
1524 1698 1666 1754 discordia
1677 1713 1758 1754 exar-

69 1796 114 1863 sit,
128 1794 262 1850 Lotbario
281 1810 316 1849 eo
331 1794 478 1860 tendente,
494 1795 527 1848 ut
540 1792 704 1848 universum
719 1791 812 1848 Caroli
825 1789 920 1862 iiagni
934 1804 1058 1859 regnum
1073 1786 1127 1841 sibi
1137 1786 1305 1858 subjiceret;
1333 1789 1475 1845 ludovico
1490 1789 1647 1861 Caroloque
1661 1793 1758 1860 partes

70 1902 133 1939 suas
146 1885 201 1940 sibi
217 1884 435 1939 vindicantibus.
449 1883 509 1949 Qua
523 1882 553 1938 in
569 1882 629 1938 rixa
643 1882 775 1954 Otgarius
791 1879 896 1937 unitati
908 1876 1023 1949 imperii
1038 1876 1183 1931 servande
1195 1875 1306 1948 jugiter
1315 1877 1471 1945 studens,a
1488 1877 1614 1933 Lotharii
1629 1876 1759 1949 partibus

69 1980 95 2029 ct
110 1975 238 2031 Nikardo
253 1978 324 2030 teste
340 1975 393 2044 188)
406 1973 538 2029 omnium
552 1972 760 2029 infensissimus
779 1969 911 2027 Ludovici
930 1966 1092 2024 Germanici
1107 1966 1285 2021 adversarius
1299 1966 1362 2032 fuit,
1379 1965 1418 2020 ita
1431 1970 1463 2022 ut
1478 1966 1589 2022 devicto
1604 1967 1691 2022 etiam
1706 1967 1759 2021 Lo·

69 2065 166 2119 thar'ro
178 2080 244 2118 cum
256 2063 317 2119 aliis
329 2063 460 2134 ejusdem
473 2063 624 2118 rasailibus
639 2063 676 2117 ad
691 2063 823 2119 Rhenum
836 2061 978 2129 tenderet,
994 2072 1052 2128 quo
1068 2055 1243 2111 ludovicum
1252 2071 1269 2109 a
1279 2055 1446 2126 trajiciendo
1455 2054 1576 2111 flumine
1591 2056 1756 2127 impediret.

72 2155 129 2208 iles
145 2156 243 2207 autem
257 2168 317 2208 cum
331 2154 406 2208 male
420 2153 543 2220 cederet,
559 2153 722 2210 cludovici
736 2153 780 2207 ira
792 2151 913 2224 aufugit.
928 2152 994 2206 Post
1008 2151 1124 2219 pactum
1139 2144 1331 2201 Virodunense
1346 2145 1465 2201 demum
1481 2146 1510 2200 in
1524 2146 1648 2217 gratiam
1662 2146 1757 2201 Ludo-

68 2243 124 2298 rici
139 2242 234 2297 rediit.
249 2244 328 2299 Certe
340 2260 419 2299 anuo
431 2244 493 2312 845,
510 2243 671 2315 episcopale
687 2259 792 2298 munus
807 2242 988 2297 exercentem
1002 2241 1031 2294 et
1043 2237 1175 2294 Ludovici
1185 2236 1284 2293 favore
1299 2237 1444 2292 fruentem
1459 2237 1598 2294 videmus.

102 2416 197 2480 Quam
209 2416 286 2471 maie
302 2415 386 2471 tentis
398 2415 429 2471 in
442 2414 532 2471 turbis
545 2432 637 2490 eoque
650 2415 794 2472 barbariei
807 2418 938 2486 tempore
953 2413 1059 2468 habite
1073 2412 1182 2468 fuerint
1194 2411 1320 2468 ecclesie
1330 2422 1489 2486 carumque
1504 2414 1579 2471 bona
1592 2419 1621 2471 et
1635 2414 1761 2471 ministri

68 2506 113 2561 rix
125 2521 224 2577 opere
239 2505 365 2577 pretium
378 2509 432 2574 est,
448 2510 481 2561 ut
494 2521 529 2561 ex
539 2506 669 2577 ejusdem
683 2507 801 2578 epoche
810 2505 925 2578 synodis
937 2507 1158 2581 auctoribusque
1169 2508 1335 2580 probemus.
1351 2509 1420 2565 ilinc
1429 2508 1518 2580 igitur
1528 2510 1583 2566 ille
1592 2511 1627 2566 de
1639 2510 1761 2582 direptis

68 2595 195 2650 ecclesiis
209 2596 344 2667 querele.
360 2596 458 2667 Neque
471 2596 578 2651 mimm
599 2600 652 2663 est,
676 2595 824 2668 otgarium
845 2599 910 2667 post
929 2596 1030 2666 synodi
1046 2596 1320 2653 theodonisviiiane
1342 2603 1443 2654 contra
1462 2614 1491 2653 se
1511 2601 1540 2653 et
1552 2615 1618 2654 suos
1631 2600 1759 2677 decreta,

68 2686 96 2739 in
108 2685 286 2755 synodorum
297 2684 407 2756 judicie
420 2685 566 2740 invectum
579 2685 677 2755 fuisse,
694 2689 832 2757 tantaque
850 2685 886 2741 de
900 2684 1002 2741 formis
1014 2687 1189 2759 judiciorum
1208 2687 1239 2741 iu
1259 2688 1404 2760 episcopos
1423 2689 1621 2744 habendorum
1638 2706 1757 2760 conges-

67 2775 147 2843 sisse,
165 2791 232 2847 que
245 2776 287 2830 vei
302 2775 392 2831 ictum
405 2775 560 2830 ferendum
572 2780 745 2846 averterent,
760 2776 803 2830 vel
817 2774 911 2846 potius
923 2774 1015 2830 latum
1025 2775 1172 2848 inJ'ustitie
1182 2783 1347 2849 arguerent.
1358 2778 1459 2850 Aliqua
1468 2778 1556 2834 etiarn
1566 2784 1719 2835 occurrunt
1729 2778 1759 2836 in

67 2864 272 2933 hecretalihus,
286 2880 352 2936 que
365 2869 397 2920 ut
407 2865 532 2921 ostendit
544 2865 639 2921 dcfcle
655 2866 721 2937 (29),
741 2864 892 2937 perspicue
905 2864 973 2919 setis
986 2866 1110 2922 Ebbonis
1128 2867 1335 2923 confessionem
1353 2872 1439 2940 atquc
1455 2867 1664 2940 depositionem
1679 2868 1754 2924 indi-

68 2953 162 3025 gitare
176 2954 340 3009 rideantur.
366 2955 430 3010 ileo
451 2953 529 3011 enim
548 2954 647 3010 scribit
663 2955 933 3012 Pseudoalexauder
953 2958 1006 3027 188)
1028 2973 1035 3011 :
1057 2980 1070 3007 ι
1090 2956 1229 3012 Similiter
1245 2957 1267 3011 si
1288 2957 1455 3029 hujusmodi
1474 2958 1603 3029 personis
1626 2958 1759 3030 quedam

66 3045 219 3116 scripture
228 3062 345 3118 quoquo
356 3047 442 3103 modo
454 3063 505 3119 per
518 3052 637 3117 metum,
652 3047 784 3103 fraudem
798 3053 847 3102 aut
858 3064 909 3119 per
921 3047 979 3102 vim
994 3051 1113 3104 cxtorie
1129 3048 1246 3119 fuerint,
1260 3049 1304 3104 vel
1314 3053 1347 3104 ut
1361 3065 1390 3104 se
1407 3047 1530 3103 liberare
1547 3049 1668 3119 possint,
1688 3063 1758 3120 quo·

66 3151 182 3207 cunque
196 3136 234 3189 ab
248 3136 288 3191 cis
300 3136 469 3208 conscriptae
483 3137 524 3192 rel
539 3135 682 3192 roborate
696 3136 804 3192 fuerint
816 3137 944 3208 ingenio,
960 3139 995 3193 ad
1005 3139 1115 3192 nulium
1130 3139 1169 3194 eis
1184 3138 1386 3210 prejudicium
1400 3140 1449 3193 aut
1463 3141 1644 3193 momentum
1658 3154 1758 3210 pervc-

68 3226 129 3279 uire
142 3240 306 3297 censemus,
318 3242 415 3298 nequo
425 3225 516 3281 ullam
526 3224 567 3283 eis
578 3225 727 3281 infamiam
737 3226 782 3281 vel
790 3228 963 3283 calumniam
975 3231 1024 3284 aut
1034 3244 1051 3283 a
1061 3229 1119 3283 suis
1129 3230 1389 3300 sequestrationem
1400 3228 1492 3298 bonis,
1503 3244 1633 3300 unquam
1643 3231 1760 3284 auctore

68 3316 124 3370 beo
139 3318 170 3370 et
181 3316 288 3371 sanctis
301 3316 438 3388 apostolis
450 3332 609 3389 eorumque
622 3315 831 3372 successoribus
843 3304 988 3374 sustinere
996 3317 1198 3391 permittimus.
1214 3341 1228 3368 ιι
1244 3321 1304 3373 imo
1314 3317 1448 3392 quedam
1463 3319 1657 3375 Decretoiibus
1667 3319 1760 3376 inesse

68 3405 152 3460 nobis
163 3406 301 3463 ridentur
313 3422 349 3463 ex
359 3407 405 3477 iis,
424 3423 488 3479 que
503 3406 540 3462 ad
554 3406 676 3479 primam
690 3405 787 3462 sedem
802 3406 969 3479 respiciunt,
989 3408 1066 3480 quod
1080 3424 1097 3463 a
1109 3408 1224 3464 nemine
1234 3409 1389 3480 judicetur,
1405 3426 1469 3482 que
1482 3410 1517 3465 ab
1534 3409 1609 3465 illius
1621 3410 1760 3481 temporis

70 3495 218 3551 crantibus
230 3496 386 3569 pendeant.
400 3497 553 3569 Gregorius
563 3512 671 3569 nempe
683 3497 727 3567 lV,
748 3501 780 3553 ut
798 3512 896 3568 pacem
917 3496 992 3552 inter
1008 3500 1120 3569 patrem
1138 3498 1266 3572 filiosque
1281 3499 1449 3556 conciliaret
1470 3516 1504 3555 er
1516 3500 1596 3557 ltalia
1609 3499 1759 3571 accedam,

68 3600 139 3639 cum
153 3601 171 3640 a
184 3585 316 3643 Lothario
331 3589 459 3643 retentus
471 3586 537 3642 filiis
547 3587 643 3642 favere
656 3586 811 3654 videretur,
825 3586 855 3642 in
868 3603 936 3641 eum
953 3587 1169 3644 insurrexerunt
1181 3589 1339 3645 Germaniae
1352 3590 1500 3662 presules,
1516 3591 1565 3663 qui
1580 3607 1614 3647 er
1626 3590 1760 3647 ludovici

68 3674 199 3745 partibus
213 3676 337 3744 stabant,
351 3677 380 3732 et
393 3692 427 3731 eo
443 3675 586 3750 progressi
600 3681 676 3747 sunt,
694 3680 724 3730 ut
743 3676 883 3749 pontilicis
896 3677 1221 3734 excommunicationem
1235 3679 1415 3735 molirentur.
1436 3681 1498 3735 tam
1513 3683 1582 3736 tunc
1596 3681 1761 3738 factumest

69 3772 99 3820 ut
110 3767 201 3833 ti'ala,
217 3765 396 3822 Gorbeiensis
411 3767 505 3837 abbas,
523 3782 609 3839 quem
621 3782 708 3839 supra
725 3766 799 3823 inter
812 3766 938 3822 filiorum
952 3767 1066 3822 asseclis
1077 3768 1302 3839 nominavimus,
1318 3770 1446 3841 pontifici
1462 3771 1591 3843 syllogcn
1604 3773 1760 3843 quamdam

67 3855 276 3911 ructaritatum
288 3872 314 3911 a.
326 3859 376 3913 888
391 3856 516 3927 offerret,
526 3856 630 3928 quibus
644 3856 773 3929 pontifici
786 3872 904 3912 omnem
913 3857 942 3912 li.
956 3856 1031 3912 Petri
1041 3857 1241 3914 alletoritatem
1251 3858 1437 3914 excellentem
1449 3863 1477 3915 et
1486 3862 1655 3931 potestatem
1665 3860 1759 3916 viram

67 3946 175 4013 inesse,
190 3947 288 4019 ipsum
300 3962 400 4003 omnes
410 3946 539 4017 judicare
559 3949 588 4003 ct
601 3963 617 4003 a
632 3945 881 4019 neminejudicari
899 3947 1074 4004 ostenderet.
1094 3948 1243 4020 Ejusmodi
1258 3964 1342 4020 porro
1362 3947 1453 4004 serius
1470 3951 1499 4005 ιι
1518 3947 1641 4004 isidorus
1659 3953 1760 4006 noster

68 4037 230 4108 congessit.

101 4183 184 4235 Alter
207 4180 282 4246 finis,
309 4194 396 4252 quem
418 4182 653 4239 Pseudoisidorus
674 4183 728 4239 sibi
751 4183 908 4256 proposuit,
933 4199 985 4238 uec
1009 4183 1105 4239 minus
1129 4183 1224 4239 Levita
1246 4183 1413 4240 Benedictus
1432 4184 1584 4256 promovit,
1604 4183 1627 4239 is
1641 4190 1713 4253 erat,
1728 4192 1761 4243 nt

67 4270 249 4337 dicebamus,
264 4273 297 4325 ut
308 4269 482 4342 primatialis
497 4289 569 4344 pure
581 4274 706 4331 ecclesie
720 4274 893 4346 lioguutinaa
906 4273 1075 4345 vindicaret,
1090 4273 1196 4329 similia
1210 4273 1276 4344 illis,
1290 4274 1395 4346 quibus
1405 4273 1593 4345 metropolite
1608 4273 1757 4348 Carthagi·

68 4359 178 4418 niensis
191 4360 223 4414 in
237 4359 341 4431 Africa,
355 4359 454 4417 vicarii
467 4362 606 4434 pontificii
619 4364 681 4420 aliis
695 4364 726 4420 in
744 4364 873 4438 partibus
884 4364 1091 4436 patriarchatus
1106 4363 1230 4420 Romani
1246 4363 1426 4420 fruebantur.
1443 4366 1533 4429 Quam
1546 4363 1682 4436 preclare
1695 4366 1759 4422 hec

70 4453 97 4505 in
111 4448 270 4521 Otgarium
282 4449 425 4522 quadrent
438 4451 610 4524 videbimus,
620 4454 644 4510 si
657 4471 674 4509 a
690 4456 718 4511 S.
736 4454 881 4510 Bonifacio
896 4469 986 4525 usque
1001 4454 1036 4509 ad
1050 4454 1155 4525 ipsum,
1171 4468 1305 4525 qaenam
1319 4453 1405 4525 hujus
1418 4452 1566 4525 dignitatis
1579 4453 1688 4510 insede
1701 4456 1759 4511 ilo·

70 4542 194 4614 guntina
218 4557 279 4596 sors
303 4541 400 4612 fuerit,
425 4541 613 4616 inquiramus.
637 4544 837 4602 sanctissimus
858 4544 905 4598 illo
925 4543 1086 4599 Germauie
1106 4542 1284 4615 apostolusa
1306 4543 1444 4599 Zacharia
1465 4560 1540 4616 papa
1563 4544 1759 4617 iloguutiuam

70 4632 169 4688 sedem
181 4632 213 4687 in
228 4631 411 4704 metropolim
424 4636 553 4690 evectam
565 4635 683 4707 accepit,
698 4635 744 4691 cui
761 4633 969 4706 subjicerentur
984 4632 1115 4688 Ecclesie
1127 4632 1310 4705 Tongrensis,
1326 4633 1515 4704 Coloniensis,
1530 4635 1758 4704 wormaciensis,

69 4724 226 4795 Spirensis,
240 4723 425 4795 TraJ'ecteusis
439 4726 469 4779 et
482 4740 582 4782 omnes
594 4724 646 4796 iili,
660 4725 710 4798 qui
725 4726 760 4781 ab
775 4741 809 4781 eo
823 4723 952 4780 conversi
967 4724 1093 4790 fuerant,
1108 4722 1270 4780 Germanice
1284 4722 1394 4795 popuii,
1411 4739 1515 4796 nempe
1529 4728 1658 4780 recenter
1676 4725 1711 4780 ab
1726 4741 1767 4809 eo,

69 4818 174 4869 erecte
201 4814 286 4870 sedes
310 4813 530 4887 ilerbipolensis,
556 4816 792 4887 bureburgensis,
818 4815 1001 4886 Erfurtensis,
1033 4815 1256 4886 Eichstettensis,
1286 4815 1389 4889 quibus
1422 4816 1563 4887 posterius
1587 4820 1759 4889 Augustana,

68 4903 306 4972 constantiensis,
326 4903 481 4975 Curiensis,
501 4905 750 4977 argentoratensis
769 4909 961 4963 accesserunt.
981 4907 1049 4972 Que
1071 4911 1195 4978 potestas
1211 4922 1277 4962 vere
1298 4905 1466 4978 primatialis
1484 4908 1555 4973 erat,
1574 4921 1640 4961 cum
1659 4922 1761 4962 omnes

69 4996 193 5065 integre
209 4993 334 5049 nationis
353 4994 479 5050 ecclesie
490 4994 664 5067 ifoguntine
678 4995 897 5067 subjicerentur.
918 4999 982 5054 ifox
1003 5003 1113 5071 tamen,
1134 4999 1252 5054 sedente
1275 4995 1354 5052 bullo
1375 4996 1510 5052 Bonifacii
1531 5013 1702 5065 successore,
1723 4997 1760 5054 ab

69 5084 216 5139 iladriauo
231 5083 381 5140 {diecesis
406 5085 594 5156 'trajectensis
608 5102 626 5142 a
638 5086 787 5158 metropoli
801 5089 948 5163 iioguntia
957 5089 1046 5147 divisa
1061 5093 1104 5146 est
1116 5095 1145 5147 et
1157 5087 1318 5146 Coloniensi
1332 5086 1457 5144 ecclesie
1471 5085 1607 5159 subjecta.
1627 5089 1686 5144 imo
1707 5104 1759 5160 po·

69 5178 158 5230 testas
169 5173 223 5231 iila
237 5174 334 5232 sicarii
343 5175 492 5249 apostolici
506 5179 536 5234 et
549 5175 680 5248 primatis
691 5193 751 5233 nou
766 5177 881 5238 videtur
893 5181 929 5238 ed
947 5180 1084 5237 Bonifacii
1100 5196 1277 5238 successores
1290 5177 1447 5250 transiisse,
1462 5181 1494 5235 ut
1506 5179 1622 5253 egregie
1635 5177 1760 5237 ostendit

68 5584 140 5641 sixti
160 5585 185 5640 li
207 5599 253 5657 ep.
276 5589 300 5640 1.
321 5586 419 5644 Felicis
436 5589 446 5643 l
465 5604 512 5661 ep.
535 5593 556 5644 1.
580 5591 747 5648 Benedictus
765 5591 861 5649 Levita
875 5594 893 5647 i.
982 5593 1046 5711 im
1064 5592 1166 5649 ilistor.
1182 5595 1214 5649 ll.
1232 5599 1257 5650 7.
1274 5596 1355 5651 Perta
1367 5594 1400 5649 ll.
1415 5595 1477 5648 858.

68 5674 96 5711 ιι.
111 5672 181 5712 can.
197 5658 262 5723 888,
282 5659 346 5714 881.
361 5659 408 5715 ill.
430 5660 450 5715 l.
472 5662 516 5730 88,
530 5664 574 5731 88,
593 5665 652 5733 ibt,
669 5666 729 5733 171,
746 5663 809 5735 811,
831 5666 894 5735 bil,
984 5667 1034 5731 ,88)
1049 5664 1078 5718 l..
1091 5681 1127 5733 c.,
1142 5682 1171 5737 p.
1187 5669 1249 5722 err.

71 5731 133 5799 ιιι,
146 5729 214 5784 ιιι.
439 5773 441 5777 .
983 5734 1037 5809 (ao)
1051 5737 1100 5808 up.
1120 5739 1142 5791 ι.
