3870 6150
573 277 713 335 APPEND.
734 276 777 333 nb
796 279 878 335 SAEC.
900 277 1139 338 tx.-1s100}t1
1158 273 1370 336 liEllCATORlS

402 578 706 674 PRAEFATIO
740 580 953 674 lSlDOlll
986 580 1044 674 IN
1079 581 1333 691 SEQUENS
1366 580 1525 674 OPUS.

159 838 287 894 lsrooaos
298 852 395 893 servus
407 836 512 893 Christi
530 838 629 895 lectori
643 855 842 897 conservosuo
853 842 882 897 et
893 856 941 912 pa·
951 841 1048 927 Asine
1068 856 1133 913 qua
1158 845 1253 912 antea,
1268 857 1319 897 seu
1338 856 1403 915 quae
1425 838 1610 912 postmodum
1633 838 1706 893 lacta
1728 839 1805 906 sunt,

124 931 199 987 renti
213 930 244 986 in
258 930 379 985 Domino
392 930 469 986 fideli
488 933 618 989 salntem.
990 933 1042 989 sub
1058 934 1157 991 ordine
1171 949 1357 990 numerorum
1373 950 1406 988 ac
1424 936 1590 1006 temporum
1602 931 1732 1002 capitulis
1749 929 1806 985 suis

159 1024 348 1096 Compellora
362 1024 461 1080 multis
481 1029 540 1081 tam
560 1027 697 1100 episcopis
717 1043 804 1099 quam
823 1026 940 1100 reliquis
989 1026 1122 1084 distincta
1149 1028 1201 1084 sub
1229 1028 1314 1100 hujus
1337 1027 1488 1082 voluminis
1515 1030 1635 1098 aspectu
1666 1024 1805 1092 locamus,

35 1151 39 1162 ·
124 1117 212 1174 serris
233 1115 337 1173 Christi
361 1134 503 1174 canonum
526 1120 679 1176 sententias
703 1122 844 1194 colligere,
860 1125 889 1178 et
909 1120 939 1176 in
990 1121 1170 1193 subjicientes
1188 1121 1275 1178 edam
1299 1122 1408 1193 reliqua
1438 1121 1551 1176 decreta
1573 1119 1729 1190 presulum
1749 1118 1806 1172 Ro-

124 1227 182 1268 uno
197 1209 340 1267 volumine
354 1211 496 1284 redigere,
511 1216 541 1268 et
558 1213 594 1269 de
612 1214 708 1270 mrdtis
728 1232 817 1272 unum
836 1215 937 1272 lacere·
989 1231 1141 1271 manorum
1152 1231 1243 1288 usque
1253 1215 1290 1272 ad
1299 1220 1429 1270 sanctum
1439 1212 1619 1283 Gregorium,
1630 1215 1659 1267 et
1667 1211 1806 1283 quasdam

124 1304 180 1361 Sed
193 1305 246 1360 boc
258 1304 363 1378 oppido
376 1306 538 1374 conturbat,
550 1306 756 1378 quoddirersae
772 1309 939 1381 interprete·
989 1308 1125 1380 epistolas
1142 1309 1230 1380 ipsius
1253 1309 1282 1365 in
1302 1309 1405 1381 quibus
1427 1324 1477 1379 pro
1499 1306 1624 1362 culmine
1646 1305 1721 1360 sedis
1741 1321 1809 1376 apo-

122 1398 214 1455 tiones
236 1399 327 1455 varias
349 1397 503 1455 sententias
524 1399 643 1472 iaciunt,
670 1406 699 1458 et
719 1402 785 1459 licet
805 1420 879 1458 unus
904 1403 940 1458 sit
990 1402 1094 1459 stolicoe
1119 1419 1176 1457 non
1195 1402 1289 1474 impar
1311 1399 1498 1458 conciliorum
1524 1402 1617 1456 exstat
1644 1397 1806 1466 auctoritas,

121 1509 232 1563 sensus,
249 1492 369 1549 diverse
387 1498 483 1549 tamen
504 1498 571 1549 sunt
589 1495 748 1565 sententie,
762 1499 790 1552 et
804 1497 867 1552 aliae
881 1497 939 1552 lon·
989 1501 1129 1569 quatenus
1148 1495 1325 1552 ecclesiastici
1338 1495 1446 1551 ordinis
1467 1494 1616 1565 disciplina
1632 1493 1662 1547 in
1684 1507 1809 1547 unuma

122 1586 227 1659 giores,
240 1587 303 1642 alia
317 1585 468 1643 breviores.
483 1588 521 1644 Ea
533 1603 600 1642 vero
619 1588 739 1645 concilia
760 1606 825 1662 quae
843 1590 939 1645 Graeco
989 1590 1072 1646 nobis
1085 1595 1181 1645 coacta
1199 1592 1284 1661 atque
1307 1589 1416 1661 digesta
1437 1591 1466 1644 et
1487 1587 1576 1643 sancti
1594 1586 1730 1659 praesules
1754 1601 1807 1658 pa-

123 1686 190 1737 sunt
201 1680 277 1736 edita
294 1680 376 1752 stylo,
390 1680 511 1752 amplius
526 1697 613 1752 quam
633 1681 781 1755 tripliciter
799 1686 849 1739 aut
867 1700 938 1756 qua·
989 1683 1076 1740 ternis
1094 1684 1279 1740 instituantur
1302 1682 1419 1756 regulis,
1438 1687 1468 1738 et
1486 1680 1650 1738 obedientes
1675 1678 1808 1735 Ecclesiae

123 1773 291 1847 drupliciter
303 1773 488 1846 interpretata
502 1778 589 1847 atque
601 1777 760 1849 conscripta
768 1776 938 1849 reperimus.
989 1778 1113 1834 ministri
1131 1777 1174 1832 vel
1191 1776 1289 1850 populi
1309 1775 1501 1848 spiritualibus
1522 1774 1690 1830 imbuantur
1709 1788 1807 1828 exem-

122 1868 202 1933 Quod
220 1867 244 1922 si
258 1867 360 1923 veritas
372 1871 415 1923 est
428 1869 582 1940 querenda
596 1885 611 1924 e
623 1870 761 1942 pluribus,
776 1872 940 1926 Graecorum
991 1871 1054 1944 plis,
1068 1877 1097 1927 et
1115 1887 1172 1925 nou
1190 1871 1333 1926 malorum
1352 1870 1504 1925 hominum
1524 1866 1710 1939 pravitatibus
1730 1865 1808 1920 deci·

122 1976 278 2033 sequamur
303 1961 418 2032 stylum,
444 1977 602 2034 eorumque
632 1963 778 2019 imitemur
805 1963 940 2020 dictiones
990 1965 1114 2038 piantur.
1129 1964 1207 2021 ldulti
1216 1964 1304 2035 enim,
1315 1963 1453 2036 pravitate
1466 1965 1494 2019 et
1504 1960 1658 2033 cupiditate
1669 1958 1808 2030 depressi,

121 2059 206 2128 atque
226 2052 412 2126 exemplaria3
433 2055 477 2110 sin
496 2056 603 2126 minus,
619 2055 672 2129 ipsi
686 2057 877 2129 dicantatque
891 2074 940 2113 ex·
990 2061 1155 2115 accusantes
1186 2058 1344 2114 sacerdotes
1377 2056 1588 2128 oppresserunt.
1619 2053 1685 2110 ldeo
1715 2051 1809 2107 sancti

31 2140 39 2159 '
121 2151 232 2220 ponant
253 2147 356 2218 quibus
375 2149 419 2202 tot
439 2151 507 2202 sunt
529 2150 704 2220 exemplaria
725 2139 796 2222 quot
818 2150 939 2206 codices.
991 2153 1086 2209 Patres
1108 2152 1184 2224 leges
1208 2152 1421 2208 constituerunt
1446 2165 1516 2221 quas
1543 2149 1654 2203 sanctos
1681 2162 1808 2201 canones

121 2238 207 2297 Nobis
222 2243 318 2295 tamen
333 2239 455 2310 videtur,
471 2256 538 2295 cum
552 2240 583 2296 in
602 2246 701 2298 nostro
720 2220 1215 2318 discrepaverintBappellaverunt.
1242 2244 1320 2301 ldulti
1349 2259 1418 2315 ergo
1448 2241 1553 2296 idcirco
1577 2241 1645 2295 alios
1664 2242 1807 2307 accusant,

123 2349 264 2402 sermone,
275 2338 308 2388 ut
321 2331 423 2404 unitas,
440 2338 469 2390 et
479 2334 581 2390 veritas
594 2334 630 2390 ab
643 2335 710 2407 ipsis
725 2335 879 2409 quaerenda
893 2336 939 2404 sit,
989 2342 1023 2394 ut
1040 2355 1070 2395 se
1084 2355 1136 2411 per
1147 2337 1209 2394 illos
1227 2341 1369 2406 excusent,
1383 2340 1434 2392 aut
1453 2351 1553 2391 eorum
1572 2333 1654 2390 bonis
1667 2333 1806 2388 ditentur.

123 2444 248 2501 quorum
270 2427 369 2499 lingua
388 2426 466 2483 edita
483 2444 545 2484 esse
562 2431 729 2485 noscuntur.
748 2429 828 2495 Quod
847 2435 876 2485 et
887 2445 940 2486 nos
989 2432 1120 2504 Plerique
1140 2447 1206 2487 rere
1227 2431 1294 2487 boni
1315 2429 1468 2487 Christiani
1487 2434 1638 2501 propterea
1660 2430 1763 2494 tacent,
1779 2429 1810 2481 et

121 2522 250 2591 fecimus,
265 2523 294 2577 et
306 2521 379 2576 sicut
390 2536 407 2574 a
419 2520 491 2576 veris
505 2537 604 2578 corum
617 2522 775 2595 reperimus
787 2522 938 2594 magistris,
990 2530 1106 2598 portant
1128 2526 1250 2581 aliorum
1272 2526 1389 2596 peccata
1409 2539 1474 2596 quae
1494 2525 1646 2591 noverunt,
1667 2520 1736 2592 quia
1758 2519 1807 2574 do·

122 2615 152 2671 in
165 2614 309 2672 volumine
324 2614 369 2670 cui
379 2615 441 2670 hac
453 2615 629 2688 preponitur
640 2615 855 2688 prefatiuncula
868 2616 940 2672 inse·
990 2618 1132 2677 cumsntis
1144 2635 1219 2691 sape
1231 2619 1402 2674 deseruntur
1414 2617 1517 2689 quibus
1530 2632 1563 2672 ea
1574 2631 1638 2687 qua
1649 2614 1703 2689 ipsi
1714 2613 1809 2668 sciunt

121 2724 185 2766 rere
203 2708 372 2766 curarimus.
386 2709 483 2764 Canon
503 2711 599 2765 autem
613 2710 719 2779 Graece,
734 2710 831 2765 Latine
844 2710 940 2780 reputo
986 2713 1131 2787 J'udicibus
1140 2711 1334 2768 ecclesiasticis
1345 2711 1465 2783 probare
1472 2726 1530 2766 non
1536 2713 1663 2782 possunt,
1672 2707 1809 2779 quoniam

122 2807 313 2874 nuncupatur.
336 2802 445 2873 Regula
458 2806 554 2858 autem
567 2802 644 2858 dicta
658 2804 736 2876 quod
756 2808 833 2859 recte
851 2802 938 2874 ducit,
989 2807 1056 2863 ticet
1068 2823 1137 2862 vera
1160 2806 1217 2861 sint
1237 2806 1380 2877 quiedam,
1394 2820 1452 2860 uon
1472 2807 1569 2858 tamen
1589 2801 1733 2873 judicibus
1747 2816 1806 2855 cre-

122 2913 175 2952 nec
189 2895 343 2969 aliquando
363 2894 498 2950 aliorsum
518 2895 615 2951 trahit.
638 2895 694 2952 Alii
713 2896 844 2953 dixemut
857 2913 940 2968 regu·
991 2900 1086 2957 denda
1098 2903 1173 2970 sunt,
1188 2899 1245 2956 nisi
1257 2915 1322 2972 qua
1335 2897 1420 2954 certis
1437 2895 1547 2951 indiciis
1567 2895 1808 2960 demonstrantur,

120 2991 180 3047 lam
190 2989 294 3045 dictam
304 2989 348 3045 vel
359 2989 438 3061 quod
451 2993 543 3060 regat,
551 2990 597 3044 vel
607 2990 682 3063 quod
689 3006 820 3047 normam
827 2990 941 3047 visendi
989 2994 1045 3050 nisi
1060 3011 1124 3068 quaa
1145 2992 1296 3049 manifesto
1315 2991 1424 3064 judicio
1444 2989 1660 3055 convincuntur,
1673 2987 1728 3042 nisi
1743 3003 1808 3058 quae

122 3084 257 3156 praebeat,
273 3083 330 3139 sive
343 3082 419 3155 quod
434 3082 585 3138 distortum
601 3099 777 3156 pravumque
796 3085 865 3156 quid
876 3099 940 3140 cor·
967 3107 969 3112 ·
988 3087 1139 3160 Judiciario
1154 3086 1253 3142 ordine
1266 3069 1455 3158 publicantur.
1472 3083 1568 3141 Nullus
1588 3082 1665 3136 enim
1682 3081 1731 3152 qui
1751 3079 1809 3134 suis

122 3178 208 3250 rigat.
222 3176 368 3250 synodum
381 3180 478 3232 autem
493 3191 526 3232 ex
540 3176 637 3232 Graeco
655 3177 838 3250 interpretari
859 3179 939 3233 comi-
991 3181 1077 3237 rebus
1095 3185 1137 3236 est
1157 3180 1301 3252 spoliatus,
1315 3182 1365 3234 aut
1382 3178 1477 3233 asede
1502 3175 1617 3249 propria
1636 3174 1663 3229 vi
1687 3176 1736 3228 aut
1751 3177 1808 3227 ter·

122 3275 211 3329 catum
225 3269 268 3327 vel
281 3275 386 3327 cotum.
400 3269 558 3327 Concilium
567 3286 634 3326 vero
648 3286 757 3327 nomen
769 3274 891 3327 tractum
906 3287 941 3327 ex
991 3291 1055 3330 rore
1083 3275 1190 3346 pulsus,
1210 3276 1366 3344 antequam
1392 3270 1488 3326 omnia
1515 3268 1568 3325 sibi
1595 3268 1687 3323 ablata
1713 3266 1739 3319 ci
1765 3266 1809 3320 le-

123 3364 270 3421 communi
285 3363 454 3432 intentione,
470 3379 503 3419 ee
516 3363 593 3436 quod
607 3364 638 3420 in
650 3380 740 3420 uuum
759 3381 859 3421 omnes
872 3363 941 3420 diri-
992 3367 1075 3441 gibus
1087 3366 1283 3435 restituantur,
1300 3367 1328 3420 et
1343 3365 1402 3437 ipse
1416 3363 1536 3438 pacisscc
1554 3362 1603 3418 diu
1620 3359 1677 3416 suis
1694 3358 1812 3413 truatur

124 3462 195 3533 gant
216 3456 320 3515 mentis
344 3457 486 3514 obtutum.
508 3457 579 3513 Gilia
600 3456 678 3513 enim
696 3458 846 3514 ocrrlorum
864 3460 940 3513 sunt.
991 3461 1161 3530 bonoribus,
1184 3459 1301 3532 sedique
1328 3458 1444 3532 proprie
1471 3455 1640 3531 regulariter
1662 3451 1812 3508 restitutus

123 3549 940 3624 Undeetquisibimetdissentiunt,nenegantconcilium,
993 3555 1055 3627 ejus
1073 3555 1164 3610 multo
1191 3558 1320 3626 tempore
1343 3553 1431 3609 libere
1449 3551 1574 3624 potietur
1593 3549 1710 3613 honore,
1728 3545 1811 3616 juxta

126 3645 194 3718 quia
205 3660 265 3702 non
278 3643 408 3702 sentiunt
420 3643 626 3700 unumcoeus
640 3660 707 3702 vero
721 3650 877 3702 conventus
890 3649 942 3713 est,
993 3648 1160 3706 canonicam
1180 3646 1317 3714 accusari,
1338 3644 1442 3714 vocari,
1460 3639 1584 3714 judicari
1610 3645 1660 3695 aut
1681 3635 1810 3694 damnari

124 3739 168 3796 vel
189 3739 375 3812 congregatio
395 3755 414 3793 a
434 3739 574 3810 coeundo,
591 3738 622 3794 id
640 3743 683 3795 est
703 3739 897 3797 conveniendo
914 3737 944 3794 in
993 3742 1203 3799 institutionem
1220 3757 1281 3797 non
1301 3741 1403 3812 potest.
1421 3735 1502 3793 Unde
1517 3739 1545 3789 et
1559 3731 1750 3788 ecclesiastica
1761 3731 1808 3786 lli·

126 3832 314 3905 nnum,unde
328 3834 522 3889 etconrentus
535 3836 779 3906 estnuncupatus,
793 3833 869 3905 quod
882 3848 943 3888 om·
993 3835 1090 3904 storia,
1114 3833 1149 3888 ab
1174 3831 1295 3888 Eusebio
1316 3827 1481 3886 Cannensi
1507 3826 1639 3899 episcopo
1669 3825 1809 3893 coniecta,

125 3942 175 3983 nes
196 3926 234 3982 ibi
249 3926 431 3994 conveniunt,
447 3925 520 3982 sicut
539 3931 704 3994 conventus,
718 3931 806 3982 coetus
818 3924 862 3980 vel
876 3939 943 3979 con·
993 3927 1030 3983 de
1042 3926 1162 3982 muliere
1175 3924 1300 3996 quadam
1316 3939 1380 3996 qua
1395 3938 1446 3995 pro
1460 3919 1589 3980 castitate
1610 3937 1628 3974 e
1642 3919 1747 3974 marito
1762 3933 1809 3973 ac·

125 4021 225 4078 cilium
236 4038 254 4075 a
265 4020 399 4076 societate
410 4019 568 4075 multorum
583 4018 613 4073 iu
627 4034 728 4074 unum.
994 4018 1145 4075 cusabatur
1165 4016 1206 4073 ait
1225 4033 1233 4072 t
1254 4035 1269 4071 c
1290 4017 1479 4089 Praeceptum,
1494 4014 1538 4070 vet
1561 4011 1748 4069 interdictum
1768 4014 1811 4065 est

162 4115 193 4167 ln
215 4111 441 4184 principiorem
461 4110 616 4166 voluminis
635 4109 943 4182 hujusqualitercon·
994 4112 1031 4168 ab
1053 4111 1225 4184 imperatore
1247 4110 1313 4182 lege
1332 4111 1399 4180 lata,
1423 4114 1454 4164 ut
1476 4107 1570 4179 primo
1595 4105 1811 4178 permitteretur

126 4205 222 4262 cilium
259 4204 335 4277 apud
358 4220 424 4259 -nos
461 4202 620 4260 celebratur
650 4203 809 4276 posuimus,
833 4207 866 4260 ut
895 4204 945 4278 qui
995 4204 1021 4262 ei
1049 4221 1113 4261 rem
1141 4203 1310 4260 familiarem
1336 4203 1425 4259 libere
1450 4201 1555 4258 diutius
1582 4198 1725 4266 ordinare,
1748 4200 1811 4251 tum

127 4301 258 4356 nostrum
283 4296 413 4354 ordinem
437 4297 516 4370 sequi
534 4296 686 4367 voluerint,
707 4296 799 4354 sciant
824 4297 946 4372 qualiter
995 4299 1099 4356 deinde
1112 4298 1296 4371 responderet
1311 4296 1436 4368 objectis.
1453 4318 1467 4346 »
1482 4295 1531 4350 llae
1546 4309 1646 4350 omnes
1659 4292 1738 4362 leges
1750 4295 1810 4345 tam

126 4393 181 4450 hoc
201 4409 287 4465 agere
310 4391 444 4449 debeant.
465 4391 518 4457 Qui
539 4394 637 4448 autem
662 4392 717 4448 boc
736 4407 821 4464 agere
842 4392 946 4448 malim
995 4393 1190 4450 ecclesiasticae
1215 4406 1301 4463 quam
1325 4393 1354 4446 et
1372 4389 1503 4462 vulgares
1530 4387 1707 4459 publicaeque
1736 4398 1808 4453 prae-

127 4487 276 4561 elegerint,
302 4485 409 4541 lauant
435 4485 512 4559 quod
536 4485 614 4556 justo
640 4485 832 4559 canonicoque
860 4489 946 4559 atque
995 4487 1115 4560 cipiunt.

129 4579 337 4654 sapientissimo
368 4577 487 4635 consilio
511 4578 713 4651 judicaverint.
734 4580 861 4653 Denique
880 4596 945 4653 pro·
1032 4582 1212 4638 llorumrero
1220 4577 1420 4635 concinnantia
1428 4571 1813 4647 siomniaponerentur,ante

60 4695 65 4703 ⁸
129 4679 194 4748 pter
221 4689 322 4731 eorum
349 4672 547 4731 auctoritatem
577 4673 688 4729 certeris
717 4673 841 4730 concdiis
872 4690 945 4746 pra·
997 4677 1153 4735 dellcersnt
1174 4674 1251 4744 dies,
1272 4678 1300 4730 et
1326 4672 1412 4729 nimis
1439 4670 1549 4746 prolixa
1574 4670 1655 4724 iteret
1682 4666 1812 4738 epistola.

129 4767 276 4842 posuimus
296 4783 419 4823 canones
442 4765 491 4841 qui
512 4767 648 4823 dicuutur
663 4768 867 4839 apostolorum,
882 4767 948 4824 licet
997 4773 1037 4829 Ex
1055 4769 1185 4842 pluribus
1207 4772 1306 4824 tamen
1328 4767 1422 4839 aliqua
1444 4765 1490 4820 bic
1517 4762 1554 4818 ad
1579 4759 1813 4834 provocationem

130 4861 325 4936 aquibusdam
335 4860 491 4935 apocryphi
502 4860 640 4929 dicantur,
649 4861 785 4934 quoniam
794 4861 890 4934 plures
899 4877 949 4918 eos
997 4864 1119 4921 aliorum
1136 4863 1262 4920 inserere
1277 4859 1476 4933 judicavimus.
1496 4856 1543 4912 Ait
1561 4870 1687 4927 namque
1701 4858 1816 4908 sanctus

130 4955 283 5028 recipiunt,
303 4959 333 5011 et
353 4955 443 5011 sancti
456 4955 554 5011 Patres
570 4970 669 5010 sorum
691 4956 844 5012 sententias
861 4972 947 5028 syrio·
958 4960 988 5035 D
998 4959 1053 5015 Leo
1073 4959 1208 5014 Romanae
1225 4953 1357 5013 Ecclesia
1369 4952 1486 5008 antistes
1507 4951 1538 5008 in
1560 4948 1680 5022 epistola
1698 4946 1813 5003 Chalce-

131 5051 186 5108 dali
207 5052 373 5107 auctoritate
400 5051 618 5122 roboraverunt,
647 5055 676 5107 et
700 5051 775 5107 inter
796 5053 948 5109 canonicas
997 5047 1118 5105 donensi
1138 5044 1258 5102 concilio
1279 5043 1376 5112 missa,
1401 5041 1482 5113 cnjus
1504 5039 1618 5096 initium
1640 5041 1703 5093 est:
1724 5057 1739 5085 «
1760 5036 1815 5090 Leo

130 5147 289 5219 posuerunt
304 5143 530 5201 constitutiones.
552 5144 658 5201 Deinde
679 5145 866 5217 quarumdam
887 5146 947 5218 epi·
998 5141 1145 5215 episcopus
1166 5137 1275 5212 synodo
1294 5133 1528 5193 Chalcedonensi.
1549 5133 1721 5205 Optaveram
1750 5128 1813 5201 qui·

130 5240 268 5297 stotarum
280 5239 393 5295 decreta
404 5239 529 5297 rirorum
541 5238 762 5311 apostolicorum
783 5238 948 5295 interserui·
998 5236 1074 5304 dem,
1089 5231 1276 5302 dilectissimi,
1291 5251 1305 5281 ν
1323 5234 1351 5286 et
1363 5233 1474 5286 cetera.
1495 5229 1525 5283 ln
1545 5242 1601 5298 qua
1619 5225 1693 5281 inter
1711 5227 1816 5278 caetera

131 5350 207 5404 mus,
224 5333 253 5389 id
272 5335 316 5389 est
335 5332 499 5404 Clementis,
518 5332 656 5402 anacleti,
674 5332 792 5388 Eraristi
815 5336 844 5388 et
863 5338 947 5388 caete·
998 5326 1296 5385 sictestaturdicens:
1313 5346 1328 5375 «
1342 5323 1415 5390 Quia
1428 5338 1496 5379 varo
1510 5337 1567 5376 non
1582 5320 1749 5391 ignoramus
1763 5330 1816 5387 per

132 5443 233 5485 rorum
246 5426 477 5501 apostolicorum,
489 5442 559 5500 quas
566 5426 712 5498 potuimus
722 5427 858 5482 hactenus
869 5441 949 5499 repe
997 5440 1097 5497 pravas
1110 5419 1308 5479 emulationes
1322 5419 1478 5475 multarum
1499 5412 1688 5473 Ecclesiamm
1709 5413 1816 5466 statum

133 5522 190 5578 rire
216 5521 351 5594 epistolas
374 5536 462 5593 usque
487 5520 524 5576 ad
547 5520 714 5576 Silvestrum
736 5535 852 5592 papam.
869 5519 947 5575 Post·
998 5517 1084 5575 tuisse
1096 5515 1255 5584 turbatum,
1265 5514 1462 5588 plurimosque
1470 5510 1572 5566 iratres
1584 5507 1687 5579 injuste
1700 5502 1817 5560 sedibus

133 5616 253 5672 modum
259 5632 325 5672 vero
332 5615 474 5671 Nicsenam
480 5614 620 5687 synodum
628 5613 828 5670 constituimus
834 5619 950 5686 propter
999 5613 1057 5669 suis
1078 5611 1172 5686 pulsos
1193 5611 1221 5667 et
1236 5609 1267 5664 in
1281 5607 1378 5664 exsilia
1393 5606 1558 5678 deportatos
1578 5604 1664 5673 atque
1678 5598 1708 5654 in
1723 5598 1816 5652 locum

134 5709 332 5767 auctoritatem
350 5708 480 5780 ejusdem
500 5707 598 5777 magni
617 5706 737 5764 concilii.
753 5706 890 5780 Deinceps
904 5707 947 5763 dt·
991 5705 1184 5780 superstitum
1207 5704 1276 5760 alios
1299 5701 1483 5769 substitutos;
1498 5698 1543 5753 his
1561 5694 1695 5769 primitus
1715 5692 1814 5746 vulne-

133 5817 279 5858 rersorum
307 5801 494 5858 conciliorum
516 5801 680 5859 Gracorum
708 5807 737 5858 et
772 5801 947 5873 Latinorum,
991 5797 1077 5857 'ribus
1103 5799 1272 5858 adhibeatur
1291 5794 1434 5854 medicina
1454 5790 1582 5866 justitia.
1604 5789 1645 5845 lle
1663 5786 1815 5860 quisquam
