3870 6150
133 269 184 324 ssi
578 266 719 321 Arenio.
739 265 783 320 AD
801 267 881 321 SAEC.
903 264 946 319 ΙΧ.
961 295 993 302 —
1013 263 1138 320 tstnottt
1156 264 1368 321 nnncntonts
1765 261 1814 316 948

31 427 33 432 .
132 375 325 440 excedentem,
340 387 400 427 uon
414 372 546 442 protinus
559 372 596 427 ad
610 389 693 429 aures
708 376 821 429 nostras
835 372 946 428 deterre
957 384 986 456 Α
997 372 1058 443 ejus
1070 373 1226 445 redarguit,
1238 377 1266 427 et
1278 378 1376 444 postea
1393 371 1602 442 consequenter
1615 369 1727 435 vitavit,
1742 368 1813 439 pari·

130 466 281 525 curaverit.
292 466 336 522 Sic
348 480 415 521 vero
429 464 523 521 modis
536 466 670 521 omnibus
684 467 737 522 erit
751 467 947 548 unusquisque
997 471 1096 538 terque
1118 468 1461 532 assumenda¹sunt,cum
1482 463 1610 535 hisquae
1632 464 1734 535 utpote
1758 462 1812 534 pri·

130 559 297 633 pontificum
313 559 421 616 ordinis
434 564 462 616 et
476 559 593 616 honoris
606 560 701 628 elisor,
712 561 735 615 si
750 560 882 632 cuiquam
895 561 948 615 cle·
998 577 1061 615 mus
1072 561 1217 632 apostolus
1226 560 1347 615 salubria
1356 558 1542 630 predicavit?
1553 556 1758 628 Nunquidnam
1768 560 1815 610 aut

130 655 255 710 ricorum
268 655 313 710 vel
334 654 465 710 Ecclesiae
484 654 572 709 totius
593 654 705 710 auditui
725 655 787 709 haec
809 652 948 726 putaverit
998 654 1058 725 ejus
1075 657 1150 708 reela
1166 653 1292 708 doctrina
1306 669 1371 707 cum
1380 651 1426 707 his
1440 668 1505 722 quae
1518 650 1815 705 humanitusaccesse·

130 747 344 821 supprimenda.
361 748 429 802 [lata
440 764 455 800 v
466 747 531 804 ldus
541 747 641 815 Martii,
653 748 760 803 Asterie
773 752 801 804 et
813 745 947 804 Praesidio
998 752 1062 803 rant
1076 747 1254 818 repudianda
1267 750 1319 815 cst,
1333 749 1383 802 aut
1396 745 1443 800 illa
1457 744 1551 799 adhuc
1566 742 1719 799 imbecillis
1733 743 1813 797 insci-

130 841 353 897 [tranantibus.
999 841 1047 909 tia,
1071 858 1136 895 cunr
1164 841 1291 913 perlecta
1315 840 1376 910 ejus
1399 837 1578 911 suscipienda
1601 840 1648 892 est
1668 836 1815 892 doctrina?

330 935 453 1006 Epistola
466 934 569 990 Galerii
581 937 619 991 ad
634 935 745 992 Siculos.
998 935 1197 1006 Nnnquidnanr
1219 934 1249 989 in
1273 934 1400 1005 ipsorum
1421 932 1626 989 hereticorum
1651 930 1731 984 libris
1760 947 1814 986 non

168 1033 191 1084 l.
209 1029 247 1084 De
261 1029 336 1084 bene
351 1029 485 1100 regendis
498 1028 585 1084 rebus
601 1029 732 1084 Ecclesiae
749 1028 784 1084 ab
797 1028 946 1102 episcopis.
998 1028 1353 1100 multaqumadveritatem
1363 1024 1814 1098 pertineantpositareleguuturt

163 1126 192 1179 2.
207 1123 246 1178 De
262 1122 392 1177 tricenali
408 1122 633 1194 praescriptione.
998 1121 1272 1193 Nunquidnamideo
1280 1121 1383 1176 veritas
1392 1120 1540 1175 refutanda
1548 1122 1601 1186 cst,
1611 1117 1815 1190 quialihriphi

165 1216 296 1271 Guaasrus
316 1216 451 1270 Romanae
474 1216 605 1271 Ecclesiae
629 1217 779 1288 episeopus
801 1216 946 1272 dilectissi·
998 1215 1121 1287 pravitas
1144 1216 1271 1281 interest,
1289 1213 1469 1268 refutantur?
1490 1215 1544 1267 Aul
1564 1212 1632 1266 ideo
1654 1212 1737 1283 pravi
1756 1211 1814 1266 libri

129 1307 254 1364 misetin
262 1309 374 1366 Christo
380 1308 519 1364 charitate
526 1309 845 1365 unanimiterconnexis
855 1309 949 1365 iratri-
998 1309 1169 1380 suscipiendi
1179 1311 1246 1363 sunt
1255 1323 1365 1375 eorum,
1376 1306 1443 1379 quia
1452 1307 1556 1360 veritas
1567 1322 1634 1377 quae
1645 1304 1704 1359 illic
1716 1304 1816 1358 inserts

130 1403 184 1458 bus
199 1402 338 1473 episcopis
353 1403 402 1474 qui
417 1402 445 1457 in
459 1402 552 1458 Sicilia
568 1408 635 1458 sunt
649 1403 804 1458 constituti.
999 1407 1110 1457 estnon
1124 1401 1267 1473 negaturi
1281 1401 1326 1456 Ait
1346 1400 1498 1472 Apostolus
1514 1418 1520 1454 z
1537 1422 1550 1450 a
1565 1398 1672 1455 Omnia
1691 1397 1814 1470 probate,

165 1496 580 1552 Cur.l.Praesulumauctoritas
589 1501 752 1551 nostrorum
763 1497 949 1567 emanavit,nt
997 1513 1061 1567 quas
1074 1496 1150 1551 bona
1165 1501 1231 1550 sunt
1244 1498 1339 1550 tenete
1353 1495 1376 1563 (l
1389 1496 1504 1560 Thessa,
1517 1497 1573 1563 nt).
1586 1515 1601 1542 »
1621 1493 1737 1548 Scimus
1749 1496 1815 1563 Apo·

131 1589 277 1644 facultates
286 1588 525 1644 EcclesiaeChristi
533 1589 569 1644 ad
576 1590 734 1660 regendum
741 1589 949 1662 habeantpote·
999 1590 1102 1645 stolum
1118 1589 1204 1644 etiam
1219 1589 1254 1643 de
1271 1604 1450 1661 paganorum
1465 1587 1544 1642 libris
1558 1587 1661 1658 aliqua
1681 1586 1814 1657 posuisse.

131 1682 948 1755 statemltatamenutviduarum,pupillorum,atquepau·
998 1683 1133 1754 Nunquid
1149 1682 1213 1737 idco
1228 1688 1256 1736 et
1269 1685 1370 1737 cuneta
1394 1681 1559 1752 recipienda
1578 1686 1658 1747 sunl,
1676 1696 1745 1752 quae
1758 1695 1816 1734 cum

131 1791 362 1846 perum,uecnon
371 1752 985 1848 etelericorumstipendiadistribuerede-B
998 1778 1042 1831 his
1056 1777 1164 1848 pariter
1177 1783 1243 1830 sunt
1257 1776 1387 1847 prorant
1404 1777 1463 1846 lpse
1477 1774 1632 1846 Apostolus
1645 1773 1687 1828 nit
1701 1790 1709 1828 ε
1723 1773 1816 1828 linitos

129 1869 292 1924 beant.an
299 1869 561 1924 eisstalnimusdari
572 1871 647 1941 quod
656 1871 791 1925 hacteuus
802 1870 947 1926 decretum
997 1871 1196 1942 praedicatores
1211 1870 1293 1924 aliter
1304 1873 1391 1941 atque
1401 1869 1481 1923 aliter
1489 1867 1636 1922 Christum
1651 1866 1815 1937 praedicare.

130 1963 340 2035 est.lteliquum
350 1963 947 2035 sibivindicent,ut,sicutantedirimus,pe·
994 1965 1045 2020 ubi
1054 1970 1150 2020 tamen
1164 1965 1229 2019 licet
1238 1980 1409 2036 quoeunque
1422 1961 1508 2017 modo
1518 1961 1671 2017 Christum
1682 1959 1814 2032 preadica-

86 2084 92 2095 ⁸
130 2056 747 2129 regrinorumutquecaptivorumlargitores
757 2073 816 2112 esse
824 2057 944 2128 possint.
997 2063 1058 2112 tum
1072 2061 1184 2130 oportet
1205 2056 1327 2113 admitti.
1343 2059 1449 2113 Tamen
1462 2072 1519 2110 non
1534 2055 1600 2110 ideo
1614 2055 1700 2109 illurn
1715 2069 1815 2109 morem

164 2151 195 2205 ll.
204 2150 397 2205 llludauuecti
404 2150 550 2223 placuitut
560 2150 593 2218 si,
601 2151 675 2222 quod
689 2150 771 2217 absit,
779 2151 946 2206 facultatum
997 2169 1054 2223 quo
1068 2168 1126 2207 nou
1139 2157 1214 2207 recte
1226 2151 1415 2223 praedicatum
1426 2155 1469 2204 est
1481 2149 1622 2203 admonet
1635 2147 1757 2202 evitare.
1767 2147 1815 2202 Ha·

129 2243 269 2312 Ecclesiae,
296 2259 406 2299 necnon
433 2249 461 2299 et
488 2242 621 2299 dioeceses
650 2261 713 2316 quae
741 2244 776 2299 ab
806 2244 946 2317 aliquibus
996 2239 1815 2317 losoperariosipseconqueritur,quoromaliarefutanda,

130 2337 310 2409 possidentur
330 2337 468 2409 episcopis
484 2337 549 2409 jure
570 2337 623 2392 sibi
643 2337 794 2405 vindicent,
810 2338 875 2410 quia
895 2338 945 2393 tri·
997 2339 1050 2393 alia
1064 2339 1147 2394 docet
1157 2356 1217 2394 esse
1231 2338 1373 2394 sectanda.
1389 2338 1451 2392 llaec
1466 2341 1492 2390 et
1505 2334 1680 2406 hujusmodi
1690 2333 1815 2404 exempla

130 2430 235 2485 cenalis
260 2430 305 2486 lex
327 2431 474 2501 conclusit,
491 2431 558 2502 quia
583 2435 612 2486 et
634 2430 760 2487 tiliorum
784 2435 946 2487 nostrorum
996 2451 1049 2488 nos
1061 2434 1204 2489 decentet
1216 2431 1378 2487 testimonia
1391 2431 1486 2486 divina
1498 2428 1815 2496 conflrmaut,uonom·

129 2523 291 2596 principum
304 2525 344 2580 ita
358 2525 503 2580 emanavit
514 2525 676 2592 auctoritas,
692 2531 725 2581 nt
737 2527 811 2580 ultra
829 2525 947 2596 triginta
998 2528 1045 2582 uia
1059 2527 1179 2599 pessime
1195 2542 1394 2597 aquocunque
1408 2523 1531 2579 dictaret
1541 2521 1815 2594 ubicunqnescripta

128 2618 726 2691 anuosuulliliceatappellarcquoslegum
736 2620 947 2690 tempusexelu·
997 2615 1815 2690 indifferenteraecipere,sedretentisbonisquaeuoceanl

129 2710 175 2765 sit.
189 2711 258 2767 Data
268 2711 333 2767 ldus
342 2711 416 2778 licii,
426 2712 534 2767 Asterie
544 2715 572 2767 et
586 2712 721 2768 Praesidio
730 2713 762 2767 lV
773 2712 944 2767 consulibus.
997 2714 1131 2769 refutare.
1147 2713 1288 2768 Peccatori
1305 2711 1415 2767 homini
1431 2727 1509 2766 mors
1523 2709 1604 2764 illata
1615 2714 1669 2778 est,
1685 2712 1714 2764 et
1728 2713 1813 2763 tamen

129 2805 229 2874 incipit
247 2809 332 2860 tomas
354 2805 387 2859 ele
402 2805 584 2860 anathematis
602 2807 711 2860 vinculo
735 2806 836 2862 Gelasii
855 2822 944 2876 pape.
998 2807 1106 2862 lmmini
1119 2808 1184 2862 lesu
1200 2806 1312 2861 Christo
1326 2820 1404 2860 mors
1419 2802 1496 2859 illata
1510 2819 1595 2859 reum
1608 2802 1680 2858 lecit
1695 2801 1813 2858 essedis

165 2898 205 2950 Ne
225 2896 297 2953 forte
320 2897 396 2968 quod
419 2899 520 2964 solent,
549 2898 655 2966 dicant,
677 2897 754 2970 quod
776 2899 800 2954 si
822 2899 947 2970 synodus
997 2900 1348 2972 bolum,quiaubieausa
1366 2899 1466 2953 mortis
1487 2900 1635 2966 nouerat,
1653 2896 1696 2951 ibi
1718 2893 1811 2968 peceati

129 2990 366 3048 Chalcedonensis
378 2991 545 3059 admittitur,
562 2992 659 3047 omnia
672 2996 799 3047 constare
814 2992 945 3057 debeant,
996 3011 1054 3048 nou
1066 2994 1357 3065 debehaturatpeua.
1369 2990 1744 3062 Sententinpraelrgiturvel
1754 3005 1811 3061 prae

130 3101 195 3156 quoe
211 3084 267 3140 illic
281 3084 413 3141 videntur
428 3102 488 3139 esse
503 3086 680 3158 deprompta,
694 3087 829 3141 autenim
842 3103 875 3141 ex
889 3092 947 3142 toto
996 3088 1051 3143 ilxa
1068 3092 1111 3142 est
1131 3103 1245 3158 semper
1268 3086 1367 3142 errori.
1390 3089 1457 3154 Quae
1478 3084 1622 3140 sententia
1640 3083 1713 3140 baio
1734 3083 1808 3138 ermri

131 3195 195 3233 eam
219 3178 332 3234 admitti
354 3182 494 3251 oportere,
510 3184 560 3234 aut
574 3197 607 3234 ex
622 3183 702 3252 parte
718 3179 739 3234 si
761 3180 947 3253 repudiabilis
999 3181 1113 3253 praelixa
1141 3196 1290 3252 nunquam
1312 3179 1429 3235 omniuo
1452 3179 1623 3246 resolvetur,
1646 3176 1806 3234 sicutenim

131 3278 183 3340 ast,
198 3271 311 3327 firmam
325 3289 360 3327 ex
371 3277 429 3328 toto
444 3279 574 3329 constare
589 3290 647 3329 non
662 3291 754 3345 posse.
769 3276 949 3346 Cognoscant
999 3274 1026 3329 iu
1042 3279 1179 3347 quantum
1195 3276 1238 3327 est
1253 3273 1312 3344 ipse
1326 3289 1416 3341 error,
1430 3287 1579 3342 nunquam
1598 3287 1685 3326 error
1698 3287 1758 3326 esse
1768 3269 1806 3324 de·

131 3365 949 3442 igiturquouinmilludseeundumSeripturassanetastra·
998 3367 1080 3436 sistit,
1096 3368 1136 3422 sie
1155 3385 1172 3422 a
1191 3366 1333 3422 sententia
1345 3382 1492 3437 uunquam
1511 3365 1630 3436 praelixa
1651 3365 1804 3427 resalvetur,

130 3459 947 3535 ditionemquemajorumsecundumaanonesregulasque
997 3461 1063 3533 quia
1087 3460 1233 3532 errorqui
1255 3459 1419 3532 agnoscitur
1442 3475 1502 3514 esse
1527 3458 1699 3526 damnatus,
1723 3456 1803 3513 eaden

132 3553 260 3608 lieelesiae
278 3570 330 3625 pro
344 3553 400 3609 nde
421 3555 565 3610 commoni
587 3559 614 3609 et
630 3556 748 3611 veritate
768 3556 906 3611 catholica
920 3558 949 3611 et
998 3553 1124 3627 quandiu
1140 3556 1237 3609 manet
1250 3570 1332 3608 error
1344 3552 1484 3625 probatur
1497 3551 1644 3605 astrictus.
1664 3547 1802 3623 ltaqnequi

132 3646 294 3716 apostolica,
310 3663 362 3718 pro
376 3664 433 3719 qua
446 3647 519 3703 hauc
536 3648 597 3703 lieri
612 3648 694 3704 sedes
706 3649 858 3720 apostolica
871 3649 945 3706 dele·
997 3647 1026 3703 in
1042 3664 1075 3703 eo
1087 3664 1183 3703 errore
1200 3652 1267 3702 sunt
1287 3645 1428 3702 sententia
1441 3644 1543 3700 erroris
1557 3643 1690 3700 obstricti
1703 3645 1801 3711 suntet

132 3740 390 3813 gavil,laetamque
403 3741 562 3810 firmavit,a
575 3746 633 3797 tota
648 3742 767 3799 Ecclesia
780 3743 945 3799 indubitan·
998 3741 1125 3813 quandiu
1146 3743 1175 3796 in
1200 3758 1233 3797 eo
1257 3744 1375 3796 manent
1402 3739 1566 3793 nullatenus
1592 3738 1717 3794 absoluti
1740 3741 1799 3795 sunt

131 3839 174 3887 trr
196 3833 319 3890 admitti.
344 3834 404 3890 Alia
426 3839 523 3890 autem
546 3853 610 3907 quae
633 3854 685 3908 per
707 3838 947 3908 incompetentem
997 3839 1069 3893 sieut
1088 3855 1140 3893 nec
1159 3838 1218 3909 ipse
1239 3839 1268 3892 in
1288 3854 1345 3909 quo
1367 3841 1434 3892 sunt
1454 3852 1535 3891 error
1548 3835 1720 3891 absolvitur.
1735 3836 1800 3890 liner

133 3928 388 3999 praesumptionem
407 3929 462 3984 illie
478 3930 588 4000 prolata
601 3936 676 3997 sunt,
691 3932 735 3985 vel
751 3932 843 4003 potius
856 3932 945 3986 venti·
997 3931 1075 3986 euim
1088 3933 1147 4003 ipse
1163 3948 1312 4003 uunquam
1324 3931 1436 3985 veniam
1449 3934 1647 4000 promeretur,
1662 3929 1713 3986 sed
1724 3927 1799 4002 quiin

130 4021 197 4088 lota,
214 4038 279 4092 quae
293 4021 374 4076 sedes
391 4023 547 4093 apostoliea
570 4024 698 4094 gerenda
714 4025 865 4096 delegavit,
883 4041 947 4096 qum
998 4043 1032 4079 ca
1047 4025 1184 4080 veraciter
1203 4025 1338 4093 caruerit,
1353 4030 1437 4095 atque
1453 4022 1488 4077 ab
1509 4024 1572 4093 ejus
1598 4022 1800 4096 participatione

133 4131 196 4168 mor
213 4115 354 4169 avieariis
369 4116 444 4170 sedis
459 4117 620 4187 apostolicae
638 4117 813 4173 contradicta
825 4118 946 4172 manile·
998 4118 1124 4173 discedit.
1133 4117 1264 4182 Ouandiu
1274 4134 1343 4189 ergo
1357 4118 1386 4172 in
1399 4116 1439 4171 eis
1452 4119 1494 4170 est
1507 4132 1591 4172 error
1602 4116 1799 4173 damnationem

131 4211 206 4260 stum
222 4213 279 4273 est,
299 4224 363 4278 quae
378 4207 458 4263 sedes
472 4210 635 4280 apostolica,
650 4211 736 4265 etiam
749 4213 864 4282 petente
876 4212 945 4266 ider-
998 4228 1079 4265 snam
1095 4215 1179 4277 tanet,
1197 4227 1344 4282 nunquam
1357 4209 1516 4277 resolvitur,
1526 4210 1597 4280 quia
1611 4226 1697 4266 error
1708 4221 1800 4278 semper

132 4298 210 4354 liano
223 4299 363 4369 principe,
379 4301 543 4356 nullatenus
564 4303 732 4374 approbavit
738 4321 746 4372 3
763 4319 826 4374 quar
843 4305 947 4374 praesul
998 4321 1110 4375 poenam
1124 4309 1258 4360 meretur.
1272 4304 1426 4375 Participes
1436 4319 1501 4357 vero
1513 4303 1577 4374 ejus
1587 4307 1658 4358 suut
1671 4302 1800 4376 sempera!

133 4391 259 4447 Ecclesiae
279 4393 601 4466 Constantinopolitanae
621 4401 687 4451 tune
706 4397 882 4463 Anatholius,
896 4415 948 4453 nec
998 4398 1057 4468 ujus
1071 4414 1161 4470 prauae
1177 4397 1339 4468 participes,
1349 4396 1409 4451 siin
1420 4397 1523 4451 eodem
1532 4401 1669 4467 perstare
1680 4393 1801 4454 nondcsi·

132 4502 160 4541 se
173 4486 387 4559 presumpsisse
405 4488 549 4559 professus
569 4495 620 4560 esi,
636 4493 665 4545 et
687 4490 716 4545 in
730 4491 889 4562 apostolieae
902 4508 945 4546 sir·
956 4491 986 4562 l)
997 4494 1077 4557 nunt,
1094 4494 1144 4545 aut
1164 4491 1187 4545 si
1202 4490 1353 4546 abeodem
1369 4489 1539 4545 recesserint
1551 4507 1640 4562 quam
1655 4491 1738 4547 alieni
1748 4485 1801 4544 fact

133 4581 175 4635 dis
200 4581 335 4637 antistitis
359 4598 415 4636 nou
438 4583 562 4655 negavit,
583 4584 674 4655 posita
696 4588 843 4656 potestate.
867 4585 947 4653 Quod
998 4588 1064 4639 suut
1074 4584 1110 4638 ab
1121 4587 1269 4649 errore,at
1279 4583 1314 4638 ab
1326 4584 1387 4655 ejus
1397 4582 1614 4654 participatione
1625 4584 1801 4652 discretitm

134 4675 196 4730 ideo
210 4677 249 4730 sic
260 4675 303 4747 (ut
318 4676 425 4731 dictum
440 4681 489 4744 esti
500 4676 580 4732 sedes
597 4678 749 4749 apostolica
761 4696 819 4734 non
830 4679 946 4750 recepit,
998 4682 1027 4732 et
1038 4693 1127 4748 poenae
1138 4677 1199 4748 ejus
1210 4680 1295 4732 erunt
1304 4679 1514 4748 consequenter
1524 4676 1622 4732 alieni.
1631 4678 1704 4734 Cum
1713 4672 1801 4735 emoti

132 4767 197 4838 quio
219 4784 283 4840 quae
298 4769 456 4841 privilegiis
471 4771 638 4826 venerabilis
658 4771 786 4827 Ecclesiae
805 4773 948 4827 contraria
998 4788 1079 4843 poena
1092 4769 1384 4843 prmllgiturquandiu
1395 4772 1727 4840 manelerrans,eadem
1735 4783 1801 4844 poett

134 4861 299 4930 probantur,
317 4863 395 4917 nulla
408 4864 519 4920 ratione
532 4865 663 4920 sustinet.
679 4865 752 4930 Ouid
766 4865 863 4920 euim‘l
876 4866 947 4931 Ouia
997 4864 1218 4936 constringitur,
1230 4865 1296 4936 quia
1306 4880 1404 4918 errans
1417 4879 1545 4919 essenon
1557 4867 1658 4936 potest
1667 4866 1727 4922 sine
1737 4877 1801 4938 pom

133 4956 160 5009 in
174 4953 252 5009 libris
263 4956 365 5011 sanctis
378 4974 449 5029 quos
458 4958 557 5029 utique
570 4975 743 5013 veneramur
750 4963 779 5015 et
789 4959 945 5031 sequimur,
997 4958 1106 5014 erratis.
1124 4958 1186 5013 llaec
1208 4958 1310 5013 eadem
1328 4974 1413 5029 poena
1434 4962 1577 5029 perpetua
1589 4963 1634 5014 est
1659 4971 1801 5031 nunquam·

132 5048 269 5120 quoniam
280 5051 572 5120 quorumdamillicet
582 5053 767 5123 profanitates
778 5070 838 5109 esse
848 5054 945 5108 ierun-
997 5069 1051 5126 que
1065 5051 1200 5106 solvenda
1211 5051 1337 5122 quandiu
1354 5067 1454 5105 errans
1468 5066 1530 5106 esse
1544 5051 1717 5122 perstiterit.
1733 5047 1803 5117 outa

133 5146 190 5211 tar,
201 5142 344 5198 etscelera
353 5148 606 5215 gestanarrantur.
615 5147 678 5202 ldeo
687 5146 766 5201 nobis
775 5148 890 5218 pariter,
899 5153 948 5203 aut
998 5162 1096 5200 errans
1109 5161 1170 5200 esse
1184 5143 1335 5213 destiterit,
1351 5161 1434 5216 pecua
1449 5160 1513 5216 quae
1528 5147 1641 5201 erranti
1652 5151 1697 5203 est
1707 5142 1803 5219 pratil·

134 5236 294 5292 veneranda
315 5242 391 5306 sunt,
408 5241 459 5292 aut
479 5239 625 5310 sequenda
639 5239 705 5312 quia
727 5240 756 5294 in
776 5239 831 5295 illis
846 5240 948 5296 sanctis
997 5242 1216 5312 perpetua,uon
1229 5238 1344 5304 erranti,
1356 5237 1441 5293 idest
1455 5236 1537 5292 alteri
1554 5237 1671 5309 allecto,
1681 5233 1803 5312 quameai

132 5329 211 5385 libris
230 5334 258 5385 et
269 5330 478 5386 venerabilibus
498 5333 691 5388 eontinentur.
711 5334 826 5389 Sanctus
849 5334 948 5388 Petrus
997 5332 1113 5405 praelixa
1133 5335 1185 5399 est,
1200 5348 1259 5387 non
1274 5331 1368 5386 solum
1387 5347 1445 5386 nou
1465 5333 1562 5402 potest
1586 5348 1652 5388 csse
1674 5334 1801 5406 perpetus

131 5425 240 5496 primus
251 5426 455 5497 apostolorum,
466 5426 681 5481 siceristimans
694 5426 762 5482 Novi
777 5425 947 5482 Testamenti
998 5424 1048 5480 sed
1062 5441 1114 5480 uae
1124 5425 1211 5480 etiam
1222 5424 1286 5496 jam
1296 5440 1387 5497 prena.
1403 5424 1464 5479 Non
1479 5424 1610 5481 estenim
1622 5424 1803 5500 ipseenipt*

133 5518 792 5591 gratiampredicandammtalegisseterisnou
802 5519 950 5575 recederet
998 5518 1052 5572 fixa
1064 5521 1116 5573 est.
1134 5517 1246 5573 Erranti
1262 5516 1341 5573 enim
1356 5517 1474 5589 praefixa
1488 5518 1541 5585 est,
1557 5534 1613 5574 nec
1626 5534 1690 5577 non
1702 5510 1801 5576 meoli·

133 5611 279 5680 institutis,
294 5613 429 5685 quaedam
454 5630 506 5685 per
525 5613 738 5668 simulationem
757 5613 861 5685 legitur
874 5613 950 5669 iuter
1000 5612 1070 5677 Qum
1085 5612 1160 5667 enim
1173 5610 1280 5667 erranti
1296 5610 1413 5683 praelixa
1425 5615 1477 5679 est,
1493 5616 1639 5684 perpetue
1650 5618 1705 5683 est,
1717 5615 1743 5668 et
1752 5621 1802 5681 pot·

131 5704 243 5759 tudens
268 5706 446 5778 gentilesque
465 5706 594 5778 gessisse.
612 5706 745 5778 Nunquid
761 5707 825 5762 ideo
839 5711 889 5762 aul
902 5705 950 5762 illa
999 5710 1085 5778 petuo
1103 5704 1275 5776 constringit
1288 5710 1442 5771 errantem,
1457 5721 1516 5761 non
1529 5709 1681 5764 errantem
1693 5720 1747 5763 non
1758 5715 1799 5773 pe

114 5793 221 5869 235
230 5797 611 5878 eirrssaquendusuut,qure
621 5800 723 5860 merito
737 5801 950 5876 etcoapostolus
1000 5803 1054 5855 test
1064 5799 1126 5870 jam
1140 5803 1249 5855 tenere.
1264 5798 1303 5855 Sit
1321 5798 1428 5855 erranti
1447 5799 1521 5854 dieta
1539 5799 1603 5858 tore
1625 5804 1762 5877 perpetua.
1773 5792 1800 5846 att
