3870 6150
563 309 1014 379 oacummmucomaono.
1380 271 1386 283 ¹
1578 310 1630 378 loc

103 444 129 487 le
141 433 260 503 possunt
273 428 394 486 adulteri
412 447 469 487 non
488 431 588 502 videri,
609 432 755 487 intantum
766 443 796 518 Α
807 430 889 503 quasi
903 427 1050 500 ignoranti
1062 427 1194 499 dicimus,
1204 426 1255 487 sed
1267 424 1298 486 in
1312 422 1374 487 aliis
1383 417 1502 485 iorsitan
1512 445 1632 502 occupa·

103 539 229 594 tersonae,
239 524 341 596 quibus
351 525 575 598 talescoanncti
585 531 661 594 sunt,
670 525 756 582 etiam
805 528 849 579 tos
863 523 938 579 istud
952 522 1057 578 oblitos
1074 539 1125 579 vos
1139 541 1202 579 esse
1217 524 1348 581 dicimus.

103 618 204 674 terium
227 619 402 675 commisisse
426 618 585 688 videantur,
600 619 757 676 secundum
843 619 864 674 l.
886 617 940 682 Qui
958 617 1048 691 igitur
1071 620 1183 690 partem
1206 617 1355 688 cujuslibet
1382 617 1464 691 digiti
1488 617 1542 675 sibi
1569 618 1630 692 ipse

108 712 233 785 legimus
246 713 275 768 in
288 713 440 785 Evangelio
452 730 458 768 :
469 713 521 778 Qui
537 713 679 769 dimiserit
688 730 757 769 uxo
806 712 902 768 volens
919 710 1048 782 abscidit,
1068 711 1145 767 hunc
1160 711 1196 766 ad
1219 711 1328 767 clerum
1349 728 1474 768 canones
1497 729 1555 767 nou
1577 711 1627 767 ad·

109 806 364 876 etduxeritaliam‚
379 808 685 878 moechalurtliorc.x,
702 809 755 880 ll).
807 805 935 861 mittunt.
959 805 1010 861 Cui
1023 821 1091 860 uero
1114 820 1180 861 casu
1199 805 1296 877 aliquo
1318 805 1472 878 contigerit
1491 805 1561 861 dum
1581 808 1633 860 aut

109 899 345 972 otquidimissam
355 901 755 971 duxerit,moechaturll1ottt.
806 898 886 971 operi
899 898 1004 955 rustico
1017 915 1117 954 curam
1126 898 1279 971 impendit,
1297 903 1346 955 aut
1360 898 1468 971 aliquid
1482 898 1587 955 faciens
1599 915 1630 954 se

103 992 179 1048 ‚ideo
191 994 262 1049 tales
275 1010 403 1051 omuesa
418 993 756 1051 communionetidelium
807 1009 864 1048 nou
886 996 987 1064 sponte
1005 992 1155 1065 percussit,
1171 992 1225 1048 hos
1248 1008 1376 1047 canones
1399 992 1579 1063 praecipiunt,
1603 996 1633 1048 et

103 1102 131 1142 rs.
806 1085 926 1141 clericos
946 1085 1028 1157 tleri;
1043 1090 1072 1142 et
1085 1085 1108 1141 si
1121 1085 1151 1141 in
1164 1086 1241 1141 clero
1257 1084 1366 1141 luerint
1380 1084 1488 1157 reperti
1505 1102 1565 1141 non
1577 1084 1629 1139 ab·

103 1179 191 1236 stibus
207 1184 316 1252 autem,
338 1187 388 1238 aut
405 1183 440 1238 de
459 1183 627 1256 propinquis
644 1199 755 1253 eorum,
802 1178 874 1250 jicit.
888 1180 920 1234 In
931 1178 1352 1250 illiscnimroluntasjudicata
1362 1183 1413 1248 est,
1425 1195 1489 1250 quae
1500 1177 1630 1234 sibiausa

103 1273 181 1329 statui
195 1279 299 1347 potest,
325 1275 380 1331 nisi
400 1277 561 1333 incentores
575 1276 665 1333 illiciti
687 1294 754 1334 con-
806 1271 894 1327 luerit
905 1272 1015 1328 ferrum
1032 1272 1159 1344 injicere.
1173 1273 1256 1337 Quod
1268 1268 1376 1329 scilicit
1390 1275 1419 1327 et
1433 1272 1480 1328 alii
1493 1272 1522 1328 id
1533 1272 1628 1328 iacere

103 1382 112 1424 a
124 1366 307 1440 detegantur.
806 1365 928 1422 dubitari
938 1383 998 1422 non
1007 1365 1108 1439 possit,
1116 1366 1145 1422 in
1154 1366 1210 1421 illis
1221 1382 1288 1422 vero
1296 1382 1379 1422 casus
1387 1365 1502 1422 reniam
1511 1364 1628 1421 momit.

111 1477 179 1517 vero
193 1461 258 1517 libri
279 1462 456 1535 recipiantur
466 1464 496 1519 in
519 1481 627 1522 canone
644 1469 755 1522 sancta·
840 1460 871 1514 ll·
887 1461 926 1516 De
940 1458 1062 1532 digamis
1075 1462 1172 1515 aulem
1186 1476 1240 1515 nec
1253 1459 1362 1515 consuli
1372 1458 1471 1515 debuit
1484 1460 1558 1531 quod
1573 1473 1633 1515 ma-

103 1559 237 1611 turarum
256 1556 348 1611 brevis
374 1573 504 1613 annexus
532 1558 667 1615 ostendit.
692 1560 756 1615 llaee
806 1552 908 1608 uiiesta
916 1552 1001 1609 lectio
1009 1551 1046 1608 sit
1060 1553 1225 1625 Apostoli«
1241 1538 1327 1608 unius
1336 1552 1433 1608 uxoris
1445 1552 1556 1624 virum;
1572 1552 1632 1608 uad

128 1663 192 1720 qure
215 1649 378 1705 desiderata
402 1651 515 1706 moneri
539 1668 608 1707 voce
633 1652 754 1720 voluisti,
805 1646 995 1702 sacerdotium
1016 1644 1122 1702 sivead
1146 1646 1312 1702 clericatum
1336 1646 1449 1701 admitti
1474 1646 1588 1715 debere,
1603 1650 1633 1703 at

102 1741 110 1795 i
133 1744 160 1809 5,
187 1742 217 1797 id
238 1748 281 1798 est
305 1745 428 1815 Genesis,
452 1745 574 1814 arodus,
605 1734 754 1814 beriticus,
804 1740 879 1796 hano
891 1740 982 1811 ipsam
994 1744 1090 1796 tamen
1105 1739 1128 1796 si
1142 1740 1282 1812 virginem
1296 1740 1414 1811 accepit.
1429 1740 1500 1795 Nam
1513 1756 1546 1795 ea
1561 1755 1627 1812 quse

104 1836 353 1907 euterouomium3
370 1855 482 1893 necnon
498 1845 526 1894 et
538 1840 602 1895 tesu
624 1840 709 1908 Nare,
725 1830 792 1903 etB
803 1833 938 1889 habuerit
957 1837 1023 1890 ante
1047 1833 1150 1902 virum,
1168 1833 1237 1888 licet
1257 1833 1406 1889 defunctus
1429 1833 1475 1902 sit,
1495 1833 1629 1889 tamensi

105 1934 135 1985 et
159 1930 327 2002 Regnorum
356 1932 420 1987 libri
446 1936 588 2004 quatuor;
613 1933 697 1989 simul
727 1937 756 1989 et
804 1927 908 1983 clerico
921 1931 1020 1999 postea
1036 1927 1124 1982 luerit
1137 1929 1277 2000 copulata,
1301 1926 1482 1998 clericusqui
1504 1942 1569 1982 eam
1584 1941 1630 1982 ac-

103 2022 248 2092 shetarum
270 2025 335 2079 libri
358 2025 493 2082 sedecim.
511 2027 673 2083 Salomonis
688 2026 756 2082 libri
804 2020 912 2093 ceperit
934 2037 994 2077 esse
1010 2037 1069 2077 non
1091 2021 1205 2093 poterit,
1228 2020 1296 2093 quia
1317 2020 1346 2076 in
1368 2021 1432 2093 lege
1447 2022 1563 2076 cautum
1586 2025 1630 2076 est

103 2114 285 2183 Pealterium3
310 2116 381 2171 item
405 2118 589 2174 historiarum
610 2118 661 2175 lob
684 2118 757 2174 liber
806 2136 820 2164 α
838 2131 896 2170 non
912 2114 1039 2184 viduam,
1054 2131 1113 2171 nou
1125 2114 1265 2187 abjectam
1280 2135 1294 2166 »
1309 2114 1416 2170 habere
1431 2130 1514 2187 posse
1525 2113 1628 2186 conju·

103 2227 138 2267 er
149 2228 233 2279 unus,
244 2213 342 2268 iudith
355 2231 440 2283 unus,
449 2216 674 2272 ldachabaeorum
687 2216 754 2286 duo,
806 2225 872 2280 gem
886 2208 1074 2265 SicerdOiem·

103 2321 120 2374 t,
142 2306 379 2378 Paralipomenon
394 2309 461 2364 duo.
481 2311 550 2365 ltem
566 2310 635 2365 Novi
658 2311 755 2367 Testa·
841 2303 884 2358 ill.
899 2303 938 2358 lle
950 2301 1028 2358 laicis
1040 2319 1106 2358 vero
1122 2302 1223 2373 religio
1237 2305 1288 2357 tua
1300 2302 1444 2358 consuluit
1458 2318 1528 2374 quos
1542 2317 1626 2358 cano·

103 2399 268 2471 ngeliorum
290 2401 355 2457 libri
375 2407 516 2473 quatuor;
536 2403 614 2459 Pauli
639 2401 756 2475 apostoli
806 2411 856 2451 nes
882 2395 1015 2452 ordinare
1037 2395 1199 2467 prohibeat.
1226 2398 1341 2453 Certum
1368 2401 1411 2451 est
1431 2395 1549 2468 quidem
1576 2396 1629 2453 bos

103 2492 148 2560 li3
173 2493 304 2565 Epistolae
324 2496 450 2563 loannis,
470 2498 758 2571 qilatu0r3ljpi3t01ae
806 2488 920 2561 regulas
934 2488 1135 2545 ecclesiasticas
1150 2489 1306 2557 continere,
1330 2489 1378 2545 sed
1395 2489 1506 2545 nonita
1530 2489 1629 2546 delini·

103 2586 258 2657 ;Epistola
278 2589 376 2658 ludae3
400 2591 525 2661 Epistola
543 2591 659 2662 lacobl3
673 2597 757 2649 lictus
806 2587 868 2638 tum
892 2586 943 2650 est,
972 2586 1004 2638 ut
1026 2582 1061 2638 de
1095 2582 1229 2639 omuibus
1256 2583 1292 2637 sit
1319 2583 1401 2638 laicis
1430 2583 1627 2639 constitutum.

103 2694 153 2748 m;
180 2681 364 2754 Apocalypsis
381 2684 507 2739 loannis.
528 2685 636 2741 Cretera
660 2691 757 2742 autem
806 2678 904 2749 Neque
918 2676 996 2732 euim
1018 2677 1113 2732 clerici
1126 2675 1215 2745 nasci,
1231 2681 1260 2731 et
1280 2693 1339 2732 nou
1358 2676 1421 2732 ileri
1434 2681 1562 2749 possunt,
1576 2676 1627 2732 ssd

103 2773 220 2828 nomine
242 2774 363 2844 Mathia,
388 2777 446 2832 sive
465 2777 560 2833 iacobi
583 2778 713 2850 minoris,
729 2785 759 2835 et
807 2773 1032 2847 designatasunt
1045 2790 1160 2847 genera,
1175 2774 1211 2829 de
1223 2774 1372 2847 quibusad
1385 2773 1552 2830 clericatum
1566 2791 1629 2847 per·

103 2866 217 2935 ePetri,
232 2872 261 2922 et
272 2870 399 2939 loannis,
413 2887 478 2943 quae
490 2888 506 2925 a
520 2872 643 2944 quodam
658 2874 757 2930 Leutio
807 2869 904 2923 venire
917 2885 977 2925 non
989 2871 1119 2941 possunt,
1132 2868 1163 2924 id
1182 2873 1235 2937 est,
1249 2869 1272 2923 si
1286 2868 1349 2940 quis
1361 2867 1453 2924 ildelis
1465 2869 1629 2924 militauerit

103 2963 129 3028 u,
151 2962 194 3016 vel
210 2962 262 3016 sub
284 2964 398 3019 nomine
411 2966 542 3035 Andreae,
556 2969 757 3040 quaealiexo-
808 2962 831 3017 si
857 2962 921 3034 quis
945 2961 1039 3017 fideus
1067 2979 1166 3018 causas
1191 2962 1294 3035 egerit,
1323 2963 1376 3018 hoc
1405 2965 1448 3017 est
1473 2962 1629 3034 postulare

103 3053 256 3111 tLeonida
283 3058 472 3131 philosophis,
504 3064 533 3115 el
558 3062 610 3117 sul)
640 3062 758 3118 nomine
808 3055 855 3124 rit,
883 3056 907 3110 si
934 3055 998 3128 quis
1017 3055 1108 3111 tidelis
1135 3055 1386 3113 administraverit.
1415 3056 1453 3110 lle
1476 3055 1629 3112 curialibus

102 3147 151 3202 tsi
171 3164 235 3220 quae
256 3157 322 3206 sunt
341 3153 395 3207 alla
410 3170 468 3209 non
484 3155 579 3210 solum
604 3173 662 3212 non
680 3157 755 3229 aspi.
807 3151 904 3204 autem
914 3148 1064 3205 manifesta
1071 3149 1144 3205 ratio
1154 3153 1206 3216 est,
1218 3149 1354 3222 quoniam
1369 3152 1398 3204 et
1410 3148 1433 3203 si
1443 3149 1629 3206 inveniantur

103 3252 162 3292 rum
176 3238 264 3293 etiam
273 3241 384 3296 noverit
393 3260 454 3299 esse
468 3244 641 3302 damnanda.
655 3246 757 3302 Datum
807 3242 969 3314 hujusmodi
980 3241 1033 3298 viri
1046 3242 1096 3314 qui
1110 3242 1236 3298 debeant
1249 3242 1344 3298 clerici
1356 3242 1429 3311 lieri,
1442 3246 1542 3298 tamen
1554 3259 1627 3315 quo-

131 3330 234 3402 ldartii,
261 3334 398 3392 stilicone
437 3343 465 3393 et
496 3339 629 3395 antemio
655 3356 755 3396 cousu-
806 3336 886 3391 niam
902 3334 1005 3407 sapius
1024 3335 1059 3390 ad
1078 3336 1187 3391 curiam
1210 3339 1389 3407 repetuntur,
1412 3334 1571 3390 cavendum
1591 3336 1627 3390 ab

807 3430 852 3485 his
878 3434 921 3485 est
943 3431 1063 3501 propter
1086 3428 1303 3485 tribulationem
1332 3445 1396 3501 quae
1419 3444 1496 3500 saepe
1525 3428 1561 3484 de
1583 3428 1628 3484 his

103 3538 236 3591 murra
253 3538 291 3592 aa
311 3540 423 3595 struem
448 3541 631 3600 quemnam
654 3545 755 3617 epora
807 3523 940 3579 Ecclesiae
952 3521 1097 3595 provenit.

305 3626 383 3681 pum·
842 3618 886 3673 IV.
901 3616 974 3672 Laici
986 3632 1062 3687 vero,
1073 3615 1123 3688 qui
1137 3615 1275 3672 habentes
1285 3632 1386 3672 uxores
1399 3616 1535 3689 baptizati
1549 3620 1627 3684 suut,

103 3710 123 3765 is
133 3710 230 3765 rolens
247 3715 359 3783 partem
374 3714 418 3769 sui
431 3717 556 3788 corporis
569 3717 759 3789 amputaverit
808 3727 840 3766 ac
854 3711 876 3765 si
889 3727 917 3766 se
932 3709 1165 3777 instituerunt,ut
1179 3708 1277 3781 opinio
1290 3726 1389 3765 eorum
1403 3711 1433 3765 in
1447 3710 1526 3765 nullo
1540 3710 1626 3765 vacil-

103 3813 132 3854 ιο
145 3816 205 3855 nou
221 3804 324 3873 potest,
336 3804 436 3859 nolens
448 3808 543 3861 autem
556 3810 659 3878 potest.
806 3804 856 3872 let,
866 3809 899 3860 ut
910 3809 959 3860 aut
971 3801 1079 3859 clericis
1087 3801 1179 3874 juncti
1193 3801 1261 3871 sint,
1269 3806 1319 3858 aut
1331 3803 1512 3859 monasteriis
1524 3819 1558 3859 ex
1569 3818 1628 3876 quo

103 3891 245 3966 idigami
276 3895 312 3951 ad
340 3897 450 3953 clerum
476 3899 587 3957 admitti
617 3918 677 3959 non
696 3919 759 3975 pos-
807 3897 943 3970 baptizati
967 3896 1023 3952 sint
1044 3895 1191 3965 haeserint,
1214 3895 1239 3951 si
1263 3912 1320 3953 non
1344 3895 1544 3965 concubinam,
1568 3912 1627 3952 non

807 3995 938 4070 pellicem
949 3995 1091 4064 noverint,
1109 3995 1176 4050 siin
1191 3993 1325 4050 omnibus
1338 3994 1472 4067 oporibus
1491 3994 1626 4068 vigilave-

103 4077 132 4133 ie
146 4077 225 4135 laicis
245 4079 283 4136 ad
301 4081 409 4138 clerum
437 4100 495 4139 uon
509 4084 616 4143 debent
640 4103 756 4159 promo·
807 4088 1313 4162 rint,nonprohibenturhujusmodi
1322 4088 1513 4146 adelerieatus
1522 4093 1629 4146 sortem

808 4184 924 4241 assumi.

105 4271 142 4327 de
155 4271 234 4327 laicis
254 4278 373 4344 possunt
384 4276 480 4331 clerici
502 4277 576 4348 lieri,
599 4278 645 4334 bic
659 4283 758 4352 aperte
843 4280 875 4335 V.
890 4281 933 4335 lta
944 4294 1013 4334 sane
1028 4281 1060 4333 ut
1072 4277 1102 4333 in
1115 4293 1165 4333 eos
1180 4280 1310 4348 tempora
1321 4292 1339 4331 a
1350 4275 1506 4348 majoribus
1521 4277 1629 4335 consti·

112 4365 291 4438 prohibetur.
808 4375 869 4429 tuta
890 4376 1050 4441 serventur,
1073 4387 1125 4426 uec
1149 4370 1206 4426 cito
1222 4369 1343 4442 quilibet
1366 4370 1466 4438 lector,
1485 4371 1542 4427 cito
1563 4387 1629 4427 aco·

103 4459 248 4533 mporibus
261 4461 290 4515 in
303 4462 379 4517 clero
393 4463 589 4521 immorandis.
808 4467 892 4540 lytus,
906 4466 961 4521 cito
972 4465 1119 4533 diaconus,
1129 4464 1185 4520 cito
1200 4464 1329 4519 sacerdos
1343 4464 1402 4531 fiat,
1416 4464 1483 4536 quia
1492 4464 1523 4519 in
1536 4464 1628 4520 mino·

103 4568 165 4621 uus,
181 4553 282 4624 Faucr,
299 4556 432 4629 episcopo
446 4558 615 4615 Nuceriano.
767 4560 887 4655 Dribus
909 4557 1009 4616 oiilciis
1028 4557 1052 4613 si
1071 4558 1120 4613 diu
1133 4556 1290 4630 perdurent
1310 4559 1339 4612 ct
1359 4555 1417 4612 vita
1431 4572 1531 4612 eorum
1552 4557 1629 4627 pari-

103 4662 139 4703 on
152 4650 580 4720 possumusdileciionemtuam
590 4654 669 4726 sequi
680 4654 759 4710 insti·
809 4660 854 4710 ter
877 4657 906 4710 et
926 4652 1061 4725 obsequia
1078 4650 1309 4723 comprobantur,
1330 4653 1362 4704 ut
1384 4649 1421 4705 ad
1441 4650 1630 4707 sacerdotium

103 4758 155 4797 um
168 4744 322 4816 omniaque
337 4761 400 4816 quae
414 4750 534 4818 possunt
546 4747 673 4820 aliquam
687 4748 758 4805 roci·
808 4748 926 4822 posthac
946 4745 1068 4804 emensis
1091 4743 1297 4817 stipendiorum
1311 4743 1423 4799 meritis
1438 4743 1564 4812 saniant,
1577 4761 1630 4802 nec

103 4836 238 4892 tationem
258 4838 293 4893 ad
309 4856 360 4894 nos
380 4841 462 4911 quasi
473 4841 507 4896 ad
524 4847 608 4913 caput
623 4845 708 4914 atque
723 4841 760 4898 ad
809 4841 977 4916 proripiant
988 4840 1067 4913 quod
1077 4838 1135 4894 vita
1147 4838 1265 4911 probata
1277 4837 1633 4912 mereturaccipere.0uo·

103 4928 251 5002 riscopatus
273 4931 390 5003 referre,
418 4939 449 4989 ut
473 4935 602 4990 consulta
630 4936 761 4992 videlicet
810 4935 888 4990 niam
908 4950 977 5007 ergo
999 4935 1077 4989 certa
1103 4930 1273 4988 delinitione
1298 4935 1487 4988 monstratum
1514 4939 1557 4990 est
1581 4935 1631 5008 qui

103 5024 195 5079 stolica
209 5040 243 5080 ex
261 5025 331 5098 ipsis
354 5027 439 5082 rebus
465 5028 558 5083 dubiis
578 5032 689 5085 certum
708 5029 759 5085 ali-
810 5029 931 5084 debeant
939 5026 1052 5083 admitti
1064 5026 1147 5098 quive
1158 5024 1317 5097 reprobari,
1326 5041 1360 5081 cx
1367 5024 1411 5082 his
1419 5026 1551 5083 omnibus
1559 5044 1632 5100 quos

103 5117 196 5173 :ndum
212 5120 389 5190 pronuntiet.
413 5121 496 5185 Quod
519 5128 547 5178 et
565 5140 619 5178 nos
638 5123 762 5180 libenter
811 5121 888 5177 videt
908 5121 1037 5193 dignatio
1052 5122 1101 5176 tua
1113 5135 1171 5175 non
1192 5134 1274 5191 posse
1296 5119 1454 5191 reprobari,
1469 5121 1575 5192 eligere
1586 5120 1633 5177 de-

110 5211 426 5270 etdilectionemtuarn
442 5232 602 5272 memorem
619 5235 762 5275 canonum
810 5215 892 5272 bebis
907 5229 980 5288 quos
996 5213 1221 5271 clericosiacias.
1239 5212 1270 5269 Si
1283 5212 1361 5268 enim
1383 5214 1491 5270 nuliam
1508 5214 1630 5287 gratiam

103 5316 150 5357 us.
167 5301 309 5374 Scripsisti
322 5321 391 5376 ergo
404 5304 480 5376 quod
495 5306 604 5363 fervore
623 5308 689 5364 lidei
704 5324 762 5381 quo
812 5310 976 5368 hominibus
984 5313 1035 5364 aut
1045 5306 1213 5364 beneficium
1224 5311 1360 5378 praestare
1372 5308 1502 5374 velimus,
1510 5307 1582 5362 tales
1589 5305 1633 5362 in·

103 5400 302 5452 moresanctae
315 5398 416 5469 piebis,
428 5401 472 5456 vei
486 5401 661 5474 reparaveris
673 5402 762 5460 eccle·
812 5404 912 5462 venire
925 5418 1086 5477 possumus,
1112 5401 1148 5457 de
1163 5416 1286 5473 quorum
1305 5401 1501 5473 assumptione
1518 5415 1571 5455 nee
1586 5399 1631 5455 in-

103 5487 134 5546 ei
150 5504 241 5547 novas
252 5506 380 5565 quasque
393 5495 592 5565 construxeris,
608 5496 658 5552 sed
674 5497 705 5552 in
718 5497 764 5552 his
813 5514 928 5556 currere
943 5512 995 5554 nco
1008 5496 1175 5554 erubescere
1186 5496 1339 5551 salmurus.

103 5592 149 5685 ros
170 5581 326 5686 constituas
348 5599 405 5638 non
428 5583 543 5653 habere,
559 5585 670 5657 aliquos
696 5602 764 5644 vero
813 5619 851 5674 D,
860 5617 903 5672 pi,
916 5617 965 5687 qm·
976 5616 1006 5670 ὑ,
1016 5613 1186 5686 μωὸνςρήο
1199 5613 1268 5683 pillos
1281 5613 1441 5680 pesuerunt,
1453 5615 1484 5664 ut
1496 5610 1532 5666 ab
1545 5612 1633 5681 osllcio

103 5672 197 5746 liquos
209 5674 340 5748 digamos
359 5694 429 5746 esse,
451 5679 487 5733 ad
503 5679 580 5751 quod
605 5679 766 5753 stupuimus
1125 5688 1322 5740 removeantur.

103 5782 119 5823 t
145 5767 250 5840 nrum,
273 5768 308 5825 de
329 5770 374 5826 his
392 5772 513 5828 voluisse
534 5773 681 5829 consulere
701 5789 766 5848 que
850 5782 1029 5838 iuuocsurrus
1049 5780 1161 5835 dureo
1174 5779 1205 5832 et
1225 5776 1331 5832 Srvsno
1345 5773 1483 5848 episcopis
1504 5791 1558 5849 par
1572 5776 1632 5835 Bri-

103 5870 266 5925 miserta
285 5869 398 5926 ratione
418 5876 574 5943 comperta.
603 5873 680 5948 Ergo
708 5888 767 5930 non
815 5873 879 5932 tius.

151 5964 289 6037 Persou.
315 5967 430 6034 CXXX.
1430 5971 1478 6033 uzu
