3870 6150
72 206 125 257 973
680 202 931 270 ,ΒΕΕΒΕῙΑΗΙΜ
949 204 1141 261 connectio.
1705 207 1757 261 tut

70 315 171 366 tamen
185 310 327 367 molatio
338 325 438 367 earum
456 326 489 369 ex
504 312 580 369 sedis
594 314 754 386 apostolicae
766 330 887 371 consen·
898 313 994 399 Acar
1004 329 1063 370 non
1077 318 1110 369 ut
1119 313 1172 369 ista
1184 329 1258 370 nova
1269 311 1356 370 iacies
1368 328 1476 382 renim,
1487 318 1516 370 et
1528 316 1608 371 tanta
1617 315 1757 386 tragedia

71 404 154 460 sione
168 404 318 477 penderet,
332 404 382 460 ubi
394 409 548 479 utrumque
564 408 664 476 deluit,
677 425 730 466 nec
745 408 893 465 discussio·
942 408 977 463 de
984 407 1151 480 pontificum
1162 409 1341 464 successione
1349 408 1505 464 viventium
1517 407 1627 478 synodo
1638 407 1758 465 discute-

72 513 140 553 nem
163 499 333 570 legitimam,
347 515 399 555 nec
420 501 624 572 purgationem
645 503 769 572 firmam,
789 520 821 558 ac
841 520 894 575 per
942 507 1031 570 retur,
1046 501 1165 573 egistis?
1178 505 1221 556 An
1235 502 1271 558 de
1285 518 1342 557 uno
1357 501 1457 557 dolent
1477 502 1588 568 acacio,
1599 501 1676 574 quod
1690 518 1755 575 spe-
1843 541 1848 556 .

70 593 147 648 hauc
170 593 364 664 receptionem
385 593 473 650 luisse
493 601 605 652 constat
626 596 795 652 indebitam.
811 597 839 653 si
860 601 893 654 tu
943 594 1006 650 ciali
1020 596 1129 666 synodo
1152 610 1211 649 non
1231 595 1318 650 issent
1336 594 1505 662 contutatus,
1521 611 1586 650 cum
1608 595 1757 667 proprium

71 687 180 758 absque
193 703 260 741 mee
273 687 474 744 communione
491 689 606 744 Petrum
624 691 758 762 judicasti
772 706 832 746 csse
845 708 891 746 ce·
943 689 1051 744 crimen
1072 688 1175 744 litteris
1195 688 1254 742 suis
1274 688 1336 761 ipse
1357 687 1504 755 detexerit,
1521 704 1574 743 nec
1597 688 1688 744 audiri
1706 688 1755 745 de·

72 780 227 848 tholicum,
239 796 343 852 meque
361 781 495 853 despecto
516 785 565 838 tuo
581 799 648 839 cum
666 784 731 855 juce
752 784 892 857 recepisti,
942 783 1046 850 buerit,
1055 782 1117 853 jam
1133 786 1234 853 sponte
1248 781 1404 847 confessus,
1418 784 1448 836 et
1460 780 1496 836 de
1508 780 1595 837 tantia
1612 782 1754 853 pontilici-
1847 806 1850 811 ⁴

72 872 154 945 qnod
165 874 297 944 mnsaris,
305 874 328 930 si
338 875 419 930 illum
427 891 482 948 ego
493 892 511 931 a
521 877 724 932 communione
735 893 893 949 mesquam
942 876 995 930 bus
1008 875 1152 931 catholicis
1161 890 1218 929 non
1229 873 1337 942 dolent,
1346 872 1408 928 sine
1417 874 1476 929 nlla
1486 873 1661 932 discussione
1670 877 1758 932 seclu-

73 971 104 1022 tn
118 967 232 1023 voluisti
244 974 450 1041 contemptam,
460 972 599 1040 tanquam
614 970 719 1043 absque
731 976 781 1026 tua
792 972 894 1027 notitia
943 970 1025 1026 sissi
1034 969 1185 1024 catholicos
1192 973 1310 1025 nossent
1320 983 1378 1037 eos,
1389 983 1513 1039 quorum
1522 970 1756 1027 communionem

71 1061 115 1115 vel
128 1062 337 1118 consultatione
355 1062 533 1134 repellerem.
547 1064 594 1119 Vis
607 1064 798 1136 acquiescere,
812 1080 893 1121 meus
943 1065 1107 1130 vitaverant,
1141 1062 1185 1117 his
1216 1063 1312 1134 potius
1346 1062 1557 1118 communicare
1593 1065 1760 1121 maluissent

72 1173 122 1211 es:
140 1172 201 1212 non
212 1154 255 1210 vis
272 1157 464 1228 acquiescere,
480 1173 562 1212 meus
581 1173 640 1213 non
658 1175 697 1213 es.
715 1180 729 1208 a
743 1158 797 1224 oni
815 1158 891 1214 enim
944 1174 1029 1229 quam
1043 1173 1102 1212 non
1116 1156 1359 1212 communicantes
1370 1155 1411 1211 eis
1423 1155 1700 1227 durapersecutionc
1710 1159 1760 1213 de·

72 1265 189 1305 mecum
203 1266 262 1305 non
276 1252 329 1318 est,
345 1239 444 1305 contra
458 1265 504 1306 me
517 1256 570 1314 est,
583 1258 613 1307 et
629 1251 678 1323 qui
699 1268 812 1308 mecum
833 1268 893 1308 non
943 1251 1020 1322 pelli.
1041 1252 1111 1306 Ecce
1133 1249 1265 1306 catholici
1288 1249 1359 1305 tanti
1383 1248 1544 1306 sacerdotes
1564 1251 1620 1306 hoc
1643 1251 1704 1323 ipso
1727 1269 1759 1308 sc

69 1343 192 1415 colligit,
216 1343 323 1415 spargit
342 1343 448 1410 (blattis.
472 1359 520 1413 ru,
543 1344 630 1415 till.»
653 1346 754 1410 Quaero
778 1345 829 1401 ahs
852 1350 892 1414 tc,
940 1344 1081 1415 judicant,
1103 1344 1172 1417 quid
1197 1343 1352 1416 apostolica
1376 1343 1457 1398 sedes
1483 1345 1629 1400 censuerit
1653 1362 1759 1418 cogno·

69 1438 190 1492 Petrum
208 1436 377 1491 hereticum
396 1437 482 1495 luisse
496 1443 587 1510 putes,
603 1455 640 1494 an
661 1439 842 1508 catholicum,
856 1455 894 1495 au
944 1438 1025 1506 visse,
1037 1441 1255 1509 constanterque
1269 1437 1404 1510 probasse
1416 1437 1673 1512 retinendum,qni
1684 1456 1761 1496 com·

68 1531 105 1586 ab
125 1530 231 1586 haeresi
254 1536 353 1602 postea
376 1546 437 1587 essa
460 1533 643 1589 correctum?
665 1533 693 1589 Si
715 1533 893 1604 haereticum,
944 1532 1111 1587 munionem
1132 1532 1301 1587 catholicam
1323 1537 1501 1600 resonantes,
1515 1537 1544 1588 et
1558 1548 1607 1589 eos
1625 1533 1674 1605 qui
1689 1550 1758 1606 apo·

69 1625 237 1680 nullatcnus
268 1625 295 1680 ei
329 1625 543 1681 communicare
581 1626 713 1693 debuisti,
742 1631 770 1682 ct
801 1627 894 1682 eidem
945 1626 1049 1682 stolicoe
1063 1625 1123 1680 sedi
1138 1625 1392 1692 communicarent,
1405 1626 1545 1697 usquead
1558 1628 1761 1698 persecutionis

69 1718 323 1788 communicando,
338 1719 465 1776 haeretici
479 1724 507 1777 te
527 1719 708 1776 manifestum
727 1725 770 1775 est
788 1694 933 1776 lactumB
945 1720 1075 1775 incursus
1087 1723 1207 1775 tenuere
1220 1720 1376 1774 consortes.
1389 1718 1471 1775 Certa
1484 1735 1548 1791 que
1558 1720 1639 1775 sedes
1649 1725 1761 1793 aposto·

68 1812 163 1867 fuisse
184 1812 365 1884 participem,
381 1817 411 1868 et
431 1815 493 1885 ejus
515 1816 722 1885 consequenter
740 1829 773 1870 ex
795 1815 895 1885 synodi
944 1815 998 1869 lica
1007 1814 1172 1869 decreverat
1184 1812 1372 1868 orientalibus
1384 1813 1524 1884 episcopis
1536 1829 1593 1869 non
1605 1814 1760 1871 innotuisse

67 1911 173 1962 tenore
183 1906 345 1963 venientem
360 1906 544 1963 damnatione
554 1907 723 1979 constringi.
735 1907 762 1964 Si
772 1908 894 1963 catholi-
940 1909 1075 1979 jactatur.
1098 1907 1178 1962 Unde
1198 1922 1267 1978 ergo
1290 1909 1331 1961 tot
1352 1907 1482 1978 tentique
1502 1907 1649 1979 pontifices
1668 1924 1760 1965 unum

69 1999 893 2073 cnm,palamtotiusdogmatisesdelensor,quodcatho·
945 2000 1075 2073 idemque
1098 2017 1164 2056 cum
1187 2000 1253 2056 sede
1276 2001 1429 2072 apostolica
1452 2002 1617 2069 sentientes,
1637 2018 1759 2074 eamque

70 2093 174 2159 licuvn,
191 2094 403 2165 pronuntiasse
416 2094 604 2151 nihilominus
621 2094 697 2149 illius
709 2095 814 2150 erroris
825 2110 894 2150 cen·
944 2094 1096 2166 probantes
1118 2099 1216 2166 aperte
1236 2094 1375 2166 religione
1398 2097 1616 2162 sacrosanctam,
1638 2111 1761 2168 veraque

69 2187 156 2253 seris,
170 2187 194 2242 si
212 2187 380 2243 haereticum
403 2188 489 2243 luisse
510 2187 641 2256 definias,
655 2204 689 2243 ac
712 2192 810 2260 postea
831 2205 894 2244 cor·
945 2188 1210 2260 sanxissequaeuon
1224 2188 1315 2243 solum
1328 2187 1473 2259 sequenda
1487 2187 1759 2260 sibijndicaveruut,

70 2281 181 2336 rexisse
198 2281 369 2351 praetendas,
386 2280 470 2354 eique
486 2286 513 2337 tc
527 2287 648 2353 purgato
670 2281 894 2337 communicasse
944 2281 1100 2337 sedetiam
1122 2298 1210 2354 usque
1233 2281 1270 2337 ad
1293 2281 1523 2354 persecutionem
1546 2281 1666 2338 viriliter
1681 2298 1761 2339 excr-

70 2375 256 2448 pronuntias.
275 2375 390 2430 interim
405 2375 486 2446 cujus
498 2391 621 2447 persona
635 2391 680 2430 me
690 2374 894 2447 negligendum
945 2375 1044 2431 cende.
1059 2377 1127 2430 Ecce
1147 2374 1285 2430 habuistis
1298 2375 1347 2447 qui
1365 2375 1528 2447 apostolicae
1549 2376 1762 2433 constitutionis

71 2483 133 2524 esss
144 2468 309 2524 credidisti?
317 2467 500 2525 Causarinon
512 2471 593 2540 potes
602 2467 679 2540 quod
689 2469 719 2523 in
730 2469 783 2524 bac
794 2468 894 2525 endem
944 2468 1108 2524 etnotitiam
1117 2469 1369 2541 vobisingererent
1380 2472 1409 2523 et
1422 2468 1566 2524 retinendi
1574 2469 1761 2526 constantiam

71 2559 893 2634 neglexerim,deindeqnodsinemcjusnonhabiterisvel
943 2561 1148 2617 ministrarent.
1170 2562 1197 2617 Si
1214 2561 1369 2634 apostolica
1391 2561 1476 2616 sedes'
1493 2560 1614 2631 misisse,
1629 2562 1674 2618 vix
1691 2563 1762 2619 duos

71 2654 242 2711 absolvendi
254 2655 469 2733 velrecipiendi
484 2654 650 2727 hujusmodi
661 2654 713 2709 rite
728 2671 892 2726 personam.
945 2661 995 2710 aut
1007 2660 1065 2710 tres
1077 2655 1204 2726 dirigere
1225 2655 1374 2727 potuisset.
1391 2655 1461 2710 Ecce
1473 2657 1518 2710 tot
1530 2654 1677 2726 pontillccs
1690 2672 1761 2728 upo-

73 2749 152 2804 lianc
163 2747 242 2803 enim
252 2764 402 2820 personam
413 2765 466 2803 nec
476 2751 629 2820 purgatam
640 2748 782 2821 legaliter,
792 2763 896 2803 neere-
944 2747 1050 2804 stolicre
1061 2747 1760 2820 sedisscitasectantes,ingeruntnobisnotitiam,

74 2841 895 2914 gulariterconstatessercceptam,quamregulariternon
944 2847 973 2896 et
991 2842 1122 2914 prebent
1142 2841 1289 2897 servande
1303 2841 1431 2896 veritatis
1445 2840 1574 2913 exempla
1592 2841 1643 2914 qui
1661 2846 1763 2900 contra

74 2939 223 3007 receptam
231 2940 289 2991 tam
297 2934 494 3007 legaliternon
503 2939 681 2991 constatesse
690 2939 854 3007 purgatam.
862 2935 895 2990 Et
944 2938 1037 2991 tantos
1049 2935 1189 2990 clausistis
1201 2935 1298 2991 oculos
1310 2935 1416 2990 ibidem
1427 2934 1606 3004 constitutos,
1618 2937 1762 3008 quomodo

73 3028 447 3101 ideonoujurepurgatam,
459 3029 891 3101 quialegaliternonreceptam.
904 3069 932 3145 C
944 3029 1016 3085 diros
1029 3029 1073 3083 vel
1093 3032 1151 3084 tres
1165 3028 1266 3084 audire
1281 3029 1411 3101 possetis.
1433 3029 1489 3082 lloc
1509 3029 1571 3100 ipso
1592 3029 1654 3086 sine
1674 3030 1761 3088 dubio

73 3123 134 3177 llea
151 3121 230 3177 enim
243 3121 369 3177 inillam
390 3139 455 3177 mea
474 3126 609 3178 manente
622 3123 775 3189 sententia,
789 3128 821 3178 tu
832 3122 893 3177 sine
944 3122 1125 3194 cognovistis,
1143 3123 1203 3177 illos
1215 3123 1378 3194 apostolicae
1397 3124 1456 3179 sedi
1474 3125 1667 3196 placensque
1683 3125 1763 3181 vobis

74 3214 223 3287 pontificio
236 3232 313 3283 meo,
327 3220 360 3272 ut
372 3231 466 3271 meam
484 3215 654 3271 sententiam
674 3217 830 3272 resolveres
846 3215 895 3286 jus
945 3217 1092 3289 displicere
1116 3216 1264 3272 videbatis.
1291 3220 1345 3271 Aut
1366 3215 1429 3271 illos
1450 3233 1520 3289 crgo
1545 3218 1690 3274 sectamini
1711 3235 1763 3291 per

75 3325 133 3364 non
146 3308 267 3376 habens,
282 3325 339 3382 qua
354 3312 494 3382 potestate
508 3311 552 3365 vel
571 3309 713 3364 discussus
728 3315 770 3365 est
782 3309 825 3364 vel
839 3325 896 3381 qua
946 3326 1018 3381 quos
1031 3309 1232 3381 intelligebatis
1246 3308 1320 3364 sedis
1337 3311 1500 3380 apostolice
1512 3311 1698 3377 voluntatem,
1713 3317 1763 3369 aut

74 3402 245 3458 auctoritate
263 3408 395 3475 receptus
414 3403 560 3459 asseritur.
583 3404 653 3458 Ecce
669 3402 785 3458 interim
802 3403 832 3458 in
851 3402 895 3459 his
946 3403 982 3458 ad
996 3403 1117 3458 nihilum
1133 3402 1248 3474 quidem
1264 3402 1300 3457 de
1313 3402 1474 3474 ignorantia
1488 3404 1580 3459 velitis
1594 3403 1760 3475 obtendere,

75 3496 171 3551 causis
183 3500 275 3551 vestra
295 3500 376 3551 nutat
394 3500 423 3551 et
444 3495 550 3551 labitur
572 3496 736 3563 auctoritas,
751 3498 780 3552 et
796 3496 819 3551 si
833 3496 895 3551 haec
945 3513 1009 3552 cum
1017 3495 1132 3568 judiciis
1145 3495 1232 3551 tantis
1243 3499 1272 3551 ct
1281 3496 1385 3551 talibus
1399 3496 1551 3553 abutentes
1562 3497 1636 3553 sedis
1647 3503 1761 3569 aposto·

75 3589 137 3645 sola
152 3589 191 3646 sit
203 3605 318 3661 prorsus
332 3595 391 3645 tola
408 3589 571 3645 subruetur.
585 3590 639 3646 Sed
654 3589 785 3646 adducite
803 3590 895 3646 adhuc
946 3590 1006 3644 licae
1028 3589 1179 3644 constituta
1194 3589 1365 3646 testimoniis
1386 3590 1608 3661 predicantibus
1628 3607 1761 3664 respuere

76 3681 156 3739 eliud
168 3682 245 3755 quod
258 3682 294 3737 ad
312 3682 459 3739 cumulum
475 3687 577 3739 vestre
596 3683 797 3739 commotionis
815 3699 893 3739 aoce-
946 3684 1135 3755 potiusquam
1149 3682 1276 3754 recipere
1289 3683 1438 3740 maluistis.
1454 3684 1589 3757 Nunquid
1605 3700 1705 3741 omnes
1715 3685 1762 3742 isti

77 3776 133 3832 dat
144 3776 219 3842 Quid
231 3776 309 3832 enim
323 3775 347 3831 si
359 3775 495 3832 doceatur
507 3793 566 3832 non
581 3777 673 3832 solum
684 3777 851 3849 priusquam
865 3778 896 3833 in
945 3777 1242 3849 quusmemoravimns
1251 3776 1377 3849 episcopi
1384 3777 1548 3850 imperatori
1558 3779 1671 3834 mentiti
1677 3780 1762 3834 sunt?

78 3870 139 3941 eius
157 3870 388 3926 communionem
413 3870 559 3940 veniretis,
579 3886 675 3942 neque
692 3871 895 3928 tantummodo
945 3870 1077 3943 Nunquid
1091 3886 1191 3926 omnes
1202 3870 1385 3943 imperatoris
1405 3888 1512 3927 nomeu
1526 3887 1559 3927 er
1572 3872 1684 3944 dipticis
1697 3873 1760 3929 abs·

77 3962 773 4038 cumedeJuscommunionemvenistis,posteain
784 3964 897 4021 haereti-
947 3965 1089 4020 tulerunt?
1106 3966 1235 4036 Cumque
1256 3965 1432 4035 pellerentur
1445 3970 1474 4021 et
1491 3964 1561 4020 vivis
1581 3965 1763 4037 pontificibus

77 4059 179 4114 corum
189 4057 377 4114 nihilominus
386 4058 588 4114 communione
601 4058 730 4126 durasse,
741 4076 838 4115 nonne
848 4063 897 4115 aut
945 4058 1100 4127 catholicis,
1114 4074 1287 4114 successores
1298 4057 1436 4126 haeretici,
1452 4063 1482 4114 et
1493 4074 1552 4114 non
1570 4059 1606 4116 de
1619 4059 1761 4115 interiori·

77 4168 130 4224 pcr
140 4152 223 4207 illum
232 4152 308 4224 apud
316 4168 365 4209 vos
374 4152 539 4207 communio
554 4153 739 4224 perveniebat
749 4153 895 4221 haeretica,
945 4151 998 4207 bus
1010 4152 1168 4224 quibusque
1186 4151 1357 4220 civitatibus,
1373 4151 1423 4207 sed
1444 4152 1532 4207 etiam
1554 4153 1764 4225 metropolitani

76 4246 164 4301 autin
172 4245 376 4302 hereticorum
387 4247 622 4302 communionem
631 4263 679 4300 vos
690 4247 751 4317 ejus
760 4263 898 4302 commen·
946 4246 1094 4319 pontillces
1103 4246 1132 4301 in
1140 4246 1279 4302 catholica
1287 4246 1489 4301 communione
1498 4246 1608 4317 jugiter
1617 4246 1763 4316 durantes,

76 4341 119 4396 cio
128 4339 303 4395 transibatis.
323 4341 427 4396 Docete
441 4341 530 4413 igitur
541 4341 658 4395 Petrum
674 4339 896 4396 Alexandrinum
946 4356 997 4394 cur
1006 4340 1095 4411 igitur
1107 4340 1247 4412 compassi
1259 4356 1317 4396 non
1331 4340 1398 4396 estis
1409 4339 1496 4395 tantis
1508 4339 1644 4396 tratribus
1652 4339 1762 4408 vestris,

77 4432 373 4490 mhntioeheniPctri
381 4433 998 4519 unquamcommunionedescisse,et1)cur
1019 4450 1076 4488 non
1103 4433 1210 4489 adiistis
1231 4433 1453 4505 imperatorem?
1473 4433 1531 4488 Cur
1554 4449 1612 4490 nou
1632 4433 1764 4489 Ecclesiae

76 4544 136 4583 non
150 4542 241 4600 usque
254 4527 290 4583 ed
303 4527 380 4584 diem
394 4544 459 4584 cum
474 4528 666 4584 Antiochenus
688 4529 786 4583 Petrus
799 4527 830 4583 in
842 4528 896 4582 hac
947 4543 1059 4582 causam
1079 4531 1107 4581 et
1127 4525 1279 4582 sacerdotii
1303 4525 1498 4582 miserabilem
1524 4525 1768 4582 decolorationem·

76 4622 141 4677 lucc
153 4626 280 4677 versatus
292 4626 336 4678 est
357 4621 537 4678 individuum
561 4621 710 4694 utriusque
728 4620 814 4677 luisse
827 4637 896 4677 cou-
947 4620 1119 4675 continuatis
1134 4618 1249 4675 vocibus
1267 4618 1429 4688 deflevistis,
1445 4619 1601 4690 allegantes
1615 4634 1764 4692 nunquam

76 4715 209 4771 sortium.
234 4716 277 4771 dn
299 4715 401 4772 dicturi
418 4718 495 4786 estis,
511 4719 540 4772 et
553 4715 760 4771 Antiochenam
781 4716 897 4771 Petrum
946 4713 984 4769 de
1004 4713 1195 4786 pontificibus,
1209 4713 1266 4769 nisi
1287 4712 1441 4768 Ecclesiam
1462 4711 1603 4783 judicasse
1625 4728 1684 4769 non
1704 4729 1766 4771 esse

76 4808 168 4864 tuisse
182 4812 355 4864 comeatum.
369 4810 485 4866 Curiati
498 4826 588 4881 usque
601 4808 630 4864 in
644 4809 731 4864 linem
746 4825 805 4864 non
818 4824 896 4865 com·
948 4808 1140 4863 humanarum
1153 4808 1250 4879 legum
1261 4807 1296 4862 de
1310 4805 1414 4862 talibus
1426 4805 1501 4860 ferre
1514 4806 1686 4863 sententiam
1700 4808 1765 4864 abs·

76 4902 240 4958 manicasse
265 4902 439 4980 gloriabatur
466 4903 594 4958 acacius.
620 4901 675 4959 Sed
699 4902 768 4973 quid
791 4901 899 4974 proluit
947 4918 1003 4973 qne
1018 4901 1145 4956 Ecclesia
1156 4899 1349 4972 principaliter
1362 4898 1533 4967 constitutis,
1545 4900 1664 4973 obsequi
1674 4902 1766 4957 solers

77 4995 159 5069 quod
183 4996 380 5068 perseipsum
402 4996 614 5052 communicare
639 5012 697 5051 non
716 4994 815 5064 voluit,
833 5010 898 5049 cum
947 4994 1092 5067 principes
1116 4993 1291 5049 Christianos
1313 4993 1433 5049 decretis
1456 4993 1586 5050 Ecclesia
1607 5010 1665 5051 nou
1685 5010 1767 5051 suam

77 5089 179 5146 cidem
193 5089 481 5162 perdlcxandriuum
495 5091 611 5146 Petrum
626 5089 686 5144 sine
702 5090 760 5144 ulla
776 5104 805 5144 se
820 5104 896 5143 com·
948 5103 1108 5161 proponere
1141 5090 1321 5158 potestatem,
1354 5087 1493 5159 episcopis
1525 5092 1610 5161 caput
1644 5088 1766 5144 subdere

77 5182 230 5240 manicare
244 5187 359 5256 putaret
371 5183 488 5241 invidis.
503 5182 576 5248 Quid
591 5183 713 5239 lecimus
726 5182 762 5238 de
774 5185 818 5238 tot
835 5186 897 5238 tan·
948 5181 1108 5253 principem
1117 5180 1246 5250 solitum,
1258 5198 1315 5236 non
1327 5181 1362 5236 de
1372 5197 1471 5237 eorum
1481 5181 1619 5254 capitibus
1625 5180 1765 5253 judicare,

77 5277 173 5350 tisquc
187 5276 349 5334 civitatibus
363 5277 514 5350 exquibus
530 5276 660 5332 catholici
674 5274 824 5348 pontilices
834 5280 901 5332 suut
950 5275 1053 5347 quibus
1074 5273 1203 5330 Ecclesia
1223 5274 1357 5342 consiliis,
1371 5291 1428 5347 qua
1450 5275 1558 5347 syuodo
1580 5273 1765 5345 pellerentur,

77 5370 201 5443 expulsi.
224 5370 252 5428 si
277 5371 409 5428 catholici
433 5371 580 5443 subrogati
603 5375 678 5438 sunt,
697 5385 749 5425 cor
770 5368 900 5426 catholici
951 5369 1019 5441 quid
1032 5369 1156 5441 denique
1171 5369 1391 5439 commisissent,
1404 5373 1434 5423 ut
1447 5368 1508 5424 sine
1521 5366 1579 5422 ulla
1591 5365 1765 5422 discussions

76 5469 149 5520 sunt
162 5464 279 5536 rejecti?
291 5465 320 5521 Si
337 5465 483 5521 evidenter
499 5469 628 5537 apparet,
643 5464 709 5534 quia
721 5479 787 5518 cum
800 5462 899 5519 catho·
950 5479 1046 5519 rerum
1059 5467 1102 5519 tot
1113 5463 1296 5519 ecclesiarum
1318 5462 1456 5537 presides
1470 5476 1525 5533 pro
1543 5459 1669 5515 humano
1683 5458 1767 5516 libitu

76 5558 127 5615 lici
149 5563 217 5614 sunt
237 5558 346 5632 reiecti,
370 5576 429 5615 non
451 5558 583 5614 catholici
604 5557 722 5612 luerunt
743 5555 900 5628 subrogati,
951 5560 980 5612 et
995 5557 1139 5613 secularis
1156 5557 1304 5630 potestatis
1320 5555 1438 5612 arbitrio
1457 5554 1642 5625 pellerentur,
1653 5553 1766 5610 inaudi-

75 5654 173 5708 restat
185 5657 218 5708 ut
230 5653 362 5709 catholici
384 5669 442 5709 non
465 5656 542 5721 suut,
557 5651 608 5706 sed
630 5649 759 5706 heretici
780 5648 900 5723 quicun-
951 5656 1006 5718 tos,
1019 5650 1201 5722 indiscussos,
1215 5651 1415 5708 inconvocatos
1438 5664 1495 5703 non
1515 5646 1619 5704 debere
1640 5647 1766 5721 percelli,

77 5761 139 5819 que
163 5749 366 5803 successerunt.
381 5749 438 5804 Cur
460 5746 500 5801 eis
521 5751 629 5801 temere
650 5743 902 5802 communicastis?
954 5743 1077 5800 maxime
1086 5761 1152 5801 cnm
1169 5758 1351 5800 novacaesar
1363 5741 1785 5806 etnovacarumtac'xesappx-
