3870 6150
137 243 188 323 aaa
580 234 1144 296 eremo.aosec.1x.-1srooe1
1161 225 1374 297 unaclroars
1597 226 1604 235 '
1769 231 1811 296 ab

136 368 216 407 nasse
229 349 416 418 convincitur,
428 349 566 405 sententia
575 351 673 406 tamen
682 347 823 423 superiori
831 351 950 420 servata,
962 332 1200 435 Adscernimus:
1216 349 1244 406 Si
1262 349 1326 422 quis
1344 347 1543 421 cpiscoporum
1561 344 1708 420 magnatis
1727 346 1812 418 crrjus·

136 450 168 499 ut
186 448 301 515 tcmpus
320 442 396 514 quod
409 442 439 496 in
453 443 495 497 ira
507 443 642 514 expendit
658 443 835 515 geminatum
852 444 881 498 in
896 461 953 515 pce⁴
1003 461 1090 517 quam
1102 443 1465 515 uxorem,frliam,neptem,
1475 439 1814 514 seuquolihetillamgra-

136 538 264 592 nitentia
277 536 472 592 satisfactione
487 537 637 607 persolvat.
1004 538 1041 592 du
1050 537 1177 592 adhibito
1186 536 1368 608 pertingente
1376 550 1545 608 quacunque
1553 533 1654 589 fraude
1661 533 1707 588 vel
1715 532 1814 588 subtili·

171 631 201 686 V.
215 630 305 685 Nullis
327 630 384 684 rita
403 630 558 701 presulum
572 627 719 701 pertubari
735 629 819 684 dehet
832 630 952 685 excessi·
1003 626 1813 701 tateadulterinapollutionefaedaveritethouorisproprii

134 723 198 791 bus,
212 724 279 795 quia
293 723 374 778 valde
387 723 540 792 iudignum
555 725 607 791 est,
623 723 717 794 utqui
730 722 826 777 throni
840 722 889 779 liei
902 739 952 778 vo·
1003 723 1124 794 gradum
1133 722 1255 792 amittat,
1267 728 1295 778 et
1306 721 1357 777 sub
1365 721 1455 778 exsilii
1464 720 1642 792 relegatione
1652 721 1812 791 perpetuam

135 821 244 885 cantur,
259 816 314 871 leri
329 815 453 870 motione
473 815 634 884 turbentur,
655 818 684 870 et
705 815 755 887 qui
775 815 882 871 debent
893 831 953 872 esse
1004 815 1307 872 excommunicationis
1323 814 1495 871 sententiam
1507 813 1647 885 perferat,
1662 813 1714 885 qui
1727 816 1812 867 tamen

135 910 191 965 iter
202 909 329 979 iustitia,
342 908 396 980 ipsi
418 907 578 963 efficiantur
592 908 782 963 seminarium
795 909 852 964 litis
867 912 953 981 atque
1004 910 1075 964 circa
1088 911 1175 965 finem
1188 909 1254 965 rite
1274 908 1483 964 communionis
1497 906 1627 962 remedio
1643 905 1813 976 adjuvandus

134 1003 252 1075 rapine.
263 1001 412 1067 Quomodo
421 1018 490 1072 ergo
503 1000 667 1071 hujusmodi
678 1001 766 1072 ljuxta
776 1001 951 1073 Apostolum)
1003 1007 1054 1058 est.
1068 1004 1145 1058 Hauc
1158 1019 1226 1058 sane
1245 1007 1274 1058 et
1294 1002 1335 1057 illi
1359 1001 1531 1058 seutentiam
1554 998 1755 1068 merebuntur,
1769 998 1814 1070 qui

137 1094 431 1166 «irreprehensibiles
454 1095 477 1167 (l
498 1097 566 1150 Tim.
588 1111 615 1162 r,
635 1095 660 1164 7)
682 1115 695 1144 a
718 1099 812 1164 erunt,
828 1095 876 1168 qui
893 1112 952 1150 non
1003 1099 1051 1151 aut
1069 1096 1195 1151 volentes
1219 1095 1409 1151 homicidium
1433 1093 1562 1160 fecerint,
1578 1096 1629 1147 aut
1646 1091 1814 1165 primatibus

135 1191 227 1245 solum
243 1187 472 1260 reprehensibilia
493 1188 610 1255 faciunt,
627 1188 678 1242 sed
700 1188 846 1244 mortifera
860 1188 953 1261 potius
1002 1189 1100 1260 palatii
1121 1188 1321 1260 generosisque
1341 1187 1468 1259 personis
1487 1202 1537 1241 seu
1557 1184 1747 1240 nobilioribus
1759 1184 1814 1256 qui·

136 1287 164 1338 et
176 1283 345 1338 exsecranda
360 1281 559 1336 committunt?
575 1281 668 1336 Relati
687 1281 767 1336 enim
789 1281 872 1337 nobis
887 1285 954 1338 sunt
1002 1283 1167 1355 buseunque
1183 1281 1357 1351 mulieribus,
1370 1279 1528 1353 autpuellis
1537 1277 1647 1350 aliquid
1657 1294 1711 1350 per
1722 1294 1814 1333 necem

135 1375 249 1448 quidam
270 1374 520 1441 exsacerdotibus,
544 1374 619 1445 quod
645 1374 723 1430 omui
748 1374 885 1446 gravitate
907 1391 952 1429 sa·
1002 1379 1108 1447 autpcr
1117 1390 1316 1447 quamcunque
1329 1374 1485 1445 irrogatam
1495 1371 1632 1442 injuriam
1650 1370 1702 1425 visi
1715 1370 1815 1426 fuerint

136 1467 968 1539 cerdotalisordinispraetermissa,audientiumjudicium·
1002 1469 1139 1524 intulisse.
1168 1468 1249 1523 Unde
1275 1483 1322 1522 eos
1346 1467 1429 1538 juxta
1452 1466 1550 1537 legum
1574 1465 1754 1521 secularium
1773 1465 1813 1519 in·

135 1562 232 1617 furore
247 1562 422 1633 praeveniant
446 1564 474 1615 ct
495 1577 610 1616 excessu
632 1561 796 1615 inhoneste
819 1559 953 1615 motionis
1001 1563 1109 1631 stituta,
1120 1565 1170 1615 aut
1183 1561 1319 1616 talionem
1330 1560 1465 1632 recipere,
1477 1563 1527 1615 aut
1536 1558 1723 1615 traditionem
1730 1558 1765 1613 de
1774 1557 1814 1613 his

132 1654 241 1727 judicia
256 1654 354 1710 audire
368 1653 525 1724 refugiunt,
540 1671 592 1725 pro
607 1653 710 1724 quibus
723 1670 772 1709 eos
788 1656 953 1725 oportuerat
1002 1655 1062 1710 fieri
1078 1655 1121 1709 vel
1135 1653 1373 1726 proscriptionem
1387 1655 1524 1724 oporteat.

135 1747 275 1819 equitatis
282 1747 549 1819 judiciasustinere.
560 1747 632 1800 llum
646 1747 724 1801 enim
734 1747 769 1801 de
782 1746 899 1801 honoris
909 1728 990 1800 suiB
1037 1750 1079 1802 tl.
1103 1748 1149 1802 llis
1172 1766 1188 1802 a
1212 1747 1314 1818 quibus
1336 1746 1449 1801 Domini
1471 1749 1649 1801 sacramenta
1673 1744 1813 1800 tractanda

136 1841 259 1896 culmine
272 1841 470 1907 blandiuntur,
490 1840 659 1912 patientiam
674 1839 780 1896 habere
796 1839 952 1910 refugiunt,
1003 1843 1068 1896 sunt
1083 1840 1227 1913 judicium
1242 1839 1389 1913 sanguinis
1403 1828 1511 1911 agitare
1527 1855 1584 1893 non
1606 1839 1690 1907 licet;
1712 1843 1741 1893 et
1753 1838 1812 1893 ideo

135 1937 163 1989 et
189 1934 238 2006 qui
261 1935 426 1989 inconcusse
454 1933 612 1989 debuerant
637 1932 762 1988 veritatis
787 1948 953 1989 conservare
1002 1950 1178 2007 magnopere
1193 1932 1297 1989 talibus
1311 1932 1471 1988 excessibus
1486 1930 1702 2004 prohibendum
1715 1933 1767 1999 est,
1780 1946 1811 1986 ne

135 2030 250 2097 statum,
275 2029 368 2082 subito
396 2026 541 2097 religionis
566 2029 681 2082 mutant
709 2027 896 2098 propositum,
924 2030 953 2080 et
1003 2027 1161 2083 indisereta
1175 2027 1404 2098 praesumptionis
1419 2025 1542 2081 motibus
1554 2023 1667 2097 agitati,
1682 2028 1732 2079 aut
1740 2022 1810 2096 quod

135 2121 273 2191 precipiti
287 2119 723 2190 furorejudiciumantecedunt.
737 2120 838 2191 Sicque
851 2120 881 2173 iu
897 2134 953 2190 quo
1002 2127 1095 2176 morte
1120 2120 1300 2192 plectendum
1325 2126 1377 2187 est,
1400 2119 1539 2174 sententia
1556 2117 1677 2189 propria
1691 2116 1809 2188 judicare

134 2214 269 2268 decuerat
280 2230 329 2269 eos
336 2213 439 2283 judicii
450 2213 587 2267 sustinere
602 2216 774 2267 conventum
784 2212 952 2284 pervasione
1003 2217 1188 2286 praesumant,
1205 2219 1255 2268 aut
1271 2212 1463 2268 truncationes
1482 2210 1659 2283 quibuslibet
1680 2209 1806 2282 personis,

135 2308 226 2377 agunt
245 2305 319 2361 unde
335 2307 370 2361 dc
385 2305 654 2377 presumptionibus
670 2304 952 2370 confundantur.0ui
1003 2313 1053 2364 aut
1061 2324 1113 2380 per
1124 2324 1154 2362 sc
1167 2308 1299 2376 inferant,
1312 2311 1362 2362 aut
1371 2304 1533 2362 inferendas
1545 2304 1725 2377 praecipiant.
1740 2301 1805 2368 Quod

134 2405 233 2456 emen
245 2403 295 2455 aut
308 2401 414 2456 damno
429 2400 537 2472 pariter
548 2402 577 2455 et
591 2398 885 2455 excommunicatione
895 2400 953 2471 ple·
1002 2402 1026 2456 si
1032 2402 1182 2473 quisquam
1188 2401 1292 2455 horum
1301 2399 1452 2455 immemor
1458 2397 1804 2471 praeceptorumautincc·

135 2493 230 2549 ctcndi
244 2496 319 2563 sunt,
334 2497 383 2549 aut
393 2493 504 2548 omissis
514 2492 771 2564 compositionibus
784 2508 881 2548 rerum
893 2493 952 2547 sola
1002 2495 1096 2549 clesiac
1115 2512 1173 2549 suae
1187 2494 1310 2561 familiis,
1325 2493 1417 2548 autin
1431 2492 1606 2563 quibuslibet
1620 2491 1749 2563 personis
1759 2490 1801 2545 ure

134 2587 324 2643 satisfactione
350 2587 524 2659 poenitentiae
540 2587 727 2642 curabuntur.
750 2586 791 2641 illi
812 2586 889 2641 enim
903 2585 951 2658 qui
1002 2589 1109 2659 aliquid
1121 2588 1226 2654 fecerit,
1240 2592 1268 2643 et
1280 2586 1405 2642 concessi
1425 2585 1534 2641 ordinis
1557 2587 1668 2641 honore
1690 2584 1801 2658 privetur

134 2681 177 2737 rei
190 2682 313 2753 propriae
327 2681 460 2737 facultate
471 2680 578 2736 suffulti
587 2683 664 2750 sunt,
677 2683 726 2736 aut
736 2679 785 2752 qui
798 2695 859 2735 rem
871 2695 951 2734 suam
1002 2683 1110 2747 etloco,
1124 2681 1175 2735 suh
1186 2685 1322 2752 perpetuo
1336 2679 1525 2735 damnationis
1537 2683 1673 2734 teneatur
1684 2677 1799 2750 religatus

131 2774 193 2846 jam
209 2778 294 2831 antea
310 2775 340 2830 iu
355 2775 471 2830 nomine
496 2774 624 2830 Ecclesia
645 2775 802 2844 praesenter
825 2772 950 2828 transfu·
1002 2775 1155 2847 ergastulo.
1169 2773 1221 2829 Cui
1231 2779 1327 2829 tamon
1340 2772 1503 2827 commuuio
1516 2772 1633 2828 exeunti
1648 2789 1681 2827 ex
1695 2772 1745 2827 hac
1757 2769 1798 2824 rita

135 2868 208 2924 disse
217 2872 383 2937 noscuntur,
400 2869 423 2923 si
438 2870 487 2922 aut
505 2883 610 2940 perse,
626 2871 676 2922 aut
689 2865 888 2938 persubditos,
902 2880 951 2921 seu
1002 2886 1060 2924 non
1080 2868 1214 2940 neganda
1235 2870 1286 2934 est,
1306 2870 1423 2938 propter
1443 2866 1558 2921 Domini
1580 2864 1796 2928 miscricordiam,

135 2978 186 3034 per
205 2962 346 3035 quoslibet
367 2962 460 3017 aliena
484 2961 632 3033 diripiunt,
648 2960 692 3016 rel
706 2958 950 3031 presumptionis,
1002 2962 1051 3034 qui
1061 2978 1119 3016 nou
1132 2961 1192 3016 vult
1204 2960 1359 3032 peccatoris
1373 2963 1506 3029 mortem,
1521 2959 1572 3015 sed
1587 2964 1618 3016 ut
1636 2962 1798 3015 convertatur

135 3071 185 3111 seu
200 3057 284 3112 cedis
305 3055 452 3128 quidpiam
466 3058 567 3128 agunt,
580 3059 640 3110 tam
654 3054 683 3108 in
699 3053 784 3110 rebus
799 3052 949 3122 fiscalibus,
961 3098 989 3172 C
1002 3062 1030 3111 et
1042 3056 1114 3111 vivat
1128 3059 1135 3125 l
1147 3057 1241 3111 Erech.
1259 3071 1353 3123 xxxur,
1368 3053 1422 3125 ll).
1440 3074 1453 3102 a

135 3164 222 3222 quam
235 3149 321 3205 etiam
337 3150 366 3203 in
382 3149 575 3220 quorumlibet
589 3147 716 3204 dominio
740 3145 907 3214 constitutis,
924 3149 952 3202 et
1036 3151 1091 3205 vll.
1105 3151 1176 3205 Cum
1187 3150 1271 3221 juxto
1282 3148 1406 3220 antiquae
1417 3145 1601 3203 institutionis
1618 3146 1797 3219 edictamplas

134 3244 305 3316 pervasavel
318 3245 493 3315 praesumpta
506 3243 541 3298 de
552 3242 647 3312 rebus,
658 3241 740 3312 juxta
750 3242 846 3312 legem
860 3240 950 3296 excel·
1002 3260 1071 3315 erga
1092 3243 1277 3316 corrigendos
1297 3258 1383 3314 agere
1403 3241 1504 3297 debeat
1516 3240 1718 3298 benevolentia
1728 3253 1796 3313 marn

134 3336 283 3392 lentissimi
296 3336 433 3408 principis
442 3334 574 3404 sarciant,
585 3341 615 3390 ct
626 3351 679 3406 pro
690 3350 805 3390 excessu
819 3332 951 3405 religioni
1001 3338 1150 3406 severitas,
1176 3338 1239 3409 plus
1263 3337 1418 3392 cohortatio
1445 3352 1530 3408 quam
1554 3334 1724 3405 commotio,
1747 3335 1796 3408 plut
1838 3370 1841 3391 :

134 3431 286 3502 contrario,
301 3431 378 3503 quod
391 3430 542 3484 inhoneste
565 3432 630 3484 ante
650 3428 790 3499 judicium
803 3430 950 3500 perpetra·
1001 3431 1120 3487 ebaritas
1135 3447 1222 3502 quam
1236 3433 1368 3503 potestas,
1383 3430 1507 3485 relatum
1518 3433 1561 3484 est
1575 3428 1657 3484 nobis
1670 3423 1796 3501 quodqr'e

133 3528 246 3594 rerunt,
257 3525 381 3579 duarum
397 3523 641 3579 hebdomadarum
657 3520 949 3578 excommunicatione
1002 3525 1067 3580 dam
1081 3542 1113 3580 ex
1128 3524 1263 3580 fratribus
1274 3524 1339 3596 plus
1354 3524 1442 3580 livore
1455 3522 1513 3578 odii
1526 3539 1616 3596 quam
1635 3517 1795 3579 correctionis

132 3617 277 3691 plectendi
289 3620 364 3685 suut,
379 3620 408 3672 et
421 3617 471 3689 qui
486 3616 559 3671 nihil
578 3615 763 3688 proprietatis
783 3614 890 3670 hahere
907 3613 948 3668 vi·
1000 3619 1093 3674 studio
1108 3618 1236 3674 subditos
1259 3618 1451 3690 insequentes,
1471 3618 1541 3673 dum
1556 3634 1585 3673 se
1598 3617 1735 3673 simulant
1750 3611 1793 3686 spl-

66 3757 69 3762 .
133 3712 246 3779 dentur,
269 3728 374 3783 magna
394 3709 571 3767 discretionis
583 3713 643 3764 arte
656 3709 792 3765 medendi
804 3711 880 3778 sunt,
894 3724 950 3780 quo
1000 3712 1326 3768 ritualemeisadhibere
1341 3712 1558 3781 correctionem,
1574 3711 1792 3767 indiscretamsa·

133 3825 187 3863 nec
196 3806 401 3862 aususillicitos
413 3805 596 3860 ecclesiarum
604 3803 784 3859 facultatibus
794 3802 948 3872 redimant,
999 3807 1057 3861 bito
1068 3806 1192 3861 afferunt
1201 3809 1334 3874 mortem,
1343 3822 1408 3861 cum
1421 3805 1565 3861 inauditos
1576 3822 1594 3860 a
1605 3822 1636 3861 se
1650 3803 1791 3877 projiciant

132 3917 184 3958 nec
209 3901 262 3972 ipsi
286 3901 400 3973 ponitus
425 3904 552 3955 extorres
575 3916 592 3953 a
611 3914 696 3970 poena
714 3897 874 3968 persistant.
893 3896 950 3950 Nec
1000 3904 1029 3955 ct
1040 3900 1145 3955 illicitis
1160 3918 1208 3955 eos
1223 3900 1338 3971 judiciis
1350 3900 1402 3954 sub
1416 3899 1583 3971 paenitentia
1597 3899 1730 3970 puniunt.
1747 3894 1791 3949 toa

134 3995 212 4050 enim
224 3995 335 4065 justum
348 3996 391 4049 est
404 3999 436 4049 ut
457 4009 508 4065 pro
527 3991 618 4064 pravis
639 3991 746 4047 actibus
768 3990 948 4046 sacerdotum
1000 4011 1069 4065 ergo
1084 3995 1118 4050 de
1135 3999 1237 4051 caetero
1259 3993 1399 4066 perversis
1420 3992 1614 4049 voluntatibus
1636 3993 1673 4048 sit
1693 3991 1791 4047 liberum

134 4087 276 4157 Ecclesiae,
293 4087 395 4158 quibus
418 4087 601 4159 preminent,
617 4083 774 4140 sustineant
800 4083 947 4150 damnum,
999 4087 1133 4143 simulare
1142 4105 1173 4143 se
1182 4089 1259 4160 quod
1272 4089 1395 4162 lingunt,
1405 4087 1454 4144 sed
1462 4080 1791 4160 quotiescunquequttbt

134 4184 163 4235 ct
178 4196 230 4251 pro
243 4179 403 4234 excessibus
416 4178 521 4234 talibus
532 4176 683 4233 satisfactio
695 4176 730 4230 ab
745 4175 874 4231 Ecclesiis
888 4175 947 4230 exi·
1000 4199 1032 4237 er
1047 4182 1165 4239 subditis
1180 4182 1367 4254 corrigendus
1382 4186 1434 4250 est,
1449 4184 1501 4236 aut
1514 4180 1628 4253 publica
1640 4179 1723 4236 debet
1733 4194 1747 4233 a
1756 4188 1789 4230 tc·

134 4276 228 4345 gatar,
244 4288 309 4327 cum
325 4272 447 4327 Ecclesia
460 4272 581 4327 cultores
593 4287 660 4326 suos
674 4285 730 4324 non
746 4269 781 4324 ad
793 4269 882 4338 litem,
898 4270 948 4324 sed
998 4277 1112 4332 cerdote
1136 4275 1281 4348 disciplina
1306 4276 1407 4343 curari,
1431 4281 1481 4330 aut
1505 4275 1529 4330 si
1551 4275 1636 4331 aliter
1657 4269 1791 4330 moade

133 4366 312 4423 honestatem
322 4366 466 4421 informet.
474 4363 622 4421 [letalibus
630 4379 698 4434 ergo
706 4362 946 4436 placuitdetinire,
997 4371 1100 4443 placet,
1115 4371 1238 4427 duorum
1248 4369 1389 4426 rettrium
1403 4370 1524 4425 fratrum
1538 4359 1790 4441 spiritualianreti·

132 4461 272 4535 quinullis
278 4461 382 4516 habitis
388 4460 472 4515 rebus
478 4458 665 4531 propriis,aut
672 4458 701 4513 in
707 4473 946 4530 quocunqueper·
957 4473 987 4547 Ι)
998 4465 1094 4519 monio
1109 4464 1294 4536 peculiariter
1302 4463 1439 4532 adhibito,
1449 4466 1479 4518 et
1487 4463 1589 4519 modos
1597 4463 1793 4534 ruminantur

132 4573 246 4612 rasores
260 4554 427 4621 exstiterint,
450 4557 500 4609 aut
514 4551 688 4625 quibuslibet
701 4551 830 4623 personis
845 4552 945 4618 cades,
997 4561 1100 4628 saritur,
1109 4562 1137 4613 it
1146 4558 1248 4613 modus
1261 4557 1438 4629 poenitentiae
1452 4557 1612 4629 irrogatum
1625 4558 1666 4614 ita
1678 4552 1792 4613 amend

131 4650 176 4704 vel
188 4651 379 4722 quodcunque
393 4647 622 4721 praesumptionis
635 4645 793 4714 intulerint,
807 4646 884 4700 nulla
899 4661 948 4699 eos
997 4652 1020 4706 si
1034 4652 1130 4707 arsilio
1143 4652 1188 4706 vel
1203 4651 1361 4708 retrusione
1379 4651 1499 4723 dignum
1512 4668 1580 4708 eum
1593 4668 1656 4709 esso
1670 4662 1791 4725 cognore-

132 4743 329 4799 incurvatione
350 4748 438 4799 status
453 4743 496 4797 sui
518 4742 646 4797 servituti
667 4740 819 4797 hominum
843 4739 948 4795 dehere
996 4745 1080 4812 verit,
1102 4749 1151 4800 aut
1173 4746 1241 4818 quid
1260 4745 1337 4801 aliud
1361 4745 1504 4817 peculiare
1530 4745 1690 4804 decreverit
1712 4742 1792 4802 molt!

132 4836 235 4903 addici,
249 4836 298 4891 sed
313 4838 395 4907 juxta
409 4837 484 4909 quod
500 4840 746 4908 praesumptuosus
758 4834 885 4906 quisquis
898 4834 947 4888 ille
997 4839 1180 4912 poenitentiae,
1194 4856 1280 4912 quem
1302 4856 1400 4895 coram
1421 4840 1512 4896 tribus
1527 4840 1665 4896 fratribus
1685 4834 1793 4897 samrdoe

133 4930 282 4997 exstiterit,
309 4930 349 4985 ita
375 4933 403 4983 et
429 4929 603 5002 poeuitentiae
632 4930 744 4999 legibus
772 4928 945 4999 subjacebit;
997 4933 1201 5006 transgressori
1216 4933 1361 5002 indixerit,
1377 4933 1494 5005 speciali
1508 4933 1612 4990 debeat
1621 4932 1793 5008 ejusqutae

132 5019 161 5080 ld
176 5027 219 5079 est
231 5023 254 5078 si
268 5023 297 5077 in
314 5023 410 5078 decern
427 5023 582 5078 solidorum
597 5039 739 5078 summam
756 5026 948 5093 praesumptor
997 5028 1114 5083 tentiam
1122 5026 1242 5099 protulit
1251 5043 1352 5082 manus
1360 5027 1484 5100 proprie
1494 5027 1702 5102 subscriptione
1710 5018 1793 5084 notui.

132 5133 193 5174 esse
207 5116 371 5184 convicitur,
394 5115 495 5186 viginti
515 5115 625 5171 dierum
643 5115 820 5186 poenitentia
836 5115 946 5171 satisfa-
997 5120 1098 5193 sicque
1122 5120 1173 5176 liet
1196 5125 1229 5175 ut
1247 5137 1300 5176 acc
1320 5127 1543 5195 transgressores
1566 5121 1629 5180 sine
1650 5117 1794 5182 tesunoaic

132 5212 223 5268 ctione
237 5212 384 5283 purgetur,
409 5209 450 5264 ita
469 5213 501 5263 ut
521 5208 578 5263 sive
600 5207 728 5279 minoris,
753 5208 811 5264 sire
830 5209 947 5280 majoris
998 5215 1103 5270 ercidia
1116 5215 1180 5270 vitri
1196 5232 1254 5271 suae
1268 5214 1427 5283 incurrant,
1449 5232 1502 5272 nec
1526 5221 1654 5275 rector-05
1673 5221 1795 5277 mmm

131 5321 251 5363 summa
266 5318 411 5360 excessum
420 5301 577 5374 peregerit,
591 5301 724 5357 similiter
736 5302 881 5373 geminata
895 5303 948 5356 hoc
997 5324 1026 5364 re
1049 5309 1084 5364 de
1107 5310 1299 5381 quorumlibet
1312 5309 1515 5367 tenerioribus
1528 5310 1708 5371 erubescant,

131 5415 246 5472 semper
258 5397 447 5454 satisfactione
466 5395 643 5468 poenitentiae
658 5399 864 5467 recompenset.
879 5394 946 5451 Ser·
1033 5403 1795 5476 Vlll.Quidquidinvisihilisgratiaecollatiouetribuitcti

131 5509 179 5548 vos
193 5499 291 5549 autem
305 5490 485 5549 ecclesiaram
497 5488 548 5562 qui
556 5489 722 5562 hujusmodi
736 5505 865 5545 excessus
881 5506 946 5562 ope·
998 5501 1267 5570 nunquamqurestu
1276 5497 1635 5572 velquibuslibetpremiis
1644 5495 1796 5561 venundari.

132 5591 383 5652 rassenoscuntur,
393 5585 428 5641 ad
435 5585 512 5657 leges
525 5585 673 5640 saeculares
680 5583 838 5639 audiendos
847 5585 945 5639 remit·
996 5591 1120 5663 poeriilus
1134 5592 1227 5661 debet,
1243 5593 1354 5648 dicente
1367 5593 1505 5650 nomino:
1519 5615 1534 5645 a
1546 5588 1630 5660 Quod
1640 5595 1798 5671 mrigera·

132 5680 228 5735 timus.
242 5682 276 5736 Et
287 5681 349 5737 haec
358 5680 474 5753 quidem
484 5679 520 5736 de
534 5678 658 5752 generali
668 5695 785 5734 excessu
798 5678 873 5734 dicta
887 5678 945 5735 suf·
996 5684 1086 5756 pistis,
1110 5685 1198 5756 gratis
1221 5685 1284 5742 date
1310 5685 1418 5756 (Mattio.
1435 5703 1462 5757 x,
1475 5689 1512 5760 8),
1528 5709 1543 5739 a
1563 5691 1633 5762 ete„
1652 5690 1799 5766 quicunque

115 5769 228 5828 deant.
242 5775 387 5831 Caeterum
397 5772 583 5851 specialitatis
592 5771 721 5831 ordinem
729 5775 945 5850 prosequentes,
997 5777 1131 5853 deinceps
1144 5779 1175 5835 in
1190 5779 1375 5837 ecclesiastico
1389 5781 1490 5839 ordine
1503 5785 1688 5861 constitutus,
1701 5787 1750 5846 ont
1759 5792 1802 5861 pta
