3870 6150
81 247 129 299 'lii
707 239 944 298 uacuuvthu'u
963 239 1154 297 COLLECTIO.
1708 246 1757 302 378

81 360 134 420 tur,
146 354 190 408 val
200 369 267 409 rasa
277 353 434 423 Uonrinica,
446 354 490 409 vel
500 352 619 409 uomina
632 352 754 407 fratrum
764 368 891 420 suorum,
904 362 932 435 Α
979 351 1064 405 lltltll.
1079 350 1117 406 De
1130 350 1299 407 diaconibus
1319 352 1432 419 urbicis,
1448 355 1554 408 utnon
1577 350 1685 425 aliquid
1704 371 1773 428 per⁴

80 447 182 516 placuit
193 447 286 514 nobis,
302 453 334 502 ut
347 447 509 519 quicunque
524 463 624 502 eorum
647 446 676 501 in
690 446 760 500 actis
775 445 894 518 publicis
943 460 973 498 se
988 447 1170 515 praesumant,
1184 445 1235 499 sed
1248 445 1342 500 honor
1355 446 1527 517 presbyteris
1541 449 1710 503 reservetur.

80 539 164 594 luerit
191 539 329 609 detectus,
350 541 393 596 vel
417 540 509 595 verbis
532 539 616 594 nudis
640 539 675 594 ab
701 539 800 593 ordIne
826 537 894 593 oleri
980 537 1042 591 xlx.
1059 539 1095 594 Ut
1112 536 1271 609 presbyteri
1290 539 1350 593 sine
1366 538 1537 594 conscientia
1561 539 1759 611 episcoporum

80 636 256 689 amoveatur.
271 634 340 688 Nam
356 634 379 688 si
393 634 479 689 iidem
493 634 605 705 aliquos
625 633 771 688 ordinasse
787 630 895 687 IuerInt
944 630 1015 684 nihil
1029 629 1142 685 faciant.

80 725 262 797 deprehensi,
277 730 306 781 et
317 727 341 781 si
354 727 382 783 in
395 727 440 782 his
453 727 503 798 qni
516 727 728 791 ordinaverunt,
743 724 814 779 ratio
825 723 892 778 sub·
979 725 1032 778 XX.
1055 725 1091 778 Ut
1117 723 1269 795 peregrino
1301 724 1433 798 episcopo
1456 725 1536 780 locus
1566 725 1758 785 satisfaciendi
1865 783 1872 791 ,

80 819 157 887 sistit,
173 837 233 875 non
248 826 345 876 tamen
366 820 419 875 illis
438 820 573 875 subsistat
593 819 743 884 ordinatio,
759 818 894 903 quoniam
944 818 1037 872 detur.

79 913 157 966 multi
173 919 242 968 sunt
254 914 302 985 qui
322 919 422 970 contra
444 913 663 969 ecclesiasticam
688 911 818 982 regulam
840 926 892 982 pu·
978 911 1041 965 XXI.
1058 912 1096 965 [te
1111 910 1154 966 his
1175 911 1223 982 qui
1244 917 1386 984 usurpant
1403 912 1456 967 sibi
1471 913 1548 984 quod
1570 914 1621 968 soli
1635 915 1758 972 debeant

79 1021 163 1075 gnare
179 1005 322 1075 videntur,
337 1010 365 1062 et
385 1022 436 1079 per
449 1010 536 1063 testes
559 1004 721 1076 redemptos
743 1007 845 1076 putant
864 1019 893 1058 se
943 1004 1108 1076 episcopum
1121 1003 1266 1072 ordinare,
1278 1006 1395 1078 placuit,
1410 1005 1545 1061 utnullus
1557 1006 1612 1062 hoc
1625 1004 1678 1062 sibi
1688 1025 1758 1080 pras·

79 1100 107 1153 ad
130 1101 350 1155 accusationem
364 1099 478 1155 admitti
498 1098 611 1166 debere,
625 1097 674 1170 qui
696 1097 813 1152 omnino
834 1113 893 1152 nou
942 1100 1047 1164 sumat,
1063 1096 1117 1152 nisi
1132 1098 1286 1169 assumptis
1297 1097 1352 1153 sihi
1364 1099 1426 1153 aliis
1440 1102 1549 1170 septem
1571 1100 1718 1173 episeopis,
1734 1102 1759 1157 ai

77 1191 278 1261 admittantur,
293 1193 347 1248 nisi
363 1195 402 1263 tut
423 1209 510 1264 supra
536 1192 667 1262 diximus)
681 1191 750 1246 actis
773 1190 893 1262 publicis
942 1195 1039 1245 tamen
1062 1207 1119 1245 non
1138 1191 1285 1262 potuerint
1304 1194 1425 1263 septem,
1440 1191 1500 1248 sine
1514 1192 1605 1248 tribus
1625 1194 1759 1250 tratribus

75 1285 228 1341 docuerint
242 1287 320 1341 omni
336 1304 365 1343 se
379 1286 538 1358 suspicione
553 1302 659 1341 carere.
942 1300 1001 1339 non
1017 1284 1143 1339 audeant
1156 1284 1302 1340 ordinare.

101 1380 175 1434 xlv,
194 1380 233 1435 De
247 1381 293 1435 his
312 1381 360 1452 qui
382 1381 452 1436 falso
468 1385 601 1435 accusant
625 1379 728 1434 fratres
741 1395 817 1445 suos,
831 1378 891 1449 pla·
977 1378 1054 1434 XXII.
1078 1379 1118 1433 De
1143 1378 1316 1450 presbyteris
1339 1383 1389 1433 aut
1411 1379 1575 1436 diaconibus
1597 1383 1646 1454 qui
1667 1384 1760 1439 soleat

69 1473 128 1528 ruit
152 1489 206 1528 eos
229 1490 316 1545 usque
334 1475 371 1529 ad
388 1474 495 1531 exitum
517 1490 575 1528 uon
598 1471 821 1539 communicare,
843 1469 891 1526 sed
942 1470 1086 1526 dimittere
1108 1472 1171 1526 loca
1185 1488 1235 1525 sua
1249 1472 1279 1527 in
1300 1472 1402 1544 quibus
1429 1472 1553 1529 ordinati
1581 1481 1647 1531 sunt
1670 1482 1699 1532 et
1722 1477 1758 1533 ad

65 1567 177 1624 falsum
202 1558 304 1623 testem
321 1568 413 1639 [juxta
433 1565 620 1638 scripturam)
635 1565 808 1638 Impunitum
832 1580 891 1619 non
943 1564 1074 1619 alialoea
1093 1581 1122 1619 se
1144 1565 1362 1633 transtulerunt,
1376 1567 1483 1638 placuit
1505 1573 1536 1623 ut
1554 1569 1598 1624 his
1619 1570 1688 1625 locis
1703 1569 1755 1625 mi·

64 1662 158 1718 licere
173 1677 247 1716 esse.
941 1657 1064 1713 nistrent
1075 1656 1179 1729 quihus
1193 1657 1301 1729 praefixi
1314 1664 1395 1726 sunu
1410 1660 1469 1730 qui,
1485 1661 1589 1716 relictis
1602 1662 1672 1717 locis
1689 1663 1757 1731 suis,

103 1757 162 1810 XV.
178 1757 220 1810 lte
234 1754 409 1824 diaconibus,
423 1769 496 1826 quos
510 1753 694 1825 cognovaus
713 1751 810 1808 multis
823 1731 928 1806 locisB
940 1750 977 1806 ad
992 1750 1079 1807 alium
1095 1751 1190 1806 locum
1213 1767 1243 1805 se
1270 1749 1383 1806 deferre
1401 1753 1552 1822 voluerint,
1567 1755 1756 1826 deponantur.

64 1848 189 1916 offerre,
205 1849 311 1921 placuit
322 1848 440 1904 minime
452 1847 514 1902 fieri
529 1847 644 1903 debere.
975 1844 1064 1900 xxur.
1079 1845 1118 1899 lte
1141 1844 1185 1898 his
1204 1845 1254 1916 qui
1273 1848 1443 1916 apostatant,
1457 1851 1485 1902 et
1508 1851 1662 1921 antequam
1677 1867 1707 1905 se
1722 1850 1758 1905 ad

104 1944 175 1998 XVI.
193 1943 232 1998 De
247 1942 291 1997 his
305 1942 356 2015 qui
376 1958 429 2014 pro
449 1939 552 1998 delicto
575 1957 626 1996 suo
650 1957 667 1996 a
689 1937 891 1995 eommunIone
940 1937 1086 1992 ecclesiam
1108 1941 1323 2009 repraesentent,
1346 1955 1399 1994 nec
1420 1939 1536 2012 quidem
1559 1942 1758 2012 poenileutiam

64 2041 253 2108 separantur,
286 2036 324 2092 ita
354 2034 472 2108 placuit,
502 2039 534 2090 ut
569 2033 785 2107 quibuscunque
821 2032 891 2088 locis
939 2046 1024 2102 agere
1038 2036 1179 2104 quaerunt,
1196 2036 1225 2086 ct
1239 2036 1336 2104 postea
1348 2032 1377 2086 in
1393 2032 1558 2090 infirmitate
1572 2036 1689 2108 arrepti,
1704 2053 1754 2109 pa·

65 2132 187 2186 fueraut
209 2129 322 2199 exclusi,
336 2128 437 2186 codem
450 2127 513 2184 loco
532 2126 766 2183 communionem
788 2141 889 2182 conse·
939 2127 1005 2179 tunt
1017 2124 1262 2192 communionem,
1276 2125 1383 2196 placuit
1403 2125 1443 2181 eis
1460 2143 1518 2183 non
1533 2128 1656 2184 dandam
1677 2144 1756 2185 eom·

67 2226 210 2295 quantur,
939 2218 1120 2286 munionem,
1134 2217 1188 2273 nisi
1202 2218 1391 2274 revelaverint
1403 2223 1432 2275 et
1443 2220 1556 2291 egerint
1577 2221 1679 2294 dIgnos
1694 2224 1755 2281 Iru·

109 2317 185 2372 xlll.
208 2317 243 2372 ut
265 2317 361 2372 nullus
385 2316 585 2390 episcoporum
614 2313 702 2372 alium
726 2313 889 2387 episcopum
939 2316 1001 2367 ctus
1019 2310 1208 2384 poenitentias.

67 2411 230 2466 conculcet.
1037 2405 1157 2479 Explicit
1168 2405 1322 2462 concilium
1335 2406 1499 2464 Arelatense
1513 2407 1654 2481 primum.

364 2695 565 2766 INCIPIUNT
587 2695 784 2762 curuum
805 2693 971 2763 CONGILII
993 2690 1159 2761 saeuum
1180 2689 1465 2762 auamruusls

118 2855 140 2908 t.
158 2854 196 2907 lle
208 2849 350 2924 neophitis
363 2852 473 2909 clericis
487 2869 545 2909 noa
560 2852 734 2909 ordinandis.
975 2853 1017 2908 tt.
1038 2850 1073 2907 Ut
1093 2868 1129 2908 ne
1153 2851 1215 2924 quis
1237 2852 1363 2924 qualibet
1385 2850 1554 2909 necessitate
1569 2868 1651 2912 auam
1666 2850 1754 2914 relin-

117 2950 140 3001 t.
157 2947 280 3012 Qualiter
293 2948 438 3020 conjugati
459 2947 494 3002 ad
517 2947 708 3002 sacerdotium
727 2946 888 3020 proveham·
938 2948 1008 3016 quat
1026 2944 1185 3001 ecclesiam.

43 3033 134 3093 tur,
976 3037 1017 3095 II.
1040 3036 1079 3096 Ne
1094 3039 1212 3095 clericus
1228 3057 1343 3096 usuram
1358 3038 1486 3114 accipiat.

116 3137 139 3189 3.
157 3135 192 3189 Ut
205 3133 302 3190 nullus
323 3134 441 3190 clericus
453 3138 502 3191 aut
516 3134 653 3190 diaconus
675 3133 705 3190 in
728 3133 826 3189 solatio
839 3109 927 3187 suoC
975 3134 1017 3188 15.
1039 3131 1077 3188 Ne
1090 3132 1226 3189 diaconus
1239 3148 1333 3189 coram
1349 3134 1516 3207 presbytero
1531 3137 1628 3194 sedeat
1642 3138 1686 3194 rel
1701 3133 1754 3195 Eu·

32 3227 241 3283 extraneam
256 3229 360 3284 haheat
373 3227 533 3284 mulierem.
939 3225 1104 3282 chanstiam
1117 3221 1222 3282 tradat.

116 3321 139 3375 t.
157 3323 191 3377 Ut
211 3321 307 3377 nullus
327 3322 446 3377 clericus
470 3321 500 3378 iu
525 3320 640 3378 cellario
662 3319 707 3377 rel
730 3319 759 3376 in
780 3323 889 3376 secreto
909 3304 911 3310 ⁵
975 3321 1017 3375 td.
1037 3321 1073 3375 Ut
1087 3316 1228 3376 Fotiniani
1241 3322 1271 3375 et
1284 3317 1463 3379 PauIianistae
1475 3322 1664 3396 baptizentur.

18 3394 244 3471 intromittat
257 3416 394 3487 puellam.
975 3415 1017 3468 tl.
1038 3411 1073 3468 Ut
1095 3413 1221 3469 haretici
1234 3412 1283 3486 qui
1305 3415 1335 3470 in
1354 3414 1491 3473 'trinitate
1513 3416 1649 3489 baptizati
1676 3420 1752 3490 sunt,

115 3511 137 3563 ὅ.
156 3509 191 3565 Ut
205 3509 353 3581 episeopus
363 3526 429 3564 oum
444 3507 668 3565 ordinaturoum
678 3525 819 3564 consensa
829 3523 889 3562 ma·
938 3521 1004 3561 cum
1016 3506 1168 3562 chrismate
1182 3512 1211 3562 et
1224 3524 1328 3563 manus
1340 3507 1518 3580 impositione
1531 3511 1715 3584 repriantur.

12 3578 247 3674 ¹-bopolitani,
262 3608 321 3658 tres
331 3618 397 3659 eum
411 3603 545 3659 ordinent
558 3600 690 3675 episcopi.
975 3600 1018 3655 l8.
1038 3600 1073 3656 Ut
1086 3599 1297 3672 metropolitani
1318 3601 1436 3659 arbitrio
1454 3605 1581 3676 synodus
1594 3623 1752 3680 congrege·-

114 3695 137 3746 6.
156 3693 195 3748 Ite
210 3691 342 3765 episcopo
364 3692 489 3764 quisine
512 3691 726 3765 metropolitani
748 3707 888 3747 consensu
937 3696 995 3750 tur.

10 3763 158 3841 thorit
171 3784 328 3842 ordinatus.
975 3789 1017 3844 ra.
1038 3785 1073 3844 Ut
1091 3785 1160 3843 nulli
1183 3786 1317 3863 episcopo
1339 3790 1451 3847 liceata
1467 3793 1574 3864 synodo
1588 3794 1694 3866 deesse,
1707 3793 1753 3853 vel
1771 3809 1776 3815 ·

113 3885 136 3935 7.
154 3881 193 3936 [te
204 3880 250 3935 his
263 3879 311 3952 qui
323 3879 430 3952 scipsos
444 3877 623 3936 abscindunt.
938 3884 1004 3937 ante
1020 3885 1164 3954 peractam
1179 3884 1320 3956 synodum
1333 3884 1489 3941 discedere.

114 3975 137 4028 8.
156 3975 194 4030 tle
220 3974 267 4031 his
289 3971 339 4047 qui
364 3975 624 4030 excommunicatos
653 3972 768 4029 alterius
798 3971 886 4028 susci·
972 3978 1016 4031 20.
1037 3975 1077 4031 De
1097 3973 1204 4047 aurigis
1226 3982 1255 4032 et
1268 3978 1415 4033 theatricis
1435 3978 1574 4035 fidelihus.

15 4059 166 4137 piant.
972 4069 1015 4124 tl.
1036 4066 1065 4124 si
1083 4070 1147 4140 post
1161 4075 1304 4142 acceptam
1322 4071 1518 4143 paenitentiam
1536 4072 1599 4145 quis
1612 4071 1750 4146 nupserit.

114 4161 137 4214 t.
154 4162 190 4217 Ut
200 4160 346 4218 Novatiani
358 4162 388 4217 ia
404 4157 636 4218 communionem
651 4179 709 4217 non
725 4161 885 4233 susprian·
971 4165 1014 4217 22.
1036 4162 1072 4217 Ut
1085 4162 1252 4235 poenItentia
1274 4164 1436 4237 conjugatis
1452 4181 1487 4220 ex
1506 4182 1645 4223 consensu
1657 4167 1750 4224 detur.

23 4236 133 4308 tur.
941 4244 946 4249 ’
972 4257 1017 4312 23.
1037 4256 1078 4312 lle
1092 4254 1283 4313 sacerdotibus
1299 4257 1348 4330 qui
1366 4258 1554 4315 idololatriam
1569 4277 1627 4316 non
1643 4264 1750 4318 everte·

119 4349 154 4404 tt).
174 4350 213 4405 iia
227 4349 273 4405 his
286 4349 333 4422 qui
348 4347 378 4405 iu
397 4348 596 4422 persecutione
618 4343 795 4420 praevaricati
808 4350 885 4404 sunt.
936 4354 1013 4405 runt.

119 4447 153 4498 lt.
174 4445 215 4498 De
238 4444 282 4498 his
306 4445 355 4515 qui
373 4443 465 4516 poenis
479 4443 556 4513 victi,
571 4441 727 4498 sacrificare
747 4441 926 4555 compulsiD
971 4444 1017 4498 24.
1038 4441 1078 4500 aa
1091 4441 1301 4501 accusatoribus
1315 4440 1447 4503 Iratrum.

43 4536 149 4591 8llut.
791 4535 793 4540 '
972 4536 1016 4593 25.
1036 4537 1077 4592 aa
1089 4539 1225 4610 apostatis
1238 4539 1261 4594 si
1276 4556 1334 4594 non
1348 4544 1536 4597 revertuntur.

120 4632 153 4686 u.
175 4633 213 4686 Da
227 4631 271 4687 bis
287 4631 379 4704 quiin
401 4629 568 4705 poenitentia
587 4627 674 4702 positi
688 4628 774 4687 vitam
789 4646 886 4689 exces-
1205 4630 1322 4687 Finiunt
1339 4633 1472 4704 capitula.

57 4725 181 4782 serunt.

805 4798 1019 4820 b-d—-ffln

194 4972 422 5074 INCIPIT
462 4973 795 5072 CONCILIUM
833 4967 1237 5074 ARELATENSE
1278 4972 1622 5080 SECUNDUM.

594 5150 738 5219 Nomina
751 5157 923 5214 auctorum
937 5150 1083 5233 ejusdem
1097 5153 1234 5217 concilii.

114 5310 148 5370 Itx
172 5313 268 5371 Sicilia
293 5313 532 5387 Syracusanorum
559 5313 652 5370 Sixtus
677 5314 836 5387 episcopus,
859 5319 889 5370 et
937 5316 1192 5391 vesterepiscopus
1206 5317 1293 5388 misit,
1307 5319 1476 5375 Claudianus
1488 5324 1517 5376 et
1527 5310 1626 5376 Abitus
1639 5312 1753 5394 presby·

78 5396 170 5464 Florus
184 5409 330 5478 diaconus,
351 5424 385 5465 ex
405 5407 551 5481 provincia
570 5408 735 5482 Campaniae
757 5407 887 5478 obbatis,
937 5411 1002 5479 teri,
1021 5412 1163 5483 Eugenius
1187 5417 1215 5468 et
1243 5413 1389 5478 Quhiacus
1415 5413 1526 5469 diaconi
1549 5430 1583 5468 ex
1608 5414 1753 5485 provincia

81 5497 192 5560 Prothus
205 5503 355 5577 episeopus
366 5508 394 5559 et
406 5503 541 5574 Agrippa,
559 5504 588 5556 et
600 5503 688 5557 Tutus
703 5502 839 5558 diaconus
853 5518 888 5557 ex
937 5503 1036 5572 ltalia,
1052 5505 1167 5560 Orosius
1190 5506 1350 5579 episcopus,
1364 5509 1501 5562 Naaareua
1521 5506 1620 5573 lector,
1636 5523 1671 5562 ex
1686 5524 1751 5579 pro·

81 5598 213 5665 provincia
245 5597 353 5668 apauli,
381 5597 488 5651 Pardus
515 5595 674 5668 episcopus,
700 5602 729 5651 et
754 5597 888 5652 Crescens
938 5596 1028 5653 vincia
1050 5597 1254 5654 Viennensium
1276 5599 1394 5654 civitatis
1416 5598 1523 5667 Arelas,
1536 5598 1672 5654 ltartinus
1694 5603 1753 5675 cpi-

79 5687 208 5748 dIaconus
227 5706 262 5745 ex
277 5689 424 5763 provincia
445 5690 578 5758 Damulti,
592 5690 755 5746 Theodorus
778 5690 887 5762 episco-
937 5707 1047 5763 scopus,
1073 5691 1197 5748 Salanias
1220 5692 1377 5765 presbyter,
1401 5690 1514 5746 Nicetus
1534 5690 1610 5760 Ater,
1633 5693 1751 5766 Ursinis,

75 5800 130 5859 pus,
145 5783 476 5863 ettgathon,diaconas
491 5800 526 5840 ex
548 5784 616 5839 urba
638 5784 730 5840 Roma
746 5799 816 5863 quos
832 5783 888 5840 Sil·
938 5788 967 5846 et
983 5786 1082 5843 Petrus
1104 5785 1238 5844 diacones
1263 5803 1296 5842 ax
1318 5783 1462 5859 provincia
1483 5799 1540 5859 qua
1561 5802 1646 5862 supra
1665 5790 1753 5852 viera
