3870 6150
46 254 82 306 97
684 250 919 310 nncnnrlclc'lf
938 249 1130 308 ccccncrfo.
1700 259 1733 312 98

47 374 172 430 corpora
184 359 288 416 restra.
309 361 342 415 ln
358 357 406 417 die
419 358 568 416 occisionis
589 358 754 428 adduxistis,
770 359 873 415 occidi·
883 358 1033 448 Afflm'·
1049 372 1078 428 v,
1094 358 1148 429 tot,
1165 379 1179 408 u
1201 363 1229 414 et
1250 355 1341 413 alibi:
1365 378 1378 407 a
1398 356 1475 412 Reati
1495 357 1573 414 eritis
1596 375 1661 415 eum
1683 377 1734 418 vos

47 451 99 507 stis
112 453 237 524 justum,
258 454 288 508 et
307 469 365 509 uon
386 452 491 510 restitit
508 452 587 510 robis
604 453 671 524 (iac.
690 469 718 523 v,
734 454 796 525 f-(t).
815 454 870 522 Va,
923 452 1036 508 oderint
1049 450 1189 518 homines,
1206 455 1236 506 et
1251 450 1391 523 persecuti
1408 467 1456 505 ros
1475 451 1584 508 fuerint
1601 456 1630 508 et
1644 453 1735 525 ejece·

46 544 162 615 fratres,
176 545 222 601 bis
235 546 286 619 qui
298 546 439 603 tribulant
454 564 515 616 vos,
529 563 579 602 vos
598 563 665 603 vero
679 549 787 620 quanto
807 563 870 602 am·
920 547 979 601 rint
998 561 1103 601 nomen
1118 549 1246 600 vestrum
1267 547 1402 615 tanquam
1422 544 1541 600 malum.
1565 545 1690 603 Gaudete
1704 549 1735 604 in

47 638 125 710 plius
138 639 331 710 tribulamini,
342 643 423 697 tanto
434 641 618 715 purgatiores
631 643 717 714 atque
729 640 872 696 beatiores
920 639 970 695 illa
985 638 1031 695 die
1046 642 1076 694 et
1093 638 1241 706 exsultate,
1254 637 1389 709 quoniam
1410 652 1518 694 meroes
1534 643 1626 696 vestra
1645 641 1736 696 multa

48 731 227 801 efficiemini,
242 733 266 788 si
283 735 379 790 umen
392 734 455 807 ipsa
468 734 615 791 tribulatio
627 734 773 806 patienter
785 732 873 790 fuerit
921 732 1006 788 estin
1021 731 1246 803 selemniter,
1259 729 1312 803 tt).
1322 751 1337 781 u
1350 730 1420 786 Data
1432 747 1459 788 n
1472 731 1592 788 Kalend.
1601 733 1734 806 Augusti,

47 828 232 899 supportata.
249 827 333 883 Unde
345 827 407 902 ipsa
416 828 530 885 Veritas
542 845 596 902 per
608 845 639 884 se
655 828 747 885 dixit:
764 825 872 884 «Beati
921 826 1040 898 Timauo
1055 830 1083 884 et
1098 825 1214 883 Heliano
1232 841 1272 882 ce.
1289 823 1396 881 consul.

47 919 98 992 qni
128 919 364 992 persecutionem
379 985 382 990 ,
400 921 550 994 patiuntur
576 922 697 996 propter
729 920 872 994 justitiam

382 1172 446 1249 22
471 1177 702 1253 EPISTOLA
740 1176 895 1252 PRIMA
933 1176 1218 1251 ALEXANDRI
1256 1174 1412 1248 PAPAE.

529 1320 578 1385 De
595 1322 703 1385 cause's
716 1320 770 1385 cel
785 1319 1034 1403 procationibus
1047 1318 1264 1384 smcdotam.

85 1476 285 1535 Dilectissimis
305 1478 440 1536 fratribus
460 1481 593 1538 omnibus
615 1481 755 1557 episcopis
766 1500 818 1557 per
830 1485 873 1540 di·
923 1483 1049 1540 mabitur
1061 1483 1155 1539 omnis
1170 1482 1221 1555 qui
1234 1480 1343 1537 habitat
1353 1480 1384 1536 in
1398 1495 1432 1536 ea
1445 1478 1475 1535 in
1489 1478 1578 1536 bestia
1588 1478 1652 1552 egri
1666 1483 1695 1536 et
1708 1481 1739 1537 in

55 1587 145 1627 rerem
159 1571 326 1628 constitutis
340 1573 482 1646 regiones,
496 1577 661 1634 mnarum
675 1577 835 1650 episcopus.
923 1577 1039 1634 volucre
1054 1575 1128 1647 eceb,
1144 1575 1194 1633 sed
1215 1580 1244 1631 et
1261 1574 1353 1647 pisces
1365 1573 1452 1629 maris
1471 1571 1737 1646 congregabuntur3

86 1664 171 1733 Nulli,
183 1665 298 1736 fratres,
311 1666 431 1723 dubium
443 1670 496 1740 eet,
511 1669 580 1742 quia
593 1670 663 1726 boni
677 1688 694 1727 a
706 1671 787 1727 malis
801 1686 875 1727 sem·
923 1673 1120 1727 verumtamen
1132 1667 1329 1741 unusquisque
1339 1682 1398 1722 non
1407 1664 1527 1737 judicet,
1537 1667 1632 1732 etoon
1641 1680 1741 1738 argua-

56 1773 101 1830 per
112 1760 332 1831 persequuntur
345 1762 374 1815 et
392 1761 576 1819 tribulantur.
589 1764 710 1836 Propter
723 1765 799 1837 quod
819 1763 873 1820 hu·
923 1768 971 1820 tur
984 1763 1035 1835 vir,
1046 1763 1169 1837 populns
1182 1760 1259 1818 enim
1274 1763 1340 1815 tuns
1351 1759 1423 1815 sieut
1437 1759 1468 1814 hi
1478 1758 1529 1831 qui
1540 1759 1741 1815 contradicunt

58 1850 199 1908 miliemnr
213 1853 267 1908 sub
286 1853 397 1926 potenti
415 1871 504 1911 manu
522 1855 585 1926 Dei,
601 1859 633 1912 nt
645 1856 750 1913 liberet
769 1874 820 1914 nos
844 1857 874 1912 in
924 1857 1065 1912 sacerdoti
1071 1873 1080 1926 ;
1093 1859 1122 1912 et
1137 1871 1250 1911 corrues
1270 1853 1365 1921 hodie,
1381 1855 1410 1907 et
1428 1855 1540 1909 corruet
1560 1851 1647 1908 etiam
1668 1868 1739 1925 pro·

59 1947 183 2017 tempore
198 1946 400 2004 tribulationis.
415 1949 499 2018 Nam,
514 1950 587 2006 sicut
612 1951 657 2006 leo
678 1951 797 2024 rugiens
818 1951 874 2006 cir·
924 1949 1011 2022 pheta
1024 1952 1130 2005 tecum.
1146 1950 1231 2004 Nocte
1246 1945 1301 2003 feci
1317 1950 1412 2002 tacere
1425 1947 1547 2000 matrem
1560 1948 1655 2013 tuam;
1670 1959 1739 1999 eon·

59 2039 112 2094 cuit
125 2056 258 2112 quarem
277 2057 365 2114 quem
383 2040 509 2112 devoret,
523 2042 563 2099 sio
584 2043 716 2100 diabolus
737 2061 796 2101 non
816 2059 874 2101 ces-
924 2041 1006 2099 tiouit
1022 2042 1146 2115 populus
1159 2056 1241 2097 meus
1256 2055 1290 2097 eo
1305 2037 1382 2111 quod
1396 2054 1455 2093 non
1468 2035 1567 2093 habuit
1580 2035 1738 2105 scientiam,

60 2135 99 2188 sat
111 2131 233 2190 cireuim
243 2136 273 2190 et
284 2150 414 2206 quaerere
428 2151 501 2208 quos
519 2153 554 2192 or
572 2135 702 2194 fidelibus
719 2137 831 2210 perdat,
847 2138 876 2193 et
926 2136 994 2208 qrria
1011 2140 1042 2191 tu
1063 2133 1212 2190 scientiam
1232 2131 1375 2206 repulisti,
1391 2131 1530 2203 repellam
1544 2132 1584 2200 te,
1599 2145 1636 2188 ne
1647 2145 1740 2187 sacer-

59 2225 181 2282 maxime
193 2225 257 2282 illos
269 2242 343 2300 quos
355 2228 533 2286 ardentiores
545 2230 576 2286 in
586 2230 699 2288 servitio
712 2186 914 2301 Salvatoris,B
925 2229 1002 2285 detio
1016 2227 1144 2301 fungaris
1158 2226 1240 2283 mihi.
1255 2226 1290 2282 Et
1302 2224 1392 2282 oblita
1408 2240 1438 2280 es
1455 2223 1527 2295 legis
1539 2222 1589 2279 Dei
1602 2223 1654 2292 tui,
1667 2223 1740 2279 obli·

61 2319 136 2393 cique
153 2318 317 2376 familiares
330 2322 482 2393 invenerit,
495 2323 649 2381 familiares
664 2324 728 2380 dico
743 2341 791 2380 eos
804 2340 876 2397 meos
925 2323 1016 2378 viscar
1026 2321 1152 2378 liliorum
1164 2325 1280 2376 tuorum
1292 2322 1320 2375 et
1333 2334 1397 2391 ego.
1408 2317 1572 2373 Secundum
1585 2316 1744 2373 multitudi-

59 2413 104 2468 sibi
116 2413 230 2469 sacrari
242 2417 272 2470 et
284 2414 314 2469 in
327 2415 427 2472 ordine
442 2417 618 2488 apostolatus
631 2417 763 2474 constitui
775 2417 874 2476 voluit.
924 2432 993 2473 nem
1007 2431 1109 2472 eorum
1124 2414 1163 2470 sic
1173 2415 1361 2486 peccavenmt
1370 2411 1452 2482 mihi,
1463 2410 1583 2482 gloriam
1595 2425 1695 2467 eorum
1703 2410 1742 2466 ad

58 2505 200 2577 tpsienim
213 2523 267 2578 pro
278 2510 383 2580 populo
395 2508 590 2582 interpellant,
605 2513 635 2567 et
646 2511 746 2584 populi
760 2515 877 2583 peccata
925 2508 1113 2582 ignominiam
1140 2505 1331 2564 commutabo.
1356 2506 1471 2560 Peccata
1496 2503 1595 2577 populi
1615 2503 1673 2560 mei
1694 2521 1740 2561 co·

57 2600 222 2665 comedunt,
236 2599 307 2672 quia
318 2603 450 2673 precibus
462 2604 521 2660 suis
535 2607 565 2660 et
580 2604 772 2661 oblationibus
785 2622 820 2660 ea
830 2605 877 2662 de·
926 2603 1051 2672 medent,
1067 2606 1096 2657 et
1111 2600 1147 2657 ad
1160 2599 1341 2671 iniquitatem
1365 2613 1466 2653 eorum
1479 2596 1667 2654 sublevabunt
1677 2599 1740 2655 ani·

55 2692 216 2766 leutatque
227 2698 409 2751 consumunt.
420 2695 474 2761 Qui
483 2700 590 2770 quanto
602 2697 748 2770 digniores
758 2698 875 2767 fuerint,
927 2712 991 2751 mas
1013 2710 1122 2750 eorum.
1148 2695 1183 2749 Et
1203 2692 1259 2748 erit
1278 2692 1351 2748 siout
1369 2690 1491 2764 populus
1508 2690 1547 2746 sie
1560 2690 1700 2763 sacerdos,
1714 2697 1743 2749 et

56 2788 133 2842 anto
164 2785 278 2842 mollius
303 2804 355 2860 pro
379 2789 595 2847 necessitatibus
621 2791 724 2864 quibus
754 2792 878 2848 clamant
926 2788 1045 2845 visitabo
1069 2802 1157 2860 super
1176 2802 1243 2842 eum
1261 2784 1321 2841 rias
1341 2784 1412 2856 ejus,
1426 2784 1456 2839 et
1476 2782 1660 2854 cogitationes
1681 2784 1743 2856 ejus

55 2879 262 2936 exaudiuntur.
278 2900 291 2934 a
305 2881 425 2938 Multum
437 2883 516 2939 enim
533 2884 575 2956 (ut
591 2884 631 2939 ait
643 2884 744 2940 beatus
757 2884 877 2940 lacobus
926 2882 1045 2938 reddam
1059 2881 1095 2937 ei.
1106 2881 1141 2936 Et
1152 2879 1304 2936 comedent
1320 2879 1349 2934 et
1364 2893 1424 2934 non
1436 2876 1649 2948 saturabuntur,
1658 2878 1744 2935 forni-

55 2973 214 3044 apostolus)
222 2972 296 3029 valet
305 2973 469 3046 deprecatio
475 2975 546 3048 justi
556 2977 672 3034 assidua
680 2977 745 3050 (Joc.
761 2980 851 3050 ald).
861 2999 875 3028 »
927 2975 982 3032 cati
999 2977 1067 3030 sunt
1088 2978 1117 3030 et
1137 2990 1196 3029 non
1220 2970 1744 3043 cessaverunt,quoniam1lominum
1836 2965 1843 2976 '

56 3065 107 3130 Qui
115 3066 260 3122 enimvos
268 3068 453 3140 persequitur
463 3069 558 3141 ipsum
572 3070 801 3144 enjuslegatione
813 3071 879 3126 fun-
927 3068 1142 3140 dereliquerunt
1163 3067 1194 3122 in
1214 3082 1274 3122 non
1295 3064 1480 3120 custodiendo
1501 3063 1585 3135 (Osee.
1607 3080 1646 3135 iv,
1668 3066 1741 3136 3).»

57 3158 358 3232 giminipersequitur,
368 3161 434 3234 quia
441 3162 580 3235 sicutipse
588 3163 674 3219 Filius
682 3164 732 3221 Dei
739 3164 878 3220 mediator
927 3163 991 3217 Haeo
1004 3164 1108 3231 cavete,
1120 3161 1231 3230 fratres,
1247 3162 1276 3215 et
1286 3159 1361 3214 bona
1376 3173 1489 3231 semper
1502 3173 1589 3228 agere
1601 3157 1742 3229 fmtinate,

55 3246 108 3303 fnit
121 3247 176 3303 Dei
188 3250 220 3303 et
233 3247 396 3319 hominurn,
408 3250 449 3307 ita
462 3255 491 3307 et
502 3268 553 3308 vos
565 3251 627 3324 eJ'us
639 3252 699 3308 rice
715 3251 745 3308 in
757 3252 879 3309 Ecclesia
927 3255 995 3328 quia
1005 3254 1037 3310 in
1047 3253 1100 3310 hoc
1113 3256 1286 3326 cognoscent
1300 3267 1413 3319 omnes,
1429 3251 1497 3308 dicit
1514 3250 1659 3320 Dominus,
1672 3268 1743 3325 quo·

57 3341 124 3396 estis
135 3340 295 3411 constituti,
308 3344 342 3397 ut
354 3342 430 3400 inter
443 3344 596 3401 Dominum
614 3347 642 3402 et
656 3345 785 3403 homines
800 3346 877 3419 lega-
927 3348 1007 3404 niam
1021 3347 1079 3403 mei
1098 3347 1165 3403 estis
1187 3345 1316 3417 discipuli
1337 3345 1361 3400 si
1384 3345 1565 3402 dilectionem
1587 3345 1745 3402 habueritis

57 3433 133 3489 tione
151 3433 326 3506 fungamini.
341 3436 369 3491 Si
383 3437 448 3509 quis
460 3443 558 3494 eutem
571 3438 745 3511 legationem
757 3444 879 3494 vestram
927 3440 1094 3498 adinvioem.
1113 3441 1222 3495 Eonum
1235 3442 1278 3494 est
1290 3454 1416 3511 namque
1430 3437 1626 3510 proculdubio,
1640 3441 1669 3496 et
1682 3454 1743 3495 om-

58 3524 261 3600 impedit,non
271 3526 357 3584 unius
367 3530 416 3586 sed
427 3531 877 3605 multorumprofectumevertit.
888 3564 917 3639 c
928 3533 1013 3590 nibus
1027 3532 1192 3590 timentibus
1213 3532 1303 3588 Deum
1325 3530 1521 3599 desiderabile,
1536 3530 1667 3588 cohibere
1686 3532 1745 3589 dis·

59 3619 101 3688 Et,
113 3620 191 3676 ment
201 3620 302 3677 multis
314 3628 409 3689 nocet,
423 3623 596 3681 itaamultis
608 3625 773 3699 arguendus
788 3628 840 3694 est,
851 3627 880 3681 et
928 3626 1073 3684 sensiones
1095 3629 1125 3681 et
1144 3625 1354 3694 altercationes,
1371 3623 1562 3697 fratribusque
1584 3625 1744 3699 subvenire,

59 3712 202 3769 bonorum
223 3713 356 3772 societate
377 3717 525 3773 arcendus.
549 3719 584 3774 Et
603 3719 670 3791 quia
694 3718 744 3775 Dei
766 3735 880 3775 causam
929 3724 958 3776 et
969 3720 1091 3775 invicem
1105 3735 1166 3775 non
1182 3718 1321 3788 invidere,
1332 3717 1381 3773 sed
1393 3717 1538 3788 adjurare.
1547 3717 1604 3773 Nos
1616 3720 1747 3791 ergaqui

60 3805 183 3879 impedit
201 3808 233 3861 et
250 3809 356 3864 statum
377 3811 530 3866 contrabat
548 3811 688 3885 Ecclesia,
702 3812 825 3884 ideoque
844 3810 879 3867 ab
931 3812 1061 3885 discipuli
1078 3811 1192 3867 Domini
1212 3812 1241 3867 et
1263 3809 1318 3865 dici
1340 3812 1370 3865 et
1391 3825 1452 3864 esse
1473 3808 1614 3881 cupimus,
1628 3815 1746 3882 portare

61 3899 120 3970 ejus
131 3897 286 3955 liminibus
292 3900 422 3958 Ecclesiae
434 3904 575 3960 arceatur.
584 3903 628 3960 Ab
637 3905 801 3961 hominibus
811 3920 881 3977 quo·
931 3922 1046 3963 crucem
1056 3903 1161 3962 Christi
1173 3908 1202 3961 et
1211 3902 1335 3976 compati
1341 3901 1477 3959 trabibus
1489 3902 1639 3972 debemus,
1648 3908 1678 3960 et
1687 3920 1747 3962 non

59 4007 113 4065 qne
123 3991 192 4048 tatis
203 3995 250 4048 est
263 3995 403 4050 mveudus
415 4001 443 4053 et
456 4013 517 4053 non
535 3997 566 4052 in
586 3998 787 4054 communione
809 3996 879 4055 fide-
931 4015 1115 4074 quascunque
1128 3998 1168 4055 eis
1180 3996 1295 4055 insidias
1312 4000 1363 4053 aut
1381 3995 1476 4053 foreas
1496 4012 1664 4069 praeparare,
1680 3998 1749 4072 qrria

60 4085 131 4141 lium
146 4101 241 4160 usque
255 4086 292 4142 ed
304 4087 523 4146 musfactionem
536 4090 727 4164 recipiendus.
743 4093 791 4147 Est
803 4092 882 4147 enim
931 4094 1068 4167 ultonem
1088 4096 1218 4148 meretur
1236 4091 1285 4164 qui
1306 4089 1441 4147 fratribus
1462 4089 1575 4147 foveam
1594 4096 1747 4165 praeparat.

61 4182 200 4235 statutum
216 4178 296 4251 olim,
305 4184 339 4236 ut
350 4181 400 4254 qui
409 4185 515 4240 statum
529 4184 680 4241 conturbat
693 4183 835 4254 Ecclesia,
846 4184 881 4241 ab
931 4187 1024 4244 Nolite
1034 4202 1138 4254 errare,
1149 4185 1258 4253 fratres,
1268 4184 1335 4257 quia
1344 4184 1419 4240 Deus
1430 4200 1491 4241 non
1503 4183 1647 4241 irridetur.
1658 4186 1748 4259 liujus

62 4272 123 4344 ejus
136 4271 289 4329 inninibus
301 4278 442 4347 moratur,
455 4293 493 4333 ne
509 4295 576 4334 cnm
597 4277 727 4335 fidelibus
750 4294 881 4335 commu·
932 4281 975 4338 rei
988 4280 1080 4352 gratia
1093 4279 1233 4336 Dominus
1245 4278 1324 4334 robis
1336 4277 1479 4336 commisit
1491 4279 1643 4335 Ecclesiam
1655 4296 1747 4350 suam,

64 4362 204 4439 nioetqni
218 4380 319 4423 eornm
338 4367 413 4424 bona
424 4371 536 4427 avertit.
550 4372 604 4428 Vos
619 4387 698 4444 ergo,
712 4371 735 4427 ei
755 4371 882 4428 dilectio·
936 4376 968 4430 ut
981 4389 1033 4446 pro
1047 4372 1181 4429 omnibus
1193 4371 1336 4441 laboretis,
1349 4376 1378 4428 et
1390 4371 1497 4427 cunctis
1512 4373 1654 4445 oppressis
1666 4390 1751 4446 opem

65 4458 465 4519 nembabneritisadiuvicem
474 4469 503 4520 et
512 4464 662 4521 unanimes
671 4464 793 4536 fueritis,
801 4464 883 4520 facile
933 4467 1008 4526 terre
1022 4483 1082 4523 non
1095 4465 1262 4540 negligatis:
1276 4465 1352 4522 unde
1365 4465 1504 4521 Dominus
1517 4481 1569 4538 per
1579 4468 1749 4539 prophetam

67 4552 137 4609 tales
150 4567 289 4626 superare
302 4555 441 4627 poteritis.
458 4557 486 4613 Si
499 4574 567 4614 vero
581 4558 668 4631 (quod
681 4557 763 4632 absit)
775 4557 883 4614 discor-
933 4560 1061 4633 loquitur
1068 4560 1166 4617 dicens
1176 4576 1183 4615 :
1192 4580 1206 4609 a
1214 4560 1278 4616 llaec
1285 4558 1357 4614 dixit
1365 4558 1500 4614 Dominus
1510 4574 1517 4615 :
1527 4558 1653 4615 iudicate
1662 4575 1750 4619 mane

69 4645 117 4701 des
130 4645 256 4718 fueritis,
267 4650 296 4703 et
308 4648 411 4706 canino
422 4650 505 4706 dente
518 4668 567 4707 ros
582 4651 719 4709 derodere
733 4651 884 4725 coeperitis,
933 4654 1076 4727 judicium
1087 4655 1116 4709 et
1131 4652 1223 4709 eruite
1233 4652 1260 4707 vi
1272 4667 1420 4724 oppressos
1429 4652 1464 4709 de
1473 4668 1562 4709 mann
1575 4654 1751 4712 calumnian-

71 4754 128 4795 non
150 4739 245 4796 solum
264 4756 312 4798 eos
329 4758 390 4799 nou
412 4744 589 4816 superabitis,
605 4745 655 4801 sed
673 4750 702 4803 et
718 4745 798 4802 robis
818 4745 886 4818 ipsis
935 4748 982 4817 tis,
992 4763 1029 4803 ne
1037 4748 1112 4803 forta
1125 4744 1459 4819 egrediaturqnasiignis
1468 4745 1628 4818 indignatio
1637 4763 1712 4820 mea,
1722 4752 1752 4806 et

72 4832 210 4890 nocebitis
229 4837 316 4907 atque
332 4836 368 4892 ab
387 4837 428 4893 eis
446 4838 662 4911 superabimini,
677 4842 706 4896 et
719 4839 887 4896 innocenter
937 4840 1125 4898 succendatur
1136 4843 1234 4896 etnon
1244 4838 1513 4912 sitquiexstinguat
1524 4842 1587 4912 (ier.
1600 4857 1658 4910 xm,
1670 4842 1724 4915 12).
1735 4864 1750 4895 a

74 4925 143 4983 forte
160 4927 303 5000 peribitis.
317 4928 370 4994 oui
384 4935 481 4987 antem
500 4949 536 4990 ex
554 4937 648 4992 vestro
667 4934 786 5008 collegio
801 4931 992 5006 luerttDVos
1005 4950 1074 5006 ergo
1087 4933 1179 5007 quiin
1194 4949 1307 4989 summo
1319 4933 1433 5004 speculo
1447 4949 1464 4989 a
1476 4934 1597 4991 Domino
1609 4935 1753 4993 constituti

77 5022 104 5073 et
116 5019 153 5074 ab
169 5020 278 5076 anxilio
292 5027 385 5078 vestro
400 5039 430 5080 se
447 5025 629 5100 subtraxerit,
642 5028 735 5100 magis
752 5026 888 5083 schisma·
940 5028 1017 5098 estis,
1024 5026 1172 5084 attendere
1181 5042 1228 5083 eos
1236 5028 1265 5082 et
1272 5026 1435 5098 opprimere
1442 5027 1646 5100 oportetquiin
1652 5029 1754 5087 fratrm

78 5111 194 5169 denset
212 5130 273 5170 non
290 5117 422 5173 sacerdos
442 5134 503 5176 esse
524 5121 701 5194 probabitur.
718 5143 733 5172 «
750 5122 830 5190 Ecce,
845 5120 890 5176 in·
941 5120 1094 5178 seditiones
1112 5121 1141 5176 et
1161 5119 1293 5176 mandam
1316 5119 1452 5189 excitant,
1466 5136 1504 5176 ne
1523 5121 1609 5178 simul
1628 5139 1694 5179 cum
1714 5121 1755 5178 eis

81 5206 138 5276 quit
148 5208 301 5280 propbeta,
311 5224 399 5282 quam
413 5211 523 5270 bonum
536 5219 565 5271 et
577 5231 664 5288 quam
675 5215 834 5290 jucundum
843 5215 892 5270 he·
940 5213 1075 5289 pereatis.
1088 5214 1213 5270 &tutata
1224 5229 1324 5270 omnes
1336 5212 1386 5286 qui
1397 5218 1474 5271 reete
1488 5213 1618 5271 laborant
1626 5215 1657 5271 in
1667 5216 1756 5272 Eran-

10 5354 13 5387 ἰ
81 5295 164 5356 bitere
181 5300 289 5358 fratres
308 5300 341 5358 in
360 5319 451 5361 unum
470 5307 552 5378 (Psoi.
568 5323 671 5381 cxxxn,
686 5312 721 5382 t).
739 5330 753 5360 a
769 5309 891 5365 illicere
942 5307 1017 5382 gello
1027 5306 1132 5365 Christi
1144 5307 1258 5381 etjuste
1272 5307 1434 5380 gubernem
1445 5309 1662 5381 naremejusne
1674 5307 1757 5363 coba·

10 5398 12 5439 i
83 5388 219 5451 inunum
239 5410 301 5451 non
323 5395 462 5469 habitant,
484 5401 534 5474 qui
556 5418 573 5456 a
593 5402 716 5459 nanum
739 5400 839 5458 solatio
862 5416 893 5457 se
941 5401 1108 5459 bitantesin
1122 5416 1157 5457 ea
1170 5401 1434 5473 demerganturaut
1449 5401 1631 5458 suffocentur.
1650 5398 1759 5456 Sdutat

85 5484 329 5562 ubbabuntant,
342 5491 419 5564 qnod
431 5493 556 5551 deterius
570 5495 766 5567 est,fratribus
778 5494 894 5552 insidias
942 5510 992 5551 ros
1014 5494 1107 5552 omnis
1127 5494 1282 5568 apostolica
1302 5493 1426 5551 Ecclesia
1448 5494 1480 5551 in
1503 5494 1635 5550 Domino.
1654 5494 1756 5550 Amen.

85 5587 238 5654 prepemt
256 5588 307 5642 ant
324 5585 441 5659 laqueos
458 5591 579 5660 ponunt.
592 5591 632 5647 De
649 5589 694 5646 his
707 5589 785 5646 enim
798 5591 828 5645 et
842 5604 892 5646 eo·
943 5591 1013 5647 bata
1034 5604 1072 5646 vu
1098 5588 1217 5649 Kalend.
1244 5586 1410 5647 Novembris
1432 5587 1550 5662 i'rujam
1576 5590 1605 5645 et
1630 5585 1758 5661 liubane,

87 5686 142 5731 rom
159 5677 305 5734 similibus
321 5678 460 5737 Dominus
491 5698 544 5755 per
564 5683 636 5741 Osee
659 5683 832 5758 prophetam
852 5683 894 5738 lo·
945 5699 986 5744 ec.
1002 5682 1110 5743 consul.

88 5767 173 5840 quitur
185 5770 285 5830 dicens
299 5789 308 5830 ε
323 5775 472 5848 «Propter
484 5792 533 5832 voe
549 5777 660 5851 lugebit
673 5781 748 5836 terra
767 5784 796 5836 et
815 5778 894 5834 intir-

280 5869 419 5941 Parnor..
444 5871 560 5943 CXXX.
766 5960 770 5966 q
1547 5883 1570 5953 l
