<?xml version="1.0" encoding="UTF-8"?>
<!DOCTYPE html PUBLIC "-//W3C//DTD XHTML 1.0 Transitional//EN"
    "http://www.w3.org/TR/xhtml1/DTD/xhtml1-transitional.dtd">
<html xmlns="http://www.w3.org/1999/xhtml" xml:lang="en" lang="en">
 <head>
  <title>
</title>
<meta http-equiv="Content-Type" content="text/html;charset=utf-8" />
  <meta name='ocr-system' content='tesseract 3.04.00' />
  <meta name='ocr-capabilities' content='ocr_page ocr_carea ocr_par ocr_line ocrx_word'/>
</head>
<body>
  <div class='ocr_page' id='page_1' title='image "./patrologiaecurs03unkngoog_0229.png"; bbox 0 0 3870 6150; ppageno 0'>
   <div class='ocr_carea' id='block_1_1' title="bbox 128 194 1367 291">
    <p class='ocr_par' dir='ltr' id='par_1_1' title="bbox 128 194 1367 291">
     <span class='ocr_line' id='line_1_1' title="bbox 128 194 1367 291; baseline -0.007 0"><span class='ocrx_word' id='word_1_1' title='bbox 128 230 179 291; x_wconf 76' lang='lat' dir='ltr'>soa</span> <span class='ocrx_word' id='word_1_2' title='bbox 311 194 314 199; x_wconf 31' lang='lat'>⁵</span> <span class='ocrx_word' id='word_1_3' title='bbox 574 226 1367 287; x_wconf 57' lang='lat' dir='ltr'>lrlrrlnunusec.lx.-lsru0u1ltlttrcs101tls</span> 
     </span>
    </p>
   </div>
   <div class='ocr_carea' id='block_1_2' title="bbox 75 334 1713 5659">
    <p class='ocr_par' dir='ltr' id='par_1_2' title="bbox 75 334 1713 5659">
     <span class='ocr_line' id='line_1_2' title="bbox 122 334 1711 423; baseline -0.006 -27"><span class='ocrx_word' id='word_1_4' title='bbox 122 338 256 407; x_wconf 78' lang='lat' dir='ltr'>ecclesia,</span> <span class='ocrx_word' id='word_1_5' title='bbox 273 341 302 394; x_wconf 88' lang='lat' dir='ltr'>et</span> <span class='ocrx_word' id='word_1_6' title='bbox 314 341 410 393; x_wconf 91' lang='lat' dir='ltr'>sancto</span> <span class='ocrx_word' id='word_1_7' title='bbox 424 335 522 408; x_wconf 90' lang='lat' dir='ltr'>populi</span> <span class='ocrx_word' id='word_1_8' title='bbox 537 338 611 392; x_wconf 75' lang='lat' dir='ltr'>caetu</span> <span class='ocrx_word' id='word_1_9' title='bbox 627 336 689 408; x_wconf 76' lang='lat' dir='ltr'>(pro</span> <span class='ocrx_word' id='word_1_10' title='bbox 708 336 831 410; x_wconf 88' lang='lat' dir='ltr'>eoquod</span> <span class='ocrx_word' id='word_1_11' title='bbox 851 336 939 393; x_wconf 81' lang='lat' dir='ltr'>fidem</span> <span class='ocrx_word' id='word_1_12' title='bbox 951 346 980 423; x_wconf 68' lang='grc' dir='ltr'>Α</span> <span class='ocrx_word' id='word_1_13' title='bbox 1025 336 1134 393; x_wconf 85' lang='lat' dir='ltr'>XXXlV.</span> <span class='ocrx_word' id='word_1_14' title='bbox 1160 336 1250 392; x_wconf 84' lang='lat' dir='ltr'>Jndaei</span> <span class='ocrx_word' id='word_1_15' title='bbox 1278 337 1420 408; x_wconf 85' lang='lat' dir='ltr'>(quorum</span> <span class='ocrx_word' id='word_1_16' title='bbox 1441 334 1559 406; x_wconf 87' lang='lat' dir='ltr'>pertidia</span> <span class='ocrx_word' id='word_1_17' title='bbox 1581 334 1711 407; x_wconf 78' lang='lat' dir='ltr'>frequent</span> 
     </span>
     <span class='ocr_line' id='line_1_3' title="bbox 122 426 1711 504; baseline -0.005 -13"><span class='ocrx_word' id='word_1_18' title='bbox 122 439 151 491; x_wconf 92' lang='lat' dir='ltr'>et</span> <span class='ocrx_word' id='word_1_19' title='bbox 165 431 297 504; x_wconf 85' lang='lat' dir='ltr'>conjugis</span> <span class='ocrx_word' id='word_1_20' title='bbox 310 431 463 502; x_wconf 82' lang='lat' dir='ltr'>maculant)</span> <span class='ocrx_word' id='word_1_21' title='bbox 479 429 677 486; x_wconf 79' lang='lat' dir='ltr'>excludantur.</span> <span class='ocrx_word' id='word_1_22' title='bbox 992 430 1130 486; x_wconf 85' lang='lat' dir='ltr'>vomitum</span> <span class='ocrx_word' id='word_1_23' title='bbox 1148 429 1232 500; x_wconf 85' lang='lat' dir='ltr'>redit)</span> <span class='ocrx_word' id='word_1_24' title='bbox 1253 429 1277 484; x_wconf 92' lang='lat' dir='ltr'>si</span> <span class='ocrx_word' id='word_1_25' title='bbox 1298 428 1334 484; x_wconf 90' lang='lat' dir='ltr'>ad</span> <span class='ocrx_word' id='word_1_26' title='bbox 1348 429 1444 500; x_wconf 90' lang='lat' dir='ltr'>legem</span> <span class='ocrx_word' id='word_1_27' title='bbox 1460 428 1631 484; x_wconf 78' lang='lat' dir='ltr'><strong>catholicam</strong></span> <span class='ocrx_word' id='word_1_28' title='bbox 1644 426 1711 483; x_wconf 79' lang='lat' dir='ltr'>veni</span> 
     </span>
     <span class='ocr_line' id='line_1_4' title="bbox 157 522 1711 598; baseline -0.004 -15"><span class='ocrx_word' id='word_1_29' title='bbox 157 528 242 583; x_wconf 83' lang='lat' dir='ltr'>XXVl.</span> <span class='ocrx_word' id='word_1_30' title='bbox 264 524 293 582; x_wconf 90' lang='lat' dir='ltr'>Si</span> <span class='ocrx_word' id='word_1_31' title='bbox 316 524 380 597; x_wconf 90' lang='lat' dir='ltr'>quis</span> <span class='ocrx_word' id='word_1_32' title='bbox 402 523 437 579; x_wconf 88' lang='lat' dir='ltr'>da</span> <span class='ocrx_word' id='word_1_33' title='bbox 459 522 568 580; x_wconf 83' lang='lat' dir='ltr'><strong>clericis</strong></span> <span class='ocrx_word' id='word_1_34' title='bbox 582 523 752 581; x_wconf 85' lang='lat' dir='ltr'>documenta</span> <span class='ocrx_word' id='word_1_35' title='bbox 773 524 877 598; x_wconf 90' lang='lat' dir='ltr'>quibus</span> <span class='ocrx_word' id='word_1_36' title='bbox 894 541 941 582; x_wconf 91' lang='lat' dir='ltr'>ec·</span> <span class='ocrx_word' id='word_1_37' title='bbox 992 523 1107 594; x_wconf 89' lang='lat' dir='ltr'>luerint,</span> <span class='ocrx_word' id='word_1_38' title='bbox 1129 527 1193 579; x_wconf 90' lang='lat' dir='ltr'>octo</span> <span class='ocrx_word' id='word_1_39' title='bbox 1215 540 1327 578; x_wconf 86' lang='lat' dir='ltr'>menses</span> <span class='ocrx_word' id='word_1_40' title='bbox 1353 523 1428 578; x_wconf 88' lang='lat' dir='ltr'>inter</span> <span class='ocrx_word' id='word_1_41' title='bbox 1450 523 1711 580; x_wconf 77' lang='lat' dir='ltr'>catechumenosev</span> 
     </span>
     <span class='ocr_line' id='line_1_5' title="bbox 123 615 1711 692; baseline -0.004 -15"><span class='ocrx_word' id='word_1_42' title='bbox 123 620 214 677; x_wconf 81' lang='lat' dir='ltr'>clesire</span> <span class='ocrx_word' id='word_1_43' title='bbox 229 619 368 692; x_wconf 81' lang='lat' dir='ltr'>possessio</span> <span class='ocrx_word' id='word_1_44' title='bbox 381 619 522 689; x_wconf 87' lang='lat' dir='ltr'>firmatur,</span> <span class='ocrx_word' id='word_1_45' title='bbox 547 623 598 674; x_wconf 88' lang='lat' dir='ltr'>aut</span> <span class='ocrx_word' id='word_1_46' title='bbox 620 618 810 690; x_wconf 83' lang='lat' dir='ltr'>supprimere,</span> <span class='ocrx_word' id='word_1_47' title='bbox 826 622 876 674; x_wconf 87' lang='lat' dir='ltr'>aut</span> <span class='ocrx_word' id='word_1_48' title='bbox 890 635 942 675; x_wconf 90' lang='lat' dir='ltr'>nc·</span> <span class='ocrx_word' id='word_1_49' title='bbox 993 617 1083 672; x_wconf 89' lang='lat' dir='ltr'>limen</span> <span class='ocrx_word' id='word_1_50' title='bbox 1105 618 1257 686; x_wconf 89' lang='lat' dir='ltr'>introeant,</span> <span class='ocrx_word' id='word_1_51' title='bbox 1276 619 1305 672; x_wconf 91' lang='lat' dir='ltr'>et</span> <span class='ocrx_word' id='word_1_52' title='bbox 1324 617 1348 671; x_wconf 93' lang='lat' dir='ltr'>si</span> <span class='ocrx_word' id='word_1_53' title='bbox 1366 633 1438 688; x_wconf 91' lang='lat' dir='ltr'>pura</span> <span class='ocrx_word' id='word_1_54' title='bbox 1457 615 1514 671; x_wconf 87' lang='lat' dir='ltr'>ilde</span> <span class='ocrx_word' id='word_1_55' title='bbox 1533 618 1711 673; x_wconf 69' lang='lat' dir='ltr'>noscuntur*</span> 
     </span>
     <span class='ocr_line' id='line_1_6' title="bbox 125 709 1710 787; baseline -0.002 -17"><span class='ocrx_word' id='word_1_56' title='bbox 125 732 204 787; x_wconf 88' lang='lat' dir='ltr'>gare,</span> <span class='ocrx_word' id='word_1_57' title='bbox 220 717 269 769; x_wconf 93' lang='lat' dir='ltr'>aut</span> <span class='ocrx_word' id='word_1_58' title='bbox 281 712 450 768; x_wconf 88' lang='lat' dir='ltr'>adversariis</span> <span class='ocrx_word' id='word_1_59' title='bbox 472 713 591 769; x_wconf 82' lang='lat' dir='ltr'>tortasse</span> <span class='ocrx_word' id='word_1_60' title='bbox 610 712 725 769; x_wconf 82' lang='lat' dir='ltr'>tradere</span> <span class='ocrx_word' id='word_1_61' title='bbox 746 712 900 770; x_wconf 78' lang='lat' dir='ltr'><strong>damnabili</strong></span> <span class='ocrx_word' id='word_1_62' title='bbox 915 717 945 768; x_wconf 89' lang='lat' dir='ltr'>et</span> <span class='ocrx_word' id='word_1_63' title='bbox 994 714 1061 766; x_wconf 88' lang='lat' dir='ltr'>tunc</span> <span class='ocrx_word' id='word_1_64' title='bbox 1075 710 1192 766; x_wconf 90' lang='lat' dir='ltr'>demum</span> <span class='ocrx_word' id='word_1_65' title='bbox 1210 709 1388 782; x_wconf 89' lang='lat' dir='ltr'>baptismatis</span> <span class='ocrx_word' id='word_1_66' title='bbox 1402 709 1525 781; x_wconf 78' lang='lat' dir='ltr'><strong>gratiam</strong></span> <span class='ocrx_word' id='word_1_67' title='bbox 1540 713 1710 767; x_wconf 84' lang='lat' dir='ltr'>mereantur</span> 
     </span>
     <span class='ocr_line' id='line_1_7' title="bbox 124 801 1711 883; baseline -0.005 -19"><span class='ocrx_word' id='word_1_68' title='bbox 124 807 271 883; x_wconf 90' lang='lat' dir='ltr'>punienda</span> <span class='ocrx_word' id='word_1_69' title='bbox 283 806 474 864; x_wconf 73' lang='lat' dir='ltr'>obstinatione</span> <span class='ocrx_word' id='word_1_70' title='bbox 497 806 722 879; x_wconf 68' lang='lat' dir='ltr'>presumpserit,</span> <span class='ocrx_word' id='word_1_71' title='bbox 743 806 881 880; x_wconf 85' lang='lat' dir='ltr'>quidquid</span> <span class='ocrx_word' id='word_1_72' title='bbox 893 822 945 878; x_wconf 90' lang='lat' dir='ltr'>per</span> <span class='ocrx_word' id='word_1_73' title='bbox 994 804 1019 859; x_wconf 91' lang='lat' dir='ltr'>si</span> <span class='ocrx_word' id='word_1_74' title='bbox 1032 819 1098 859; x_wconf 90' lang='lat' dir='ltr'>casu</span> <span class='ocrx_word' id='word_1_75' title='bbox 1109 803 1203 875; x_wconf 86' lang='lat' dir='ltr'>aliquo</span> <span class='ocrx_word' id='word_1_76' title='bbox 1214 803 1371 875; x_wconf 91' lang='lat' dir='ltr'>periculum</span> <span class='ocrx_word' id='word_1_77' title='bbox 1387 801 1559 857; x_wconf 84' lang='lat' dir='ltr'>infirmitatis</span> <span class='ocrx_word' id='word_1_78' title='bbox 1575 802 1650 857; x_wconf 88' lang='lat' dir='ltr'>intra</span> <span class='ocrx_word' id='word_1_79' title='bbox 1667 817 1711 874; x_wconf 84' lang='lat' dir='ltr'>pn</span> 
     </span>
     <span class='ocr_line' id='line_1_8' title="bbox 126 894 1704 975; baseline -0.002 -19"><span class='ocrx_word' id='word_1_80' title='bbox 126 901 283 958; x_wconf 75' lang='lat' dir='ltr'>absentiam</span> <span class='ocrx_word' id='word_1_81' title='bbox 305 901 543 957; x_wconf 87' lang='lat' dir='ltr'>documentorum</span> <span class='ocrx_word' id='word_1_82' title='bbox 566 900 663 956; x_wconf 93' lang='lat' dir='ltr'>damni</span> <span class='ocrx_word' id='word_1_83' title='bbox 686 900 811 957; x_wconf 76' lang='lat' dir='ltr'>ecclesias</span> <span class='ocrx_word' id='word_1_84' title='bbox 832 900 944 956; x_wconf 90' lang='lat' dir='ltr'>illatum</span> <span class='ocrx_word' id='word_1_85' title='bbox 993 901 1055 956; x_wconf 90' lang='lat' dir='ltr'>tum</span> <span class='ocrx_word' id='word_1_86' title='bbox 1069 902 1183 975; x_wconf 85' lang='lat' dir='ltr'>tempus</span> <span class='ocrx_word' id='word_1_87' title='bbox 1197 895 1376 968; x_wconf 84' lang='lat' dir='ltr'>incurrerint,</span> <span class='ocrx_word' id='word_1_88' title='bbox 1391 897 1420 957; x_wconf 86' lang='lat' dir='ltr'>et</span> <span class='ocrx_word' id='word_1_89' title='bbox 1433 895 1572 975; x_wconf 90' lang='lat' dir='ltr'>desperati</span> <span class='ocrx_word' id='word_1_90' title='bbox 1585 894 1704 965; x_wconf 85' lang='lat' dir='ltr'>tuerint,</span> 
     </span>
     <span class='ocr_line' id='line_1_9' title="bbox 125 993 1103 1068; baseline -0.001 -18"><span class='ocrx_word' id='word_1_91' title='bbox 125 998 169 1050; x_wconf 85' lang='lat' dir='ltr'>eat</span> <span class='ocrx_word' id='word_1_92' title='bbox 177 995 212 1051; x_wconf 90' lang='lat' dir='ltr'>de</span> <span class='ocrx_word' id='word_1_93' title='bbox 222 994 345 1068; x_wconf 88' lang='lat' dir='ltr'>propriis</span> <span class='ocrx_word' id='word_1_94' title='bbox 357 994 540 1050; x_wconf 87' lang='lat' dir='ltr'>facultatibus</span> <span class='ocrx_word' id='word_1_95' title='bbox 552 993 685 1062; x_wconf 88' lang='lat' dir='ltr'>reddant,</span> <span class='ocrx_word' id='word_1_96' title='bbox 701 999 730 1050; x_wconf 92' lang='lat' dir='ltr'>et</span> <span class='ocrx_word' id='word_1_97' title='bbox 741 993 943 1051; x_wconf 91' lang='lat' dir='ltr'>communione</span> <span class='ocrx_word' id='word_1_98' title='bbox 994 995 1103 1049; x_wconf 88' lang='lat' dir='ltr'>zantur.</span> 
     </span>
     <span class='ocr_line' id='line_1_10' title="bbox 125 1086 1711 1161; baseline -0.001 -17"><span class='ocrx_word' id='word_1_99' title='bbox 125 1088 287 1161; x_wconf 88' lang='lat' dir='ltr'>priventur;</span> <span class='ocrx_word' id='word_1_100' title='bbox 302 1088 333 1143; x_wconf 96' lang='lat' dir='ltr'>hi</span> <span class='ocrx_word' id='word_1_101' title='bbox 343 1088 428 1144; x_wconf 89' lang='lat' dir='ltr'>etiam</span> <span class='ocrx_word' id='word_1_102' title='bbox 440 1087 489 1161; x_wconf 90' lang='lat' dir='ltr'>qui</span> <span class='ocrx_word' id='word_1_103' title='bbox 502 1088 532 1143; x_wconf 92' lang='lat' dir='ltr'>in</span> <span class='ocrx_word' id='word_1_104' title='bbox 548 1088 651 1145; x_wconf 88' lang='lat' dir='ltr'>damno</span> <span class='ocrx_word' id='word_1_105' title='bbox 662 1088 787 1145; x_wconf 77' lang='lat' dir='ltr'>ecclesian</span> <span class='ocrx_word' id='word_1_106' title='bbox 797 1087 884 1161; x_wconf 89' lang='lat' dir='ltr'>impie</span> <span class='ocrx_word' id='word_1_107' title='bbox 895 1088 946 1143; x_wconf 88' lang='lat' dir='ltr'>sol·</span> <span class='ocrx_word' id='word_1_108' title='bbox 1030 1088 1126 1143; x_wconf 82' lang='lat' dir='ltr'><strong>XXXV.</strong></span> <span class='ocrx_word' id='word_1_109' title='bbox 1149 1088 1177 1144; x_wconf 92' lang='lat' dir='ltr'>Si</span> <span class='ocrx_word' id='word_1_110' title='bbox 1199 1089 1347 1160; x_wconf 88' lang='lat' dir='ltr'>episcopus</span> <span class='ocrx_word' id='word_1_111' title='bbox 1369 1087 1604 1159; x_wconf 85' lang='lat' dir='ltr'>metropolitanus</span> <span class='ocrx_word' id='word_1_112' title='bbox 1624 1086 1664 1143; x_wconf 86' lang='lat' dir='ltr'>ad</span> <span class='ocrx_word' id='word_1_113' title='bbox 1685 1101 1711 1142; x_wconf 80' lang='lat' dir='ltr'>cr</span> 
     </span>
     <span class='ocr_line' id='line_1_11' title="bbox 125 1180 1711 1257; baseline -0.001 -19"><span class='ocrx_word' id='word_1_114' title='bbox 125 1182 256 1238; x_wconf 80' lang='lat' dir='ltr'>licitatio</span> <span class='ocrx_word' id='word_1_115' title='bbox 278 1180 460 1237; x_wconf 87' lang='lat' dir='ltr'>traditoribus</span> <span class='ocrx_word' id='word_1_116' title='bbox 482 1180 590 1254; x_wconf 85' lang='lat' dir='ltr'>aliquid</span> <span class='ocrx_word' id='word_1_117' title='bbox 615 1182 777 1257; x_wconf 87' lang='lat' dir='ltr'>acceperint</span> <span class='ocrx_word' id='word_1_118' title='bbox 802 1182 946 1255; x_wconf 90' lang='lat' dir='ltr'>superiori</span> <span class='ocrx_word' id='word_1_119' title='bbox 995 1181 1128 1237; x_wconf 87' lang='lat' dir='ltr'>vinciales</span> <span class='ocrx_word' id='word_1_120' title='bbox 1151 1181 1298 1255; x_wconf 87' lang='lat' dir='ltr'>episcopos</span> <span class='ocrx_word' id='word_1_121' title='bbox 1317 1181 1451 1254; x_wconf 88' lang='lat' dir='ltr'>epistolas</span> <span class='ocrx_word' id='word_1_122' title='bbox 1478 1181 1621 1247; x_wconf 85' lang='lat' dir='ltr'>direxerit,</span> <span class='ocrx_word' id='word_1_123' title='bbox 1651 1180 1684 1236; x_wconf 91' lang='lat' dir='ltr'>in</span> <span class='ocrx_word' id='word_1_124' title='bbox 1710 1212 1711 1223; x_wconf 61' lang='lat'>.</span> 
     </span>
     <span class='ocr_line' id='line_1_12' title="bbox 127 1272 1711 1347; baseline -0.001 -14"><span class='ocrx_word' id='word_1_125' title='bbox 127 1275 269 1333; x_wconf 86' lang='lat' dir='ltr'>sententie</span> <span class='ocrx_word' id='word_1_126' title='bbox 282 1280 445 1333; x_wconf 87' lang='lat' dir='ltr'>tencantur.</span> <span class='ocrx_word' id='word_1_127' title='bbox 996 1293 1045 1332; x_wconf 89' lang='lat' dir='ltr'>eos</span> <span class='ocrx_word' id='word_1_128' title='bbox 1058 1274 1095 1331; x_wconf 97' lang='lat' dir='ltr'>ad</span> <span class='ocrx_word' id='word_1_129' title='bbox 1108 1276 1317 1332; x_wconf 89' lang='lat' dir='ltr'>ordinationem</span> <span class='ocrx_word' id='word_1_130' title='bbox 1332 1275 1437 1331; x_wconf 90' lang='lat' dir='ltr'>summi</span> <span class='ocrx_word' id='word_1_131' title='bbox 1452 1274 1603 1347; x_wconf 86' lang='lat' dir='ltr'>pontificis,</span> <span class='ocrx_word' id='word_1_132' title='bbox 1617 1272 1711 1331; x_wconf 84' lang='lat' dir='ltr'>autad</span> 
     </span>
     <span class='ocr_line' id='line_1_13' title="bbox 162 1369 1711 1444; baseline -0.001 -18"><span class='ocrx_word' id='word_1_133' title='bbox 162 1370 259 1426; x_wconf 84' lang='lat' dir='ltr'><strong>XXVII.</strong></span> <span class='ocrx_word' id='word_1_134' title='bbox 276 1372 312 1427; x_wconf 90' lang='lat' dir='ltr'>Ut</span> <span class='ocrx_word' id='word_1_135' title='bbox 331 1369 367 1425; x_wconf 92' lang='lat' dir='ltr'>de</span> <span class='ocrx_word' id='word_1_136' title='bbox 382 1369 530 1426; x_wconf 89' lang='lat' dir='ltr'>monachis</span> <span class='ocrx_word' id='word_1_137' title='bbox 543 1371 751 1428; x_wconf 83' lang='lat' dir='ltr'>monesterium</span> <span class='ocrx_word' id='word_1_138' title='bbox 764 1387 879 1442; x_wconf 91' lang='lat' dir='ltr'>novum,</span> <span class='ocrx_word' id='word_1_139' title='bbox 893 1373 947 1430; x_wconf 89' lang='lat' dir='ltr'>nisi</span> <span class='ocrx_word' id='word_1_140' title='bbox 996 1371 1066 1427; x_wconf 93' lang='lat' dir='ltr'>dum</span> <span class='ocrx_word' id='word_1_141' title='bbox 1076 1370 1186 1441; x_wconf 90' lang='lat' dir='ltr'>invitat,</span> <span class='ocrx_word' id='word_1_142' title='bbox 1199 1369 1364 1444; x_wconf 89' lang='lat' dir='ltr'>postpositis</span> <span class='ocrx_word' id='word_1_143' title='bbox 1377 1369 1522 1438; x_wconf 89' lang='lat' dir='ltr'>omnibus,</span> <span class='ocrx_word' id='word_1_144' title='bbox 1536 1371 1657 1442; x_wconf 87' lang='lat' dir='ltr'>excepta</span> <span class='ocrx_word' id='word_1_145' title='bbox 1677 1384 1711 1441; x_wconf 85' lang='lat' dir='ltr'>gr</span> 
     </span>
     <span class='ocr_line' id='line_1_14' title="bbox 129 1460 1696 1538; baseline -0.002 -18"><span class='ocrx_word' id='word_1_146' title='bbox 129 1464 260 1536; x_wconf 85' lang='lat' dir='ltr'>episcopo</span> <span class='ocrx_word' id='word_1_147' title='bbox 271 1467 321 1521; x_wconf 89' lang='lat' dir='ltr'>aut</span> <span class='ocrx_word' id='word_1_148' title='bbox 334 1463 518 1536; x_wconf 87' lang='lat' dir='ltr'>permittente</span> <span class='ocrx_word' id='word_1_149' title='bbox 533 1469 584 1522; x_wconf 91' lang='lat' dir='ltr'>aut</span> <span class='ocrx_word' id='word_1_150' title='bbox 600 1465 749 1538; x_wconf 86' lang='lat' dir='ltr'>probante,</span> <span class='ocrx_word' id='word_1_151' title='bbox 765 1465 860 1522; x_wconf 92' lang='lat' dir='ltr'>nullus</span> <span class='ocrx_word' id='word_1_152' title='bbox 874 1466 947 1522; x_wconf 90' lang='lat' dir='ltr'>inci·</span> <span class='ocrx_word' id='word_1_153' title='bbox 997 1465 1131 1521; x_wconf 88' lang='lat' dir='ltr'>llrmitate</span> <span class='ocrx_word' id='word_1_154' title='bbox 1144 1465 1279 1537; x_wconf 89' lang='lat' dir='ltr'>corporis,</span> <span class='ocrx_word' id='word_1_155' title='bbox 1292 1468 1341 1524; x_wconf 88' lang='lat' dir='ltr'>aut</span> <span class='ocrx_word' id='word_1_156' title='bbox 1355 1463 1545 1536; x_wconf 79' lang='lat' dir='ltr'>preceptione</span> <span class='ocrx_word' id='word_1_157' title='bbox 1559 1462 1640 1535; x_wconf 87' lang='lat' dir='ltr'>regia</span> <span class='ocrx_word' id='word_1_158' title='bbox 1661 1460 1696 1518; x_wconf 86' lang='lat' dir='ltr'>ed</span> 
     </span>
     <span class='ocr_line' id='line_1_15' title="bbox 130 1554 1711 1632; baseline -0.001 -19"><span class='ocrx_word' id='word_1_159' title='bbox 130 1574 207 1630; x_wconf 90' lang='lat' dir='ltr'>pere,</span> <span class='ocrx_word' id='word_1_160' title='bbox 222 1563 271 1614; x_wconf 88' lang='lat' dir='ltr'>aut</span> <span class='ocrx_word' id='word_1_161' title='bbox 285 1557 405 1615; x_wconf 80' lang='lat' dir='ltr'>fundare</span> <span class='ocrx_word' id='word_1_162' title='bbox 417 1564 582 1631; x_wconf 81' lang='lat' dir='ltr'>praesumat.</span> <span class='ocrx_word' id='word_1_163' title='bbox 601 1559 731 1616; x_wconf 89' lang='lat' dir='ltr'>llonachi</span> <span class='ocrx_word' id='word_1_164' title='bbox 743 1560 831 1616; x_wconf 88' lang='lat' dir='ltr'>etiam</span> <span class='ocrx_word' id='word_1_165' title='bbox 845 1576 949 1632; x_wconf 89' lang='lat' dir='ltr'>vagan·</span> <span class='ocrx_word' id='word_1_166' title='bbox 997 1562 1093 1615; x_wconf 89' lang='lat' dir='ltr'>tutum</span> <span class='ocrx_word' id='word_1_167' title='bbox 1107 1557 1183 1615; x_wconf 90' lang='lat' dir='ltr'>diem</span> <span class='ocrx_word' id='word_1_168' title='bbox 1195 1558 1292 1614; x_wconf 89' lang='lat' dir='ltr'>adesse</span> <span class='ocrx_word' id='word_1_169' title='bbox 1304 1574 1363 1613; x_wconf 93' lang='lat' dir='ltr'>uon</span> <span class='ocrx_word' id='word_1_170' title='bbox 1377 1557 1521 1627; x_wconf 82' lang='lat' dir='ltr'>differant,</span> <span class='ocrx_word' id='word_1_171' title='bbox 1534 1556 1610 1628; x_wconf 88' lang='lat' dir='ltr'>quod</span> <span class='ocrx_word' id='word_1_172' title='bbox 1624 1554 1649 1610; x_wconf 91' lang='lat' dir='ltr'>si</span> <span class='ocrx_word' id='word_1_173' title='bbox 1661 1554 1711 1611; x_wconf 86' lang='lat' dir='ltr'>dei</span> 
     </span>
     <span class='ocr_line' id='line_1_16' title="bbox 128 1650 1711 1724; baseline -0.002 -17"><span class='ocrx_word' id='word_1_174' title='bbox 128 1658 171 1708; x_wconf 88' lang='lat' dir='ltr'>tes</span> <span class='ocrx_word' id='word_1_175' title='bbox 199 1651 236 1708; x_wconf 89' lang='lat' dir='ltr'>ad</span> <span class='ocrx_word' id='word_1_176' title='bbox 261 1651 386 1708; x_wconf 85' lang='lat' dir='ltr'>officium</span> <span class='ocrx_word' id='word_1_177' title='bbox 414 1652 572 1723; x_wconf 82' lang='lat' dir='ltr'>clericatus,</span> <span class='ocrx_word' id='word_1_178' title='bbox 600 1654 655 1708; x_wconf 90' lang='lat' dir='ltr'>nisi</span> <span class='ocrx_word' id='word_1_179' title='bbox 683 1653 723 1710; x_wconf 91' lang='lat' dir='ltr'>eis</span> <span class='ocrx_word' id='word_1_180' title='bbox 752 1654 947 1711; x_wconf 83' lang='lat' dir='ltr'>testimonium</span> <span class='ocrx_word' id='word_1_181' title='bbox 999 1652 1080 1723; x_wconf 85' lang='lat' dir='ltr'>(sicut</span> <span class='ocrx_word' id='word_1_182' title='bbox 1092 1652 1184 1724; x_wconf 90' lang='lat' dir='ltr'>prisca</span> <span class='ocrx_word' id='word_1_183' title='bbox 1198 1667 1339 1708; x_wconf 89' lang='lat' dir='ltr'>canonum</span> <span class='ocrx_word' id='word_1_184' title='bbox 1353 1650 1490 1722; x_wconf 85' lang='lat' dir='ltr'>praecepit</span> <span class='ocrx_word' id='word_1_185' title='bbox 1501 1650 1665 1718; x_wconf 88' lang='lat' dir='ltr'>auctoritas,</span> <span class='ocrx_word' id='word_1_186' title='bbox 1678 1665 1711 1705; x_wconf 89' lang='lat' dir='ltr'>ns</span> 
     </span>
     <span class='ocr_line' id='line_1_17' title="bbox 131 1721 1711 1821; baseline 0 -21"><span class='ocrx_word' id='word_1_187' title='bbox 131 1746 217 1800; x_wconf 87' lang='lat' dir='ltr'>abbas</span> <span class='ocrx_word' id='word_1_188' title='bbox 231 1761 298 1801; x_wconf 90' lang='lat' dir='ltr'>snus</span> <span class='ocrx_word' id='word_1_189' title='bbox 315 1745 437 1817; x_wconf 89' lang='lat' dir='ltr'>dederit,</span> <span class='ocrx_word' id='word_1_190' title='bbox 458 1763 511 1802; x_wconf 92' lang='lat' dir='ltr'>nec</span> <span class='ocrx_word' id='word_1_191' title='bbox 525 1747 554 1802; x_wconf 92' lang='lat' dir='ltr'>in</span> <span class='ocrx_word' id='word_1_192' title='bbox 573 1746 741 1819; x_wconf 90' lang='lat' dir='ltr'>civitatibus,</span> <span class='ocrx_word' id='word_1_193' title='bbox 755 1764 808 1805; x_wconf 91' lang='lat' dir='ltr'>nec</span> <span class='ocrx_word' id='word_1_194' title='bbox 820 1748 851 1804; x_wconf 91' lang='lat' dir='ltr'>in</span> <span class='ocrx_word' id='word_1_195' title='bbox 866 1765 947 1821; x_wconf 83' lang='lat' dir='ltr'>paro</span> <span class='ocrx_word' id='word_1_196' title='bbox 958 1721 986 1794; x_wconf 81' lang='grc' dir='ltr'>Β</span> <span class='ocrx_word' id='word_1_197' title='bbox 998 1746 1158 1818; x_wconf 80' lang='lat' dir='ltr'>proximam</span> <span class='ocrx_word' id='word_1_198' title='bbox 1168 1745 1319 1817; x_wconf 90' lang='lat' dir='ltr'>synodum,</span> <span class='ocrx_word' id='word_1_199' title='bbox 1331 1744 1637 1814; x_wconf 85' lang='lat' dir='ltr'>acharitatciretrum,</span> <span class='ocrx_word' id='word_1_200' title='bbox 1648 1745 1679 1799; x_wconf 91' lang='lat' dir='ltr'>et</span> <span class='ocrx_word' id='word_1_201' title='bbox 1690 1757 1711 1800; x_wconf 83' lang='lat' dir='ltr'>e</span> 
     </span>
     <span class='ocr_line' id='line_1_18' title="bbox 129 1838 1368 1912; baseline -0.001 -17"><span class='ocrx_word' id='word_1_202' title='bbox 129 1838 200 1895; x_wconf 90' lang='lat' dir='ltr'>chiis</span> <span class='ocrx_word' id='word_1_203' title='bbox 222 1839 401 1896; x_wconf 83' lang='lat' dir='ltr'>ordinentur.</span> <span class='ocrx_word' id='word_1_204' title='bbox 423 1841 601 1912; x_wconf 77' lang='lat' dir='ltr'>Monachum,</span> <span class='ocrx_word' id='word_1_205' title='bbox 627 1841 680 1897; x_wconf 89' lang='lat' dir='ltr'>nisi</span> <span class='ocrx_word' id='word_1_206' title='bbox 699 1841 809 1898; x_wconf 85' lang='lat' dir='ltr'>abbatis</span> <span class='ocrx_word' id='word_1_207' title='bbox 837 1843 880 1899; x_wconf 90' lang='lat' dir='ltr'>sui</span> <span class='ocrx_word' id='word_1_208' title='bbox 899 1846 949 1898; x_wconf 91' lang='lat' dir='ltr'>aut</span> <span class='ocrx_word' id='word_1_209' title='bbox 997 1839 1199 1897; x_wconf 90' lang='lat' dir='ltr'>communione</span> <span class='ocrx_word' id='word_1_210' title='bbox 1212 1839 1368 1912; x_wconf 85' lang='lat' dir='ltr'>priventur.</span> 
     </span>
     <span class='ocr_line' id='line_1_19' title="bbox 130 1929 1702 2006; baseline -0.001 -18"><span class='ocrx_word' id='word_1_211' title='bbox 130 1932 272 2006; x_wconf 89' lang='lat' dir='ltr'>permissu</span> <span class='ocrx_word' id='word_1_212' title='bbox 294 1938 344 1989; x_wconf 91' lang='lat' dir='ltr'>aut</span> <span class='ocrx_word' id='word_1_213' title='bbox 369 1934 515 1991; x_wconf 86' lang='lat' dir='ltr'>voluntate</span> <span class='ocrx_word' id='word_1_214' title='bbox 540 1934 720 1992; x_wconf 82' lang='lat' dir='ltr'>adulterum</span> <span class='ocrx_word' id='word_1_215' title='bbox 744 1937 949 1993; x_wconf 86' lang='lat' dir='ltr'>monasterium</span> <span class='ocrx_word' id='word_1_216' title='bbox 1033 1934 1141 1989; x_wconf 84' lang='lat' dir='ltr'>xxxvl.</span> <span class='ocrx_word' id='word_1_217' title='bbox 1157 1932 1256 1991; x_wconf 84' lang='lat' dir='ltr'>Clerici</span> <span class='ocrx_word' id='word_1_218' title='bbox 1278 1933 1367 1988; x_wconf 89' lang='lat' dir='ltr'>etiam</span> <span class='ocrx_word' id='word_1_219' title='bbox 1387 1931 1552 2003; x_wconf 90' lang='lat' dir='ltr'>omnesqui</span> <span class='ocrx_word' id='word_1_220' title='bbox 1574 1929 1702 1986; x_wconf 74' lang='lat' dir='ltr'>ecclesias</span> 
     </span>
     <span class='ocr_line' id='line_1_20' title="bbox 130 2023 1711 2101; baseline -0.001 -19"><span class='ocrx_word' id='word_1_221' title='bbox 130 2027 376 2100; x_wconf 76' lang='lat' dir='ltr'>commigrantem,</span> <span class='ocrx_word' id='word_1_222' title='bbox 393 2028 586 2084; x_wconf 89' lang='lat' dir='ltr'>nullusabbas</span> <span class='ocrx_word' id='word_1_223' title='bbox 600 2030 744 2101; x_wconf 88' lang='lat' dir='ltr'>suscipere</span> <span class='ocrx_word' id='word_1_224' title='bbox 763 2029 949 2088; x_wconf 88' lang='lat' dir='ltr'>autratinere</span> <span class='ocrx_word' id='word_1_225' title='bbox 998 2031 1042 2083; x_wconf 92' lang='lat' dir='ltr'>ter</span> <span class='ocrx_word' id='word_1_226' title='bbox 1062 2027 1268 2099; x_wconf 78' lang='lat' dir='ltr'>vigilanterque</span> <span class='ocrx_word' id='word_1_227' title='bbox 1291 2025 1462 2095; x_wconf 88' lang='lat' dir='ltr'>deserviunt,</span> <span class='ocrx_word' id='word_1_228' title='bbox 1486 2023 1631 2096; x_wconf 87' lang='lat' dir='ltr'>stipendia</span> <span class='ocrx_word' id='word_1_229' title='bbox 1648 2039 1711 2080; x_wconf 84' lang='lat' dir='ltr'>sano</span> 
     </span>
     <span class='ocr_line' id='line_1_21' title="bbox 131 2117 1711 2195; baseline -0.001 -19"><span class='ocrx_word' id='word_1_230' title='bbox 131 2125 296 2192; x_wconf 76' lang='lat' dir='ltr'>presumat,</span> <span class='ocrx_word' id='word_1_231' title='bbox 310 2122 361 2176; x_wconf 89' lang='lat' dir='ltr'>sed</span> <span class='ocrx_word' id='word_1_232' title='bbox 374 2121 535 2195; x_wconf 87' lang='lat' dir='ltr'>ubicunque</span> <span class='ocrx_word' id='word_1_233' title='bbox 556 2123 652 2192; x_wconf 84' lang='lat' dir='ltr'>fuerit,</span> <span class='ocrx_word' id='word_1_234' title='bbox 674 2123 770 2180; x_wconf 88' lang='lat' dir='ltr'>abbati</span> <span class='ocrx_word' id='word_1_235' title='bbox 788 2129 948 2181; x_wconf 88' lang='lat' dir='ltr'>suoaucto·</span> <span class='ocrx_word' id='word_1_236' title='bbox 998 2121 1114 2178; x_wconf 91' lang='lat' dir='ltr'>boribus</span> <span class='ocrx_word' id='word_1_237' title='bbox 1135 2120 1231 2176; x_wconf 89' lang='lat' dir='ltr'>debita</span> <span class='ocrx_word' id='word_1_238' title='bbox 1252 2119 1410 2175; x_wconf 87' lang='lat' dir='ltr'>secundum</span> <span class='ocrx_word' id='word_1_239' title='bbox 1424 2118 1531 2174; x_wconf 87' lang='lat' dir='ltr'>servitii</span> <span class='ocrx_word' id='word_1_240' title='bbox 1553 2118 1596 2173; x_wconf 92' lang='lat' dir='ltr'>sui</span> <span class='ocrx_word' id='word_1_241' title='bbox 1619 2117 1711 2175; x_wconf 79' lang='lat' dir='ltr'>merit</span> 
     </span>
     <span class='ocr_line' id='line_1_22' title="bbox 131 2212 1687 2284; baseline -0.001 -14"><span class='ocrx_word' id='word_1_242' title='bbox 131 2214 214 2271; x_wconf 82' lang='lat' dir='ltr'>ritate</span> <span class='ocrx_word' id='word_1_243' title='bbox 236 2230 380 2270; x_wconf 91' lang='lat' dir='ltr'>canonum</span> <span class='ocrx_word' id='word_1_244' title='bbox 405 2217 563 2283; x_wconf 89' lang='lat' dir='ltr'>revocetur,</span> <span class='ocrx_word' id='word_1_245' title='bbox 584 2215 704 2273; x_wconf 88' lang='lat' dir='ltr'>sienim</span> <span class='ocrx_word' id='word_1_246' title='bbox 727 2233 841 2274; x_wconf 87' lang='lat' dir='ltr'>necesse</span> <span class='ocrx_word' id='word_1_247' title='bbox 864 2218 951 2275; x_wconf 80' lang='lat' dir='ltr'>luerit</span> <span class='ocrx_word' id='word_1_248' title='bbox 1000 2214 1212 2272; x_wconf 84' lang='lat' dir='ltr'>ordinationem</span> <span class='ocrx_word' id='word_1_249' title='bbox 1227 2231 1245 2270; x_wconf 94' lang='lat' dir='ltr'>a</span> <span class='ocrx_word' id='word_1_250' title='bbox 1258 2212 1454 2269; x_wconf 90' lang='lat' dir='ltr'>sacerdotibus</span> <span class='ocrx_word' id='word_1_251' title='bbox 1466 2215 1687 2284; x_wconf 87' lang='lat' dir='ltr'>consequantur.</span> 
     </span>
     <span class='ocr_line' id='line_1_23' title="bbox 132 2305 1709 2380; baseline -0.002 -17"><span class='ocrx_word' id='word_1_252' title='bbox 132 2306 267 2363; x_wconf 84' lang='lat' dir='ltr'>alericum</span> <span class='ocrx_word' id='word_1_253' title='bbox 288 2307 324 2363; x_wconf 92' lang='lat' dir='ltr'>de</span> <span class='ocrx_word' id='word_1_254' title='bbox 345 2307 493 2363; x_wconf 91' lang='lat' dir='ltr'>monachis</span> <span class='ocrx_word' id='word_1_255' title='bbox 513 2308 650 2380; x_wconf 90' lang='lat' dir='ltr'>ordinari,</span> <span class='ocrx_word' id='word_1_256' title='bbox 673 2326 739 2365; x_wconf 88' lang='lat' dir='ltr'>cum</span> <span class='ocrx_word' id='word_1_257' title='bbox 760 2326 900 2368; x_wconf 90' lang='lat' dir='ltr'>consensu</span> <span class='ocrx_word' id='word_1_258' title='bbox 922 2316 951 2367; x_wconf 87' lang='lat' dir='ltr'>et</span> <span class='ocrx_word' id='word_1_259' title='bbox 1034 2309 1154 2365; x_wconf 85' lang='lat' dir='ltr'><strong>XXXVII.</strong></span> <span class='ocrx_word' id='word_1_260' title='bbox 1184 2310 1282 2380; x_wconf 89' lang='lat' dir='ltr'>ltaque</span> <span class='ocrx_word' id='word_1_261' title='bbox 1309 2307 1470 2364; x_wconf 89' lang='lat' dir='ltr'>censuimus</span> <span class='ocrx_word' id='word_1_262' title='bbox 1494 2305 1651 2362; x_wconf 86' lang='lat' dir='ltr'>homicidas</span> <span class='ocrx_word' id='word_1_263' title='bbox 1678 2309 1709 2363; x_wconf 87' lang='lat' dir='ltr'>et</span> 
     </span>
     <span class='ocr_line' id='line_1_24' title="bbox 132 2398 1713 2476; baseline 0.001 -21"><span class='ocrx_word' id='word_1_264' title='bbox 132 2401 277 2457; x_wconf 92' lang='lat' dir='ltr'>voluntate</span> <span class='ocrx_word' id='word_1_265' title='bbox 291 2400 400 2457; x_wconf 88' lang='lat' dir='ltr'>abbatis</span> <span class='ocrx_word' id='word_1_266' title='bbox 415 2406 572 2474; x_wconf 78' lang='lat' dir='ltr'>presumat</span> <span class='ocrx_word' id='word_1_267' title='bbox 586 2404 746 2476; x_wconf 88' lang='lat' dir='ltr'>episcopus.</span> <span class='ocrx_word' id='word_1_268' title='bbox 998 2401 1320 2459; x_wconf 88' lang='lat' dir='ltr'>testesacommnnione</span> <span class='ocrx_word' id='word_1_269' title='bbox 1331 2399 1520 2457; x_wconf 89' lang='lat' dir='ltr'>ecclesiastica</span> <span class='ocrx_word' id='word_1_270' title='bbox 1533 2398 1713 2457; x_wconf 83' lang='lat' dir='ltr'>submovend</span> 
     </span>
     <span class='ocr_line' id='line_1_25' title="bbox 168 2493 1671 2570; baseline -0.001 -19"><span class='ocrx_word' id='word_1_271' title='bbox 168 2495 278 2551; x_wconf 90' lang='lat' dir='ltr'>XXVlll.</span> <span class='ocrx_word' id='word_1_272' title='bbox 301 2496 466 2552; x_wconf 86' lang='lat' dir='ltr'>blonesterie</span> <span class='ocrx_word' id='word_1_273' title='bbox 484 2497 648 2569; x_wconf 87' lang='lat' dir='ltr'>puellarum</span> <span class='ocrx_word' id='word_1_274' title='bbox 669 2497 784 2570; x_wconf 90' lang='lat' dir='ltr'>longius</span> <span class='ocrx_word' id='word_1_275' title='bbox 803 2515 949 2556; x_wconf 85' lang='lat' dir='ltr'>amones-</span> <span class='ocrx_word' id='word_1_276' title='bbox 1000 2496 1174 2570; x_wconf 77' lang='lat' dir='ltr'>poeuitentiae</span> <span class='ocrx_word' id='word_1_277' title='bbox 1187 2495 1380 2552; x_wconf 83' lang='lat' dir='ltr'>satisfactione</span> <span class='ocrx_word' id='word_1_278' title='bbox 1391 2493 1514 2550; x_wconf 92' lang='lat' dir='ltr'>crimina</span> <span class='ocrx_word' id='word_1_279' title='bbox 1526 2493 1671 2550; x_wconf 90' lang='lat' dir='ltr'>diluerint.</span> 
     </span>
     <span class='ocr_line' id='line_1_26' title="bbox 133 2587 1711 2664; baseline -0.001 -19"><span class='ocrx_word' id='word_1_280' title='bbox 133 2588 205 2646; x_wconf 89' lang='lat' dir='ltr'>terio</span> <span class='ocrx_word' id='word_1_281' title='bbox 218 2589 435 2660; x_wconf 91' lang='lat' dir='ltr'>monachorum,</span> <span class='ocrx_word' id='word_1_282' title='bbox 450 2592 500 2646; x_wconf 91' lang='lat' dir='ltr'>aut</span> <span class='ocrx_word' id='word_1_283' title='bbox 514 2596 633 2664; x_wconf 89' lang='lat' dir='ltr'>propter</span> <span class='ocrx_word' id='word_1_284' title='bbox 644 2591 761 2648; x_wconf 88' lang='lat' dir='ltr'>insidias</span> <span class='ocrx_word' id='word_1_285' title='bbox 775 2592 890 2663; x_wconf 85' lang='lat' dir='ltr'>diaboli,</span> <span class='ocrx_word' id='word_1_286' title='bbox 901 2598 952 2649; x_wconf 90' lang='lat' dir='ltr'>aut</span> <span class='ocrx_word' id='word_1_287' title='bbox 1036 2591 1169 2646; x_wconf 83' lang='lat' dir='ltr'>XXXVlll.</span> <span class='ocrx_word' id='word_1_288' title='bbox 1196 2589 1310 2646; x_wconf 88' lang='lat' dir='ltr'>Clericis</span> <span class='ocrx_word' id='word_1_289' title='bbox 1334 2589 1396 2645; x_wconf 88' lang='lat' dir='ltr'>sine</span> <span class='ocrx_word' id='word_1_290' title='bbox 1424 2587 1668 2645; x_wconf 87' lang='lat' dir='ltr'>commendatitiis</span> <span class='ocrx_word' id='word_1_291' title='bbox 1693 2603 1711 2659; x_wconf 74' lang='lat' dir='ltr'>ej</span> 
     </span>
     <span class='ocr_line' id='line_1_27' title="bbox 134 2681 1711 2757; baseline -0.001 -18"><span class='ocrx_word' id='word_1_292' title='bbox 134 2686 253 2755; x_wconf 90' lang='lat' dir='ltr'>propter</span> <span class='ocrx_word' id='word_1_293' title='bbox 267 2683 460 2740; x_wconf 88' lang='lat' dir='ltr'>oblocutiones</span> <span class='ocrx_word' id='word_1_294' title='bbox 474 2685 625 2742; x_wconf 90' lang='lat' dir='ltr'>hominurn</span> <span class='ocrx_word' id='word_1_295' title='bbox 644 2685 827 2745; x_wconf 91' lang='lat' dir='ltr'>collocentur.</span> <span class='ocrx_word' id='word_1_296' title='bbox 1001 2685 1125 2757; x_wconf 90' lang='lat' dir='ltr'>episcopi</span> <span class='ocrx_word' id='word_1_297' title='bbox 1135 2681 1711 2754; x_wconf 76' lang='lat' dir='ltr'>suilicentianonpateatevagandi.lnms</span> 
     </span>
     <span class='ocr_line' id='line_1_28' title="bbox 169 2776 1700 2852; baseline 0.001 -21"><span class='ocrx_word' id='word_1_298' title='bbox 169 2778 256 2832; x_wconf 91' lang='lat' dir='ltr'>XXlX.</span> <span class='ocrx_word' id='word_1_299' title='bbox 281 2777 408 2833; x_wconf 82' lang='lat' dir='ltr'>Libertus</span> <span class='ocrx_word' id='word_1_300' title='bbox 436 2779 564 2850; x_wconf 80' lang='lat' dir='ltr'>legitime</span> <span class='ocrx_word' id='word_1_301' title='bbox 583 2797 600 2835; x_wconf 94' lang='lat' dir='ltr'>a</span> <span class='ocrx_word' id='word_1_302' title='bbox 622 2779 749 2836; x_wconf 85' lang='lat' dir='ltr'>dominis</span> <span class='ocrx_word' id='word_1_303' title='bbox 768 2781 826 2837; x_wconf 88' lang='lat' dir='ltr'>suis</span> <span class='ocrx_word' id='word_1_304' title='bbox 851 2782 950 2850; x_wconf 86' lang='lat' dir='ltr'>iactos,</span> <span class='ocrx_word' id='word_1_305' title='bbox 1001 2795 1115 2852; x_wconf 88' lang='lat' dir='ltr'>quoque</span> <span class='ocrx_word' id='word_1_306' title='bbox 1128 2777 1276 2851; x_wconf 82' lang='lat' dir='ltr'>praesentis</span> <span class='ocrx_word' id='word_1_307' title='bbox 1288 2777 1438 2832; x_wconf 76' lang='lat' dir='ltr'>sententie</span> <span class='ocrx_word' id='word_1_308' title='bbox 1450 2776 1544 2832; x_wconf 85' lang='lat' dir='ltr'>forma</span> <span class='ocrx_word' id='word_1_309' title='bbox 1557 2779 1700 2844; x_wconf 87' lang='lat' dir='ltr'>servetur;</span> 
     </span>
     <span class='ocr_line' id='line_1_29' title="bbox 136 2869 1711 2949; baseline 0 -23"><span class='ocrx_word' id='word_1_310' title='bbox 136 2869 263 2938; x_wconf 90' lang='lat' dir='ltr'>ecclesia,</span> <span class='ocrx_word' id='word_1_311' title='bbox 281 2870 304 2926; x_wconf 90' lang='lat' dir='ltr'>si</span> <span class='ocrx_word' id='word_1_312' title='bbox 318 2870 470 2927; x_wconf 89' lang='lat' dir='ltr'>necessitas</span> <span class='ocrx_word' id='word_1_313' title='bbox 482 2871 612 2944; x_wconf 84' lang='lat' dir='ltr'>exigerit,</span> <span class='ocrx_word' id='word_1_314' title='bbox 628 2877 754 2944; x_wconf 83' lang='lat' dir='ltr'>tueatur3</span> <span class='ocrx_word' id='word_1_315' title='bbox 768 2875 845 2947; x_wconf 86' lang='lat' dir='ltr'>quod</span> <span class='ocrx_word' id='word_1_316' title='bbox 856 2875 952 2949; x_wconf 88' lang='lat' dir='ltr'>siquis</span> <span class='ocrx_word' id='word_1_317' title='bbox 1000 2873 1153 2930; x_wconf 89' lang='lat' dir='ltr'>verborum</span> <span class='ocrx_word' id='word_1_318' title='bbox 1167 2871 1323 2943; x_wconf 91' lang='lat' dir='ltr'>increpatio</span> <span class='ocrx_word' id='word_1_319' title='bbox 1333 2887 1390 2926; x_wconf 93' lang='lat' dir='ltr'>non</span> <span class='ocrx_word' id='word_1_320' title='bbox 1403 2869 1605 2938; x_wconf 81' lang='lat' dir='ltr'>emendaverit,</span> <span class='ocrx_word' id='word_1_321' title='bbox 1622 2870 1711 2926; x_wconf 83' lang='lat' dir='ltr'>ctiam</span> 
     </span>
     <span class='ocr_line' id='line_1_30' title="bbox 135 2963 1711 3042; baseline 0.001 -24"><span class='ocrx_word' id='word_1_322' title='bbox 135 2966 201 3020; x_wconf 89' lang='lat' dir='ltr'>anta</span> <span class='ocrx_word' id='word_1_323' title='bbox 214 2963 400 3034; x_wconf 87' lang='lat' dir='ltr'>audientiam,</span> <span class='ocrx_word' id='word_1_324' title='bbox 414 2967 464 3020; x_wconf 88' lang='lat' dir='ltr'>ant</span> <span class='ocrx_word' id='word_1_325' title='bbox 476 2965 640 3036; x_wconf 79' lang='lat' dir='ltr'>pervadere,</span> <span class='ocrx_word' id='word_1_326' title='bbox 652 2971 702 3023; x_wconf 87' lang='lat' dir='ltr'>aut</span> <span class='ocrx_word' id='word_1_327' title='bbox 714 2969 872 3041; x_wconf 85' lang='lat' dir='ltr'>exspoliare</span> <span class='ocrx_word' id='word_1_328' title='bbox 881 2986 952 3042; x_wconf 75' lang='lat' dir='ltr'>pre·</span> <span class='ocrx_word' id='word_1_329' title='bbox 1001 2967 1080 3024; x_wconf 89' lang='lat' dir='ltr'>ribus</span> <span class='ocrx_word' id='word_1_330' title='bbox 1104 2966 1257 3023; x_wconf 90' lang='lat' dir='ltr'>statuimus</span> <span class='ocrx_word' id='word_1_331' title='bbox 1280 2964 1413 3021; x_wconf 89' lang='lat' dir='ltr'>coerceri.</span> <span class='ocrx_word' id='word_1_332' title='bbox 1446 2963 1625 3020; x_wconf 87' lang='lat' dir='ltr'>Servandum</span> <span class='ocrx_word' id='word_1_333' title='bbox 1648 2978 1711 3036; x_wconf 78' lang='lat' dir='ltr'>quo</span> 
     </span>
     <span class='ocr_line' id='line_1_31' title="bbox 135 3057 1711 3132; baseline -0.001 -19"><span class='ocrx_word' id='word_1_334' title='bbox 135 3057 300 3130; x_wconf 85' lang='lat' dir='ltr'>sumpserit,</span> <span class='ocrx_word' id='word_1_335' title='bbox 314 3059 350 3114; x_wconf 90' lang='lat' dir='ltr'>ab</span> <span class='ocrx_word' id='word_1_336' title='bbox 366 3057 661 3132; x_wconf 88' lang='lat' dir='ltr'>ecclesiarepelletur.</span> <span class='ocrx_word' id='word_1_337' title='bbox 1001 3060 1166 3130; x_wconf 89' lang='lat' dir='ltr'>monachis,</span> <span class='ocrx_word' id='word_1_338' title='bbox 1196 3076 1234 3115; x_wconf 94' lang='lat' dir='ltr'>ne</span> <span class='ocrx_word' id='word_1_339' title='bbox 1261 3059 1301 3114; x_wconf 89' lang='lat' dir='ltr'>eis</span> <span class='ocrx_word' id='word_1_340' title='bbox 1328 3059 1364 3114; x_wconf 93' lang='lat' dir='ltr'>ad</span> <span class='ocrx_word' id='word_1_341' title='bbox 1391 3058 1529 3115; x_wconf 86' lang='lat' dir='ltr'>solitarias</span> <span class='ocrx_word' id='word_1_342' title='bbox 1558 3057 1674 3113; x_wconf 85' lang='lat' dir='ltr'>cellulas</span> <span class='ocrx_word' id='word_1_343' title='bbox 1695 3057 1711 3112; x_wconf 87' lang='lat' dir='ltr'>b</span> 
     </span>
     <span class='ocr_line' id='line_1_32' title="bbox 169 3150 1711 3227; baseline -0.001 -19"><span class='ocrx_word' id='word_1_344' title='bbox 169 3151 245 3209; x_wconf 87' lang='lat' dir='ltr'>XXX.</span> <span class='ocrx_word' id='word_1_345' title='bbox 259 3152 294 3207; x_wconf 85' lang='lat' dir='ltr'>Et</span> <span class='ocrx_word' id='word_1_346' title='bbox 307 3152 374 3224; x_wconf 87' lang='lat' dir='ltr'>qnia</span> <span class='ocrx_word' id='word_1_347' title='bbox 388 3152 522 3209; x_wconf 93' lang='lat' dir='ltr'>convenit</span> <span class='ocrx_word' id='word_1_348' title='bbox 535 3151 665 3210; x_wconf 89' lang='lat' dir='ltr'>ordinem</span> <span class='ocrx_word' id='word_1_349' title='bbox 687 3153 812 3211; x_wconf 80' lang='lat' dir='ltr'>ecclesias</span> <span class='ocrx_word' id='word_1_350' title='bbox 834 3156 870 3212; x_wconf 92' lang='lat' dir='ltr'>ab</span> <span class='ocrx_word' id='word_1_351' title='bbox 889 3173 950 3213; x_wconf 90' lang='lat' dir='ltr'>om·</span> <span class='ocrx_word' id='word_1_352' title='bbox 1002 3154 1224 3227; x_wconf 87' lang='lat' dir='ltr'>congregatione</span> <span class='ocrx_word' id='word_1_353' title='bbox 1250 3153 1405 3220; x_wconf 91' lang='lat' dir='ltr'>discedere,</span> <span class='ocrx_word' id='word_1_354' title='bbox 1429 3151 1484 3207; x_wconf 91' lang='lat' dir='ltr'>nisi</span> <span class='ocrx_word' id='word_1_355' title='bbox 1509 3151 1582 3207; x_wconf 81' lang='lat' dir='ltr'>torte</span> <span class='ocrx_word' id='word_1_356' title='bbox 1607 3150 1711 3222; x_wconf 88' lang='lat' dir='ltr'>probat</span> 
     </span>
     <span class='ocr_line' id='line_1_33' title="bbox 136 3243 1699 3322; baseline 0.001 -24"><span class='ocrx_word' id='word_1_357' title='bbox 136 3243 220 3299; x_wconf 90' lang='lat' dir='ltr'>nibus</span> <span class='ocrx_word' id='word_1_358' title='bbox 234 3244 381 3317; x_wconf 79' lang='lat' dir='ltr'>equaliter</span> <span class='ocrx_word' id='word_1_359' title='bbox 392 3244 540 3315; x_wconf 89' lang='lat' dir='ltr'>custodiri,</span> <span class='ocrx_word' id='word_1_360' title='bbox 555 3245 727 3303; x_wconf 87' lang='lat' dir='ltr'>studendum</span> <span class='ocrx_word' id='word_1_361' title='bbox 743 3251 787 3304; x_wconf 89' lang='lat' dir='ltr'>est</span> <span class='ocrx_word' id='word_1_362' title='bbox 797 3253 831 3305; x_wconf 90' lang='lat' dir='ltr'>ut</span> <span class='ocrx_word' id='word_1_363' title='bbox 845 3250 951 3322; x_wconf 85' lang='lat' dir='ltr'>ubique</span> <span class='ocrx_word' id='word_1_364' title='bbox 1002 3249 1135 3307; x_wconf 90' lang='lat' dir='ltr'>emeritos</span> <span class='ocrx_word' id='word_1_365' title='bbox 1159 3247 1280 3316; x_wconf 87' lang='lat' dir='ltr'>labores,</span> <span class='ocrx_word' id='word_1_366' title='bbox 1305 3251 1355 3302; x_wconf 90' lang='lat' dir='ltr'>aut</span> <span class='ocrx_word' id='word_1_367' title='bbox 1379 3250 1496 3318; x_wconf 86' lang='lat' dir='ltr'>propter</span> <span class='ocrx_word' id='word_1_368' title='bbox 1521 3244 1699 3300; x_wconf 85' lang='lat' dir='ltr'>infirmitatis</span> 
     </span>
     <span class='ocr_line' id='line_1_34' title="bbox 136 3335 1711 3413; baseline -0.002 -21"><span class='ocrx_word' id='word_1_369' title='bbox 136 3335 219 3409; x_wconf 84' lang='lat' dir='ltr'>(sicut</span> <span class='ocrx_word' id='word_1_370' title='bbox 229 3338 271 3409; x_wconf 84' lang='lat' dir='ltr'>tit)</span> <span class='ocrx_word' id='word_1_371' title='bbox 282 3340 384 3412; x_wconf 88' lang='lat' dir='ltr'>etpost</span> <span class='ocrx_word' id='word_1_372' title='bbox 392 3338 564 3410; x_wconf 88' lang='lat' dir='ltr'>antiphonas</span> <span class='ocrx_word' id='word_1_373' title='bbox 573 3339 752 3398; x_wconf 87' lang='lat' dir='ltr'>collectiones</span> <span class='ocrx_word' id='word_1_374' title='bbox 761 3342 951 3413; x_wconf 88' lang='lat' dir='ltr'>perordinem</span> <span class='ocrx_word' id='word_1_375' title='bbox 1001 3344 1115 3400; x_wconf 79' lang='lat' dir='ltr'>citatam</span> <span class='ocrx_word' id='word_1_376' title='bbox 1140 3340 1267 3413; x_wconf 89' lang='lat' dir='ltr'>asperior</span> <span class='ocrx_word' id='word_1_377' title='bbox 1287 3339 1398 3396; x_wconf 90' lang='lat' dir='ltr'>abbatis</span> <span class='ocrx_word' id='word_1_378' title='bbox 1418 3339 1517 3411; x_wconf 89' lang='lat' dir='ltr'>regula</span> <span class='ocrx_word' id='word_1_379' title='bbox 1541 3338 1711 3395; x_wconf 83' lang='lat' dir='ltr'>remittatur</span> 
     </span>
     <span class='ocr_line' id='line_1_35' title="bbox 135 3429 1707 3507; baseline 0.001 -21"><span class='ocrx_word' id='word_1_380' title='bbox 135 3429 171 3487; x_wconf 91' lang='lat' dir='ltr'>ah</span> <span class='ocrx_word' id='word_1_381' title='bbox 183 3431 321 3504; x_wconf 88' lang='lat' dir='ltr'>episcopis</span> <span class='ocrx_word' id='word_1_382' title='bbox 334 3433 377 3488; x_wconf 85' lang='lat' dir='ltr'>vel</span> <span class='ocrx_word' id='word_1_383' title='bbox 392 3433 566 3505; x_wconf 86' lang='lat' dir='ltr'>presbyteris</span> <span class='ocrx_word' id='word_1_384' title='bbox 579 3432 645 3502; x_wconf 88' lang='lat' dir='ltr'>dici,</span> <span class='ocrx_word' id='word_1_385' title='bbox 657 3437 687 3491; x_wconf 92' lang='lat' dir='ltr'>et</span> <span class='ocrx_word' id='word_1_386' title='bbox 698 3435 820 3507; x_wconf 83' lang='lat' dir='ltr'>hymnos</span> <span class='ocrx_word' id='word_1_387' title='bbox 832 3437 950 3493; x_wconf 90' lang='lat' dir='ltr'>matuti-</span> <span class='ocrx_word' id='word_1_388' title='bbox 1002 3437 1042 3493; x_wconf 90' lang='lat' dir='ltr'>ita</span> <span class='ocrx_word' id='word_1_389' title='bbox 1063 3436 1181 3492; x_wconf 91' lang='lat' dir='ltr'>demum</span> <span class='ocrx_word' id='word_1_390' title='bbox 1195 3435 1245 3490; x_wconf 87' lang='lat' dir='ltr'>fiet</span> <span class='ocrx_word' id='word_1_391' title='bbox 1264 3437 1297 3489; x_wconf 91' lang='lat' dir='ltr'>ut</span> <span class='ocrx_word' id='word_1_392' title='bbox 1318 3433 1394 3491; x_wconf 89' lang='lat' dir='ltr'>intra</span> <span class='ocrx_word' id='word_1_393' title='bbox 1415 3432 1514 3489; x_wconf 89' lang='lat' dir='ltr'>eadem</span> <span class='ocrx_word' id='word_1_394' title='bbox 1539 3431 1707 3489; x_wconf 89' lang='lat' dir='ltr'>monasterii</span> 
     </span>
     <span class='ocr_line' id='line_1_36' title="bbox 136 3525 1711 3599; baseline 0.001 -19"><span class='ocrx_word' id='word_1_395' title='bbox 136 3540 189 3580; x_wconf 88' lang='lat' dir='ltr'>nos</span> <span class='ocrx_word' id='word_1_396' title='bbox 201 3525 244 3581; x_wconf 87' lang='lat' dir='ltr'>vel</span> <span class='ocrx_word' id='word_1_397' title='bbox 255 3525 433 3599; x_wconf 80' lang='lat' dir='ltr'>vespertinos</span> <span class='ocrx_word' id='word_1_398' title='bbox 448 3525 597 3583; x_wconf 88' lang='lat' dir='ltr'>decantari</span> <span class='ocrx_word' id='word_1_399' title='bbox 611 3526 711 3584; x_wconf 91' lang='lat' dir='ltr'>diebus</span> <span class='ocrx_word' id='word_1_400' title='bbox 722 3529 864 3599; x_wconf 85' lang='lat' dir='ltr'>omnibus,</span> <span class='ocrx_word' id='word_1_401' title='bbox 880 3531 952 3588; x_wconf 91' lang='lat' dir='ltr'>etin</span> <span class='ocrx_word' id='word_1_402' title='bbox 1002 3535 1150 3587; x_wconf 90' lang='lat' dir='ltr'>manentes</span> <span class='ocrx_word' id='word_1_403' title='bbox 1172 3533 1270 3584; x_wconf 89' lang='lat' dir='ltr'>tamen</span> <span class='ocrx_word' id='word_1_404' title='bbox 1296 3528 1348 3583; x_wconf 93' lang='lat' dir='ltr'>sub</span> <span class='ocrx_word' id='word_1_405' title='bbox 1370 3526 1481 3582; x_wconf 88' lang='lat' dir='ltr'>abbatis</span> <span class='ocrx_word' id='word_1_406' title='bbox 1502 3529 1650 3599; x_wconf 85' lang='lat' dir='ltr'>potestate,</span> <span class='ocrx_word' id='word_1_407' title='bbox 1676 3542 1711 3598; x_wconf 81' lang='lat' dir='ltr'>se]</span> 
     </span>
     <span class='ocr_line' id='line_1_37' title="bbox 136 3619 1711 3694; baseline 0 -20"><span class='ocrx_word' id='word_1_408' title='bbox 136 3619 314 3677; x_wconf 89' lang='lat' dir='ltr'>conclusione</span> <span class='ocrx_word' id='word_1_409' title='bbox 327 3620 531 3677; x_wconf 86' lang='lat' dir='ltr'>matutinarum</span> <span class='ocrx_word' id='word_1_410' title='bbox 545 3620 590 3677; x_wconf 91' lang='lat' dir='ltr'>vel</span> <span class='ocrx_word' id='word_1_411' title='bbox 605 3623 833 3694; x_wconf 87' lang='lat' dir='ltr'>vespertinarum</span> <span class='ocrx_word' id='word_1_412' title='bbox 850 3625 950 3682; x_wconf 87' lang='lat' dir='ltr'>missa·</span> <span class='ocrx_word' id='word_1_413' title='bbox 1002 3624 1108 3681; x_wconf 89' lang='lat' dir='ltr'>habere</span> <span class='ocrx_word' id='word_1_414' title='bbox 1135 3622 1250 3678; x_wconf 85' lang='lat' dir='ltr'>cellulas</span> <span class='ocrx_word' id='word_1_415' title='bbox 1275 3621 1500 3693; x_wconf 84' lang='lat' dir='ltr'>permittantur;</span> <span class='ocrx_word' id='word_1_416' title='bbox 1529 3619 1680 3675; x_wconf 87' lang='lat' dir='ltr'>abbatibus</span> <span class='ocrx_word' id='word_1_417' title='bbox 1708 3643 1711 3668; x_wconf 74' lang='grc' dir='ltr'>ι</span> 
     </span>
     <span class='ocr_line' id='line_1_38' title="bbox 136 3713 1711 3792; baseline 0.001 -24"><span class='ocrx_word' id='word_1_418' title='bbox 136 3728 202 3769; x_wconf 90' lang='lat' dir='ltr'>rum</span> <span class='ocrx_word' id='word_1_419' title='bbox 216 3716 280 3786; x_wconf 91' lang='lat' dir='ltr'>post</span> <span class='ocrx_word' id='word_1_420' title='bbox 293 3713 415 3787; x_wconf 82' lang='lat' dir='ltr'>hymnos</span> <span class='ocrx_word' id='word_1_421' title='bbox 428 3714 559 3786; x_wconf 88' lang='lat' dir='ltr'>capitella</span> <span class='ocrx_word' id='word_1_422' title='bbox 571 3715 608 3772; x_wconf 91' lang='lat' dir='ltr'>de</span> <span class='ocrx_word' id='word_1_423' title='bbox 619 3715 737 3789; x_wconf 86' lang='lat' dir='ltr'>psalmis</span> <span class='ocrx_word' id='word_1_424' title='bbox 759 3717 824 3788; x_wconf 90' lang='lat' dir='ltr'>dici,</span> <span class='ocrx_word' id='word_1_425' title='bbox 842 3722 872 3774; x_wconf 89' lang='lat' dir='ltr'>et</span> <span class='ocrx_word' id='word_1_426' title='bbox 893 3719 953 3792; x_wconf 89' lang='lat' dir='ltr'>ple·</span> <span class='ocrx_word' id='word_1_427' title='bbox 1002 3718 1120 3790; x_wconf 88' lang='lat' dir='ltr'>singulis</span> <span class='ocrx_word' id='word_1_428' title='bbox 1133 3716 1259 3772; x_wconf 71' lang='lat' dir='ltr'>diversm</span> <span class='ocrx_word' id='word_1_429' title='bbox 1271 3715 1397 3783; x_wconf 75' lang='lat' dir='ltr'>collidas,</span> <span class='ocrx_word' id='word_1_430' title='bbox 1411 3719 1460 3770; x_wconf 88' lang='lat' dir='ltr'>aut</span> <span class='ocrx_word' id='word_1_431' title='bbox 1479 3713 1562 3785; x_wconf 89' lang='lat' dir='ltr'>plura</span> <span class='ocrx_word' id='word_1_432' title='bbox 1583 3716 1711 3769; x_wconf 76' lang='lat' dir='ltr'>monaste</span> 
     </span>
     <span class='ocr_line' id='line_1_39' title="bbox 135 3806 1711 3886; baseline 0 -24"><span class='ocrx_word' id='word_1_433' title='bbox 135 3806 201 3863; x_wconf 89' lang='lat' dir='ltr'>bem</span> <span class='ocrx_word' id='word_1_434' title='bbox 215 3807 332 3864; x_wconf 91' lang='lat' dir='ltr'>collecta</span> <span class='ocrx_word' id='word_1_435' title='bbox 345 3808 473 3865; x_wconf 88' lang='lat' dir='ltr'>oratione</span> <span class='ocrx_word' id='word_1_436' title='bbox 487 3808 524 3865; x_wconf 89' lang='lat' dir='ltr'>ad</span> <span class='ocrx_word' id='word_1_437' title='bbox 531 3825 680 3883; x_wconf 89' lang='lat' dir='ltr'>vesperam</span> <span class='ocrx_word' id='word_1_438' title='bbox 694 3810 729 3866; x_wconf 85' lang='lat' dir='ltr'>ab</span> <span class='ocrx_word' id='word_1_439' title='bbox 744 3811 953 3886; x_wconf 88' lang='lat' dir='ltr'>episcopocum</span> <span class='ocrx_word' id='word_1_440' title='bbox 1002 3813 1070 3868; x_wconf 91' lang='lat' dir='ltr'>bere</span> <span class='ocrx_word' id='word_1_441' title='bbox 1083 3828 1142 3866; x_wconf 90' lang='lat' dir='ltr'>non</span> <span class='ocrx_word' id='word_1_442' title='bbox 1153 3810 1249 3878; x_wconf 84' lang='lat' dir='ltr'>liceat,</span> <span class='ocrx_word' id='word_1_443' title='bbox 1262 3808 1318 3865; x_wconf 91' lang='lat' dir='ltr'>nisi</span> <span class='ocrx_word' id='word_1_444' title='bbox 1331 3811 1444 3864; x_wconf 87' lang='lat' dir='ltr'>tantum</span> <span class='ocrx_word' id='word_1_445' title='bbox 1462 3812 1581 3879; x_wconf 91' lang='lat' dir='ltr'>propter</span> <span class='ocrx_word' id='word_1_446' title='bbox 1594 3806 1711 3863; x_wconf 89' lang='lat' dir='ltr'>incursu</span> 
     </span>
     <span class='ocr_line' id='line_1_40' title="bbox 134 3900 1668 3972; baseline 0.001 -16"><span class='ocrx_word' id='word_1_447' title='bbox 134 3900 334 3959; x_wconf 86' lang='lat' dir='ltr'>benedictione</span> <span class='ocrx_word' id='word_1_448' title='bbox 347 3901 461 3959; x_wconf 88' lang='lat' dir='ltr'>dimitti.</span> <span class='ocrx_word' id='word_1_449' title='bbox 1003 3903 1112 3961; x_wconf 88' lang='lat' dir='ltr'>tilitatis</span> <span class='ocrx_word' id='word_1_450' title='bbox 1124 3905 1200 3959; x_wconf 92' lang='lat' dir='ltr'>iutra</span> <span class='ocrx_word' id='word_1_451' title='bbox 1211 3919 1309 3958; x_wconf 85' lang='lat' dir='ltr'>muros</span> <span class='ocrx_word' id='word_1_452' title='bbox 1323 3901 1503 3972; x_wconf 86' lang='lat' dir='ltr'>receptaculo</span> <span class='ocrx_word' id='word_1_453' title='bbox 1516 3900 1668 3957; x_wconf 86' lang='lat' dir='ltr'>collocare.</span> 
     </span>
     <span class='ocr_line' id='line_1_41' title="bbox 171 3993 1711 4072; baseline 0 -22"><span class='ocrx_word' id='word_1_454' title='bbox 171 3995 258 4053; x_wconf 84' lang='lat' dir='ltr'><strong>XXXI.</strong></span> <span class='ocrx_word' id='word_1_455' title='bbox 273 3995 383 4052; x_wconf 88' lang='lat' dir='ltr'>Placuit</span> <span class='ocrx_word' id='word_1_456' title='bbox 402 3995 489 4052; x_wconf 89' lang='lat' dir='ltr'>etiarn</span> <span class='ocrx_word' id='word_1_457' title='bbox 503 3999 536 4051; x_wconf 90' lang='lat' dir='ltr'>ut</span> <span class='ocrx_word' id='word_1_458' title='bbox 552 3996 633 4068; x_wconf 75' lang='lat' dir='ltr'>(sicut</span> <span class='ocrx_word' id='word_1_459' title='bbox 652 3999 822 4071; x_wconf 90' lang='lat' dir='ltr'>plerumque</span> <span class='ocrx_word' id='word_1_460' title='bbox 835 3998 878 4072; x_wconf 85' lang='lat' dir='ltr'>itt)</span> <span class='ocrx_word' id='word_1_461' title='bbox 893 3998 955 4070; x_wconf 85' lang='lat' dir='ltr'>qui·</span> <span class='ocrx_word' id='word_1_462' title='bbox 984 4003 990 4014; x_wconf 90' lang='lat'>&#39;</span> <span class='ocrx_word' id='word_1_463' title='bbox 1038 3998 1146 4054; x_wconf 86' lang='lat' dir='ltr'>XXXlX.</span> <span class='ocrx_word' id='word_1_464' title='bbox 1174 3995 1349 4068; x_wconf 84' lang='lat' dir='ltr'>Presbyteri,</span> <span class='ocrx_word' id='word_1_465' title='bbox 1374 3994 1522 4062; x_wconf 88' lang='lat' dir='ltr'>diacones,</span> <span class='ocrx_word' id='word_1_466' title='bbox 1551 3993 1711 4051; x_wconf 84' lang='lat' dir='ltr'>subdiacon</span> 
     </span>
     <span class='ocr_line' id='line_1_42' title="bbox 136 4086 1711 4162; baseline -0.004 -18"><span class='ocrx_word' id='word_1_467' title='bbox 136 4104 249 4161; x_wconf 89' lang='lat' dir='ltr'>cunque</span> <span class='ocrx_word' id='word_1_468' title='bbox 271 4088 347 4158; x_wconf 92' lang='lat' dir='ltr'>odio,</span> <span class='ocrx_word' id='word_1_469' title='bbox 370 4093 420 4145; x_wconf 90' lang='lat' dir='ltr'>aut</span> <span class='ocrx_word' id='word_1_470' title='bbox 440 4089 597 4161; x_wconf 89' lang='lat' dir='ltr'>longinqua</span> <span class='ocrx_word' id='word_1_471' title='bbox 617 4090 692 4145; x_wconf 90' lang='lat' dir='ltr'>inter</span> <span class='ocrx_word' id='word_1_472' title='bbox 705 4107 735 4146; x_wconf 87' lang='lat' dir='ltr'>se</span> <span class='ocrx_word' id='word_1_473' title='bbox 750 4090 799 4147; x_wconf 90' lang='lat' dir='ltr'>lite</span> <span class='ocrx_word' id='word_1_474' title='bbox 812 4090 953 4149; x_wconf 86' lang='lat' dir='ltr'>dissense-</span> <span class='ocrx_word' id='word_1_475' title='bbox 1005 4090 1139 4162; x_wconf 88' lang='lat' dir='ltr'>deinceps</span> <span class='ocrx_word' id='word_1_476' title='bbox 1160 4089 1264 4162; x_wconf 89' lang='lat' dir='ltr'>quibus</span> <span class='ocrx_word' id='word_1_477' title='bbox 1282 4088 1404 4144; x_wconf 88' lang='lat' dir='ltr'>ducendi</span> <span class='ocrx_word' id='word_1_478' title='bbox 1426 4102 1528 4142; x_wconf 84' lang='lat' dir='ltr'>uxores</span> <span class='ocrx_word' id='word_1_479' title='bbox 1552 4086 1667 4142; x_wconf 88' lang='lat' dir='ltr'>licentia</span> <span class='ocrx_word' id='word_1_480' title='bbox 1685 4103 1711 4142; x_wconf 74' lang='lat' dir='ltr'>n·</span> 
     </span>
     <span class='ocr_line' id='line_1_43' title="bbox 137 4179 1703 4257; baseline 0 -21"><span class='ocrx_word' id='word_1_481' title='bbox 137 4179 205 4248; x_wconf 89' lang='lat' dir='ltr'>rint,</span> <span class='ocrx_word' id='word_1_482' title='bbox 221 4184 249 4236; x_wconf 91' lang='lat' dir='ltr'>et</span> <span class='ocrx_word' id='word_1_483' title='bbox 264 4180 301 4236; x_wconf 87' lang='lat' dir='ltr'>cd</span> <span class='ocrx_word' id='word_1_484' title='bbox 314 4196 412 4252; x_wconf 91' lang='lat' dir='ltr'>pacem</span> <span class='ocrx_word' id='word_1_485' title='bbox 426 4181 552 4239; x_wconf 88' lang='lat' dir='ltr'>revocari</span> <span class='ocrx_word' id='word_1_486' title='bbox 564 4181 674 4239; x_wconf 90' lang='lat' dir='ltr'>diutina</span> <span class='ocrx_word' id='word_1_487' title='bbox 686 4181 844 4240; x_wconf 61' lang='lat' dir='ltr'>mentione</span> <span class='ocrx_word' id='word_1_488' title='bbox 855 4185 955 4257; x_wconf 87' lang='lat' dir='ltr'>nequi·</span> <span class='ocrx_word' id='word_1_489' title='bbox 1003 4184 1089 4242; x_wconf 88' lang='lat' dir='ltr'>etiam</span> <span class='ocrx_word' id='word_1_490' title='bbox 1101 4183 1259 4240; x_wconf 87' lang='lat' dir='ltr'>alienarum</span> <span class='ocrx_word' id='word_1_491' title='bbox 1272 4182 1438 4255; x_wconf 89' lang='lat' dir='ltr'>nuptiarum</span> <span class='ocrx_word' id='word_1_492' title='bbox 1450 4181 1558 4236; x_wconf 89' lang='lat' dir='ltr'>evitent</span> <span class='ocrx_word' id='word_1_493' title='bbox 1565 4180 1703 4248; x_wconf 86' lang='lat' dir='ltr'>convivia,</span> 
     </span>
     <span class='ocr_line' id='line_1_44' title="bbox 75 4272 1701 4350; baseline 0.002 -24"><span class='ocrx_word' id='word_1_494' title='bbox 75 4340 79 4347; x_wconf 25' lang='grc' dir='ltr'>ι</span> <span class='ocrx_word' id='word_1_495' title='bbox 137 4272 219 4341; x_wconf 80' lang='lat' dir='ltr'>verit,</span> <span class='ocrx_word' id='word_1_496' title='bbox 235 4290 253 4329; x_wconf 92' lang='lat' dir='ltr'>a</span> <span class='ocrx_word' id='word_1_497' title='bbox 266 4273 386 4330; x_wconf 89' lang='lat' dir='ltr'>civitatis</span> <span class='ocrx_word' id='word_1_498' title='bbox 406 4275 540 4347; x_wconf 89' lang='lat' dir='ltr'>primitus</span> <span class='ocrx_word' id='word_1_499' title='bbox 559 4275 751 4332; x_wconf 87' lang='lat' dir='ltr'>sacerdotibus</span> <span class='ocrx_word' id='word_1_500' title='bbox 775 4283 953 4350; x_wconf 77' lang='lat' dir='ltr'>arguantur-3</span> <span class='ocrx_word' id='word_1_501' title='bbox 1004 4278 1121 4336; x_wconf 86' lang='lat' dir='ltr'>caetibus</span> <span class='ocrx_word' id='word_1_502' title='bbox 1137 4276 1312 4332; x_wconf 85' lang='lat' dir='ltr'>misceantur</span> <span class='ocrx_word' id='word_1_503' title='bbox 1324 4275 1373 4330; x_wconf 93' lang='lat' dir='ltr'>ubi</span> <span class='ocrx_word' id='word_1_504' title='bbox 1385 4274 1525 4330; x_wconf 86' lang='lat' dir='ltr'>amatoria</span> <span class='ocrx_word' id='word_1_505' title='bbox 1540 4279 1701 4342; x_wconf 88' lang='lat' dir='ltr'>cantantur,</span> 
     </span>
     <span class='ocr_line' id='line_1_45' title="bbox 136 4366 1711 4446; baseline 0.001 -25"><span class='ocrx_word' id='word_1_506' title='bbox 136 4366 186 4440; x_wconf 89' lang='lat' dir='ltr'>qui</span> <span class='ocrx_word' id='word_1_507' title='bbox 211 4366 235 4422; x_wconf 92' lang='lat' dir='ltr'>si</span> <span class='ocrx_word' id='word_1_508' title='bbox 257 4366 421 4425; x_wconf 90' lang='lat' dir='ltr'>inimicitias</span> <span class='ocrx_word' id='word_1_509' title='bbox 443 4368 586 4442; x_wconf 91' lang='lat' dir='ltr'>deponere</span> <span class='ocrx_word' id='word_1_510' title='bbox 608 4368 768 4441; x_wconf 88' lang='lat' dir='ltr'>perniciosa</span> <span class='ocrx_word' id='word_1_511' title='bbox 794 4370 954 4430; x_wconf 66' lang='lat' dir='ltr'>inmnhone</span> <span class='ocrx_word' id='word_1_512' title='bbox 1004 4373 1060 4446; x_wconf 85' lang='lat' dir='ltr'>pia,</span> <span class='ocrx_word' id='word_1_513' title='bbox 1072 4374 1123 4427; x_wconf 91' lang='lat' dir='ltr'>aut</span> <span class='ocrx_word' id='word_1_514' title='bbox 1135 4370 1248 4427; x_wconf 90' lang='lat' dir='ltr'>obsceni</span> <span class='ocrx_word' id='word_1_515' title='bbox 1261 4372 1357 4433; x_wconf 84' lang='lat' dir='ltr'>motus</span> <span class='ocrx_word' id='word_1_516' title='bbox 1370 4383 1535 4441; x_wconf 88' lang='lat' dir='ltr'>corporum,</span> <span class='ocrx_word' id='word_1_517' title='bbox 1546 4367 1643 4423; x_wconf 88' lang='lat' dir='ltr'>choris</span> <span class='ocrx_word' id='word_1_518' title='bbox 1658 4370 1711 4424; x_wconf 88' lang='lat' dir='ltr'>ets</span> 
     </span>
     <span class='ocr_line' id='line_1_46' title="bbox 134 4460 1711 4541; baseline -0.004 -18"><span class='ocrx_word' id='word_1_519' title='bbox 134 4461 291 4531; x_wconf 78' lang='lat' dir='ltr'>noluerint,</span> <span class='ocrx_word' id='word_1_520' title='bbox 306 4462 342 4520; x_wconf 90' lang='lat' dir='ltr'>de</span> <span class='ocrx_word' id='word_1_521' title='bbox 356 4463 481 4520; x_wconf 83' lang='lat' dir='ltr'>ecclcsiae</span> <span class='ocrx_word' id='word_1_522' title='bbox 502 4469 577 4521; x_wconf 86' lang='lat' dir='ltr'>coetu</span> <span class='ocrx_word' id='word_1_523' title='bbox 587 4463 746 4537; x_wconf 84' lang='lat' dir='ltr'>justissima</span> <span class='ocrx_word' id='word_1_524' title='bbox 759 4467 992 4541; x_wconf 70' lang='lat' dir='ltr'>excommun-D</span> <span class='ocrx_word' id='word_1_525' title='bbox 1004 4465 1088 4522; x_wconf 88' lang='lat' dir='ltr'>nibus</span> <span class='ocrx_word' id='word_1_526' title='bbox 1102 4464 1272 4534; x_wconf 84' lang='lat' dir='ltr'>efferuntur,</span> <span class='ocrx_word' id='word_1_527' title='bbox 1286 4480 1324 4520; x_wconf 90' lang='lat' dir='ltr'>ne</span> <span class='ocrx_word' id='word_1_528' title='bbox 1334 4463 1457 4530; x_wconf 89' lang='lat' dir='ltr'>auditus,</span> <span class='ocrx_word' id='word_1_529' title='bbox 1471 4464 1501 4516; x_wconf 93' lang='lat' dir='ltr'>et</span> <span class='ocrx_word' id='word_1_530' title='bbox 1512 4460 1630 4515; x_wconf 89' lang='lat' dir='ltr'>obtutus</span> <span class='ocrx_word' id='word_1_531' title='bbox 1642 4460 1711 4517; x_wconf 87' lang='lat' dir='ltr'>sacri</span> 
     </span>
     <span class='ocr_line' id='line_1_47' title="bbox 137 4553 1711 4631; baseline -0.001 -20"><span class='ocrx_word' id='word_1_532' title='bbox 137 4555 248 4613; x_wconf 85' lang='lat' dir='ltr'>catione</span> <span class='ocrx_word' id='word_1_533' title='bbox 261 4556 416 4630; x_wconf 89' lang='lat' dir='ltr'>pellantur.</span> <span class='ocrx_word' id='word_1_534' title='bbox 1003 4560 1083 4617; x_wconf 86' lang='lat' dir='ltr'>teriia</span> <span class='ocrx_word' id='word_1_535' title='bbox 1093 4560 1246 4631; x_wconf 89' lang='lat' dir='ltr'>deputatus</span> <span class='ocrx_word' id='word_1_536' title='bbox 1269 4557 1398 4629; x_wconf 89' lang='lat' dir='ltr'>turpium</span> <span class='ocrx_word' id='word_1_537' title='bbox 1419 4553 1650 4627; x_wconf 89' lang='lat' dir='ltr'>spectaculorum</span> <span class='ocrx_word' id='word_1_538' title='bbox 1662 4558 1711 4627; x_wconf 84' lang='lat' dir='ltr'>atq</span> 
     </span>
     <span class='ocr_line' id='line_1_48' title="bbox 171 4651 1479 4727; baseline -0.002 -21"><span class='ocrx_word' id='word_1_539' title='bbox 171 4651 267 4708; x_wconf 91' lang='lat' dir='ltr'>XXXll.</span> <span class='ocrx_word' id='word_1_540' title='bbox 283 4651 405 4709; x_wconf 84' lang='lat' dir='ltr'>Clericus</span> <span class='ocrx_word' id='word_1_541' title='bbox 427 4667 479 4708; x_wconf 86' lang='lat' dir='ltr'>nec</span> <span class='ocrx_word' id='word_1_542' title='bbox 501 4668 675 4727; x_wconf 68' lang='lat' dir='ltr'>curamquanr</span> <span class='ocrx_word' id='word_1_543' title='bbox 698 4655 855 4726; x_wconf 82' lang='lat' dir='ltr'>presumat</span> <span class='ocrx_word' id='word_1_544' title='bbox 877 4655 955 4727; x_wconf 87' lang='lat' dir='ltr'>apud</span> <span class='ocrx_word' id='word_1_545' title='bbox 1003 4654 1107 4710; x_wconf 91' lang='lat' dir='ltr'>borum</span> <span class='ocrx_word' id='word_1_546' title='bbox 1121 4651 1289 4723; x_wconf 90' lang='lat' dir='ltr'>contagione</span> <span class='ocrx_word' id='word_1_547' title='bbox 1303 4652 1479 4723; x_wconf 89' lang='lat' dir='ltr'>polluantur.</span> 
     </span>
     <span class='ocr_line' id='line_1_49' title="bbox 132 4741 1711 4821; baseline -0.001 -20"><span class='ocrx_word' id='word_1_548' title='bbox 132 4743 304 4801; x_wconf 79' lang='lat' dir='ltr'>secularem</span> <span class='ocrx_word' id='word_1_549' title='bbox 315 4744 454 4817; x_wconf 88' lang='lat' dir='ltr'>jndicem,</span> <span class='ocrx_word' id='word_1_550' title='bbox 471 4745 602 4819; x_wconf 89' lang='lat' dir='ltr'>episcopo</span> <span class='ocrx_word' id='word_1_551' title='bbox 616 4763 673 4803; x_wconf 93' lang='lat' dir='ltr'>non</span> <span class='ocrx_word' id='word_1_552' title='bbox 683 4747 880 4820; x_wconf 83' lang='lat' dir='ltr'>permittente,</span> <span class='ocrx_word' id='word_1_553' title='bbox 888 4750 954 4821; x_wconf 91' lang='lat' dir='ltr'>pul·</span> <span class='ocrx_word' id='word_1_554' title='bbox 1039 4748 1091 4804; x_wconf 90' lang='lat' dir='ltr'>XL.</span> <span class='ocrx_word' id='word_1_555' title='bbox 1105 4748 1209 4804; x_wconf 88' lang='lat' dir='ltr'>Omnes</span> <span class='ocrx_word' id='word_1_556' title='bbox 1229 4745 1362 4817; x_wconf 87' lang='lat' dir='ltr'>deinceps</span> <span class='ocrx_word' id='word_1_557' title='bbox 1383 4742 1477 4799; x_wconf 91' lang='lat' dir='ltr'>clerici</span> <span class='ocrx_word' id='word_1_558' title='bbox 1498 4743 1556 4798; x_wconf 89' lang='lat' dir='ltr'>sive</span> <span class='ocrx_word' id='word_1_559' title='bbox 1572 4741 1639 4797; x_wconf 89' lang='lat' dir='ltr'>laici</span> <span class='ocrx_word' id='word_1_560' title='bbox 1659 4741 1711 4799; x_wconf 82' lang='lat' dir='ltr'>tud</span> 
     </span>
     <span class='ocr_line' id='line_1_50' title="bbox 138 4835 1711 4914; baseline -0.002 -21"><span class='ocrx_word' id='word_1_561' title='bbox 138 4853 210 4909; x_wconf 88' lang='lat' dir='ltr'>sare,</span> <span class='ocrx_word' id='word_1_562' title='bbox 224 4837 273 4895; x_wconf 88' lang='lat' dir='ltr'>sed</span> <span class='ocrx_word' id='word_1_563' title='bbox 293 4837 316 4894; x_wconf 93' lang='lat' dir='ltr'>si</span> <span class='ocrx_word' id='word_1_564' title='bbox 342 4840 469 4912; x_wconf 87' lang='lat' dir='ltr'>pulsatus</span> <span class='ocrx_word' id='word_1_565' title='bbox 492 4839 588 4909; x_wconf 85' lang='lat' dir='ltr'>tuerit,</span> <span class='ocrx_word' id='word_1_566' title='bbox 618 4856 677 4897; x_wconf 91' lang='lat' dir='ltr'>non</span> <span class='ocrx_word' id='word_1_567' title='bbox 696 4840 880 4914; x_wconf 89' lang='lat' dir='ltr'>respondeat,</span> <span class='ocrx_word' id='word_1_568' title='bbox 901 4859 954 4900; x_wconf 87' lang='lat' dir='ltr'>nec</span> <span class='ocrx_word' id='word_1_569' title='bbox 1004 4841 1128 4899; x_wconf 85' lang='lat' dir='ltr'>convivia</span> <span class='ocrx_word' id='word_1_570' title='bbox 1155 4841 1272 4908; x_wconf 84' lang='lat' dir='ltr'>evitent,</span> <span class='ocrx_word' id='word_1_571' title='bbox 1300 4854 1353 4895; x_wconf 90' lang='lat' dir='ltr'>nec</span> <span class='ocrx_word' id='word_1_572' title='bbox 1383 4854 1432 4893; x_wconf 91' lang='lat' dir='ltr'>eos</span> <span class='ocrx_word' id='word_1_573' title='bbox 1457 4836 1494 4892; x_wconf 88' lang='lat' dir='ltr'>ad</span> <span class='ocrx_word' id='word_1_574' title='bbox 1518 4835 1711 4891; x_wconf 72' lang='lat' dir='ltr'>convivium«</span> 
     </span>
     <span class='ocr_line' id='line_1_51' title="bbox 138 4927 1711 5009; baseline -0.003 -22"><span class='ocrx_word' id='word_1_575' title='bbox 138 4935 289 5003; x_wconf 91' lang='lat' dir='ltr'>proponat,</span> <span class='ocrx_word' id='word_1_576' title='bbox 305 4947 357 4988; x_wconf 88' lang='lat' dir='ltr'>nec</span> <span class='ocrx_word' id='word_1_577' title='bbox 370 4933 474 4988; x_wconf 89' lang='lat' dir='ltr'>audeat</span> <span class='ocrx_word' id='word_1_578' title='bbox 486 4933 634 4990; x_wconf 89' lang='lat' dir='ltr'>criminale</span> <span class='ocrx_word' id='word_1_579' title='bbox 648 4935 795 5007; x_wconf 90' lang='lat' dir='ltr'>negotium</span> <span class='ocrx_word' id='word_1_580' title='bbox 805 4934 954 5009; x_wconf 85' lang='lat' dir='ltr'>injudicio</span> <span class='ocrx_word' id='word_1_581' title='bbox 1004 4935 1136 5008; x_wconf 86' lang='lat' dir='ltr'>excipiat,</span> <span class='ocrx_word' id='word_1_582' title='bbox 1152 4933 1218 5007; x_wconf 88' lang='lat' dir='ltr'>quia</span> <span class='ocrx_word' id='word_1_583' title='bbox 1239 4949 1305 4989; x_wconf 90' lang='lat' dir='ltr'>cum</span> <span class='ocrx_word' id='word_1_584' title='bbox 1327 4931 1402 5004; x_wconf 90' lang='lat' dir='ltr'>apud</span> <span class='ocrx_word' id='word_1_585' title='bbox 1423 4929 1596 4986; x_wconf 86' lang='lat' dir='ltr'>Christianos</span> <span class='ocrx_word' id='word_1_586' title='bbox 1608 4927 1679 4984; x_wconf 85' lang='lat' dir='ltr'>cibis</span> <span class='ocrx_word' id='word_1_587' title='bbox 1696 4944 1711 4983; x_wconf 89' lang='lat' dir='ltr'>c</span> 
     </span>
     <span class='ocr_line' id='line_1_52' title="bbox 138 5022 1711 5102; baseline -0.002 -22"><span class='ocrx_word' id='word_1_588' title='bbox 138 5025 268 5082; x_wconf 80' lang='lat' dir='ltr'>seculari</span> <span class='ocrx_word' id='word_1_589' title='bbox 282 5041 453 5099; x_wconf 90' lang='lat' dir='ltr'>proponere.</span> <span class='ocrx_word' id='word_1_590' title='bbox 464 5027 494 5083; x_wconf 92' lang='lat' dir='ltr'>Si</span> <span class='ocrx_word' id='word_1_591' title='bbox 505 5027 570 5100; x_wconf 83' lang='lat' dir='ltr'>quis</span> <span class='ocrx_word' id='word_1_592' title='bbox 584 5044 651 5085; x_wconf 84' lang='lat' dir='ltr'>raro</span> <span class='ocrx_word' id='word_1_593' title='bbox 660 5029 840 5086; x_wconf 77' lang='lat' dir='ltr'>secularium</span> <span class='ocrx_word' id='word_1_594' title='bbox 851 5046 956 5102; x_wconf 88' lang='lat' dir='ltr'>perca·</span> <span class='ocrx_word' id='word_1_595' title='bbox 1004 5029 1288 5093; x_wconf 91' lang='lat' dir='ltr'>nibusnonutuntur,</span> <span class='ocrx_word' id='word_1_596' title='bbox 1296 5025 1448 5095; x_wconf 90' lang='lat' dir='ltr'>indignum</span> <span class='ocrx_word' id='word_1_597' title='bbox 1456 5027 1591 5094; x_wconf 81' lang='lat' dir='ltr'>astatque</span> <span class='ocrx_word' id='word_1_598' title='bbox 1599 5022 1711 5094; x_wconf 69' lang='lat' dir='ltr'>sacriles</span> 
     </span>
     <span class='ocr_line' id='line_1_53' title="bbox 138 5114 1711 5196; baseline -0.002 -23"><span class='ocrx_word' id='word_1_599' title='bbox 138 5118 279 5175; x_wconf 89' lang='lat' dir='ltr'>lumniam</span> <span class='ocrx_word' id='word_1_600' title='bbox 301 5119 459 5189; x_wconf 89' lang='lat' dir='ltr'>ecclesiam,</span> <span class='ocrx_word' id='word_1_601' title='bbox 470 5125 520 5177; x_wconf 90' lang='lat' dir='ltr'>aut</span> <span class='ocrx_word' id='word_1_602' title='bbox 532 5122 640 5178; x_wconf 90' lang='lat' dir='ltr'>clerum</span> <span class='ocrx_word' id='word_1_603' title='bbox 659 5122 779 5196; x_wconf 80' lang='lat' dir='ltr'>fatigare</span> <span class='ocrx_word' id='word_1_604' title='bbox 791 5124 954 5193; x_wconf 87' lang='lat' dir='ltr'>tentaverit,</span> <span class='ocrx_word' id='word_1_605' title='bbox 1004 5140 1069 5180; x_wconf 91' lang='lat' dir='ltr'>rum</span> <span class='ocrx_word' id='word_1_606' title='bbox 1084 5123 1159 5179; x_wconf 91' lang='lat' dir='ltr'>cibos</span> <span class='ocrx_word' id='word_1_607' title='bbox 1173 5137 1191 5176; x_wconf 87' lang='lat' dir='ltr'>a</span> <span class='ocrx_word' id='word_1_608' title='bbox 1203 5119 1369 5178; x_wconf 85' lang='lat' dir='ltr'>Christianis</span> <span class='ocrx_word' id='word_1_609' title='bbox 1379 5117 1464 5188; x_wconf 87' lang='lat' dir='ltr'>sumt,</span> <span class='ocrx_word' id='word_1_610' title='bbox 1475 5132 1540 5172; x_wconf 87' lang='lat' dir='ltr'>curn</span> <span class='ocrx_word' id='word_1_611' title='bbox 1556 5131 1592 5170; x_wconf 90' lang='lat' dir='ltr'>ea</span> <span class='ocrx_word' id='word_1_612' title='bbox 1605 5132 1671 5187; x_wconf 79' lang='lat' dir='ltr'>quae</span> <span class='ocrx_word' id='word_1_613' title='bbox 1681 5114 1711 5187; x_wconf 80' lang='grc' dir='ltr'>(Δ</span> 
     </span>
     <span class='ocr_line' id='line_1_54' title="bbox 138 5208 1711 5290; baseline -0.003 -23"><span class='ocrx_word' id='word_1_614' title='bbox 138 5215 167 5268; x_wconf 93' lang='lat' dir='ltr'>et</span> <span class='ocrx_word' id='word_1_615' title='bbox 179 5213 267 5268; x_wconf 88' lang='lat' dir='ltr'>victus</span> <span class='ocrx_word' id='word_1_616' title='bbox 279 5212 422 5284; x_wconf 82' lang='lat' dir='ltr'>luerit,ab</span> <span class='ocrx_word' id='word_1_617' title='bbox 437 5214 563 5271; x_wconf 83' lang='lat' dir='ltr'>ecclesias</span> <span class='ocrx_word' id='word_1_618' title='bbox 576 5215 722 5273; x_wconf 91' lang='lat' dir='ltr'>liminibus</span> <span class='ocrx_word' id='word_1_619' title='bbox 732 5220 761 5273; x_wconf 89' lang='lat' dir='ltr'>at</span> <span class='ocrx_word' id='word_1_620' title='bbox 773 5234 790 5272; x_wconf 88' lang='lat' dir='ltr'>a</span> <span class='ocrx_word' id='word_1_621' title='bbox 804 5217 953 5274; x_wconf 91' lang='lat' dir='ltr'>catholico·</span> <span class='ocrx_word' id='word_1_622' title='bbox 1005 5215 1196 5290; x_wconf 88' lang='lat' dir='ltr'>permittente)</span> <span class='ocrx_word' id='word_1_623' title='bbox 1217 5229 1271 5270; x_wconf 87' lang='lat' dir='ltr'>nos</span> <span class='ocrx_word' id='word_1_624' title='bbox 1290 5213 1440 5282; x_wconf 89' lang='lat' dir='ltr'>sumimus,</span> <span class='ocrx_word' id='word_1_625' title='bbox 1454 5210 1490 5266; x_wconf 89' lang='lat' dir='ltr'>ab</span> <span class='ocrx_word' id='word_1_626' title='bbox 1513 5209 1570 5265; x_wconf 91' lang='lat' dir='ltr'>illis</span> <span class='ocrx_word' id='word_1_627' title='bbox 1586 5208 1711 5283; x_wconf 86' lang='lat' dir='ltr'>judicent</span> 
     </span>
     <span class='ocr_line' id='line_1_55' title="bbox 137 5300 1711 5383; baseline -0.004 -21"><span class='ocrx_word' id='word_1_628' title='bbox 137 5306 417 5364; x_wconf 90' lang='lat' dir='ltr'>rumcommunione</span> <span class='ocrx_word' id='word_1_629' title='bbox 436 5306 470 5381; x_wconf 80' lang='lat' dir='ltr'>(si</span> <span class='ocrx_word' id='word_1_630' title='bbox 494 5309 580 5382; x_wconf 87' lang='lat' dir='ltr'>digne</span> <span class='ocrx_word' id='word_1_631' title='bbox 591 5310 766 5383; x_wconf 76' lang='lat' dir='ltr'>penituerit)</span> <span class='ocrx_word' id='word_1_632' title='bbox 779 5314 953 5368; x_wconf 89' lang='lat' dir='ltr'>coerceatur.</span> <span class='ocrx_word' id='word_1_633' title='bbox 1005 5311 1123 5379; x_wconf 91' lang='lat' dir='ltr'>munda,</span> <span class='ocrx_word' id='word_1_634' title='bbox 1153 5324 1185 5364; x_wconf 93' lang='lat' dir='ltr'>ac</span> <span class='ocrx_word' id='word_1_635' title='bbox 1210 5307 1234 5362; x_wconf 93' lang='lat' dir='ltr'>si</span> <span class='ocrx_word' id='word_1_636' title='bbox 1257 5306 1406 5362; x_wconf 85' lang='lat' dir='ltr'>interiores</span> <span class='ocrx_word' id='word_1_637' title='bbox 1428 5303 1566 5375; x_wconf 90' lang='lat' dir='ltr'>incipiant</span> <span class='ocrx_word' id='word_1_638' title='bbox 1590 5317 1653 5358; x_wconf 88' lang='lat' dir='ltr'>esse</span> <span class='ocrx_word' id='word_1_639' title='bbox 1670 5300 1711 5358; x_wconf 81' lang='lat' dir='ltr'>Cb</span> 
     </span>
     <span class='ocr_line' id='line_1_56' title="bbox 173 5396 1711 5477; baseline -0.004 -20"><span class='ocrx_word' id='word_1_640' title='bbox 173 5400 281 5458; x_wconf 88' lang='lat' dir='ltr'>XXlllll.</span> <span class='ocrx_word' id='word_1_641' title='bbox 297 5401 451 5475; x_wconf 84' lang='lat' dir='ltr'>Episcopus</span> <span class='ocrx_word' id='word_1_642' title='bbox 469 5403 519 5476; x_wconf 88' lang='lat' dir='ltr'>qui</span> <span class='ocrx_word' id='word_1_643' title='bbox 537 5403 610 5459; x_wconf 85' lang='lat' dir='ltr'>illios</span> <span class='ocrx_word' id='word_1_644' title='bbox 628 5408 679 5460; x_wconf 87' lang='lat' dir='ltr'>aut</span> <span class='ocrx_word' id='word_1_645' title='bbox 698 5406 817 5477; x_wconf 84' lang='lat' dir='ltr'>nepotes</span> <span class='ocrx_word' id='word_1_646' title='bbox 832 5420 893 5460; x_wconf 89' lang='lat' dir='ltr'>non</span> <span class='ocrx_word' id='word_1_647' title='bbox 907 5404 955 5460; x_wconf 91' lang='lat' dir='ltr'>ha·</span> <span class='ocrx_word' id='word_1_648' title='bbox 1005 5402 1198 5477; x_wconf 84' lang='lat' dir='ltr'>quamtudaei,</span> <span class='ocrx_word' id='word_1_649' title='bbox 1214 5401 1237 5456; x_wconf 92' lang='lat' dir='ltr'>si</span> <span class='ocrx_word' id='word_1_650' title='bbox 1250 5417 1302 5456; x_wconf 90' lang='lat' dir='ltr'>nos</span> <span class='ocrx_word' id='word_1_651' title='bbox 1315 5415 1379 5473; x_wconf 87' lang='lat' dir='ltr'>quae</span> <span class='ocrx_word' id='word_1_652' title='bbox 1391 5397 1426 5453; x_wconf 91' lang='lat' dir='ltr'>ab</span> <span class='ocrx_word' id='word_1_653' title='bbox 1436 5396 1711 5468; x_wconf 87' lang='lat' dir='ltr'>illisappouunturu</span> 
     </span>
     <span class='ocr_line' id='line_1_57' title="bbox 138 5493 1572 5571; baseline -0.003 -22"><span class='ocrx_word' id='word_1_654' title='bbox 138 5493 210 5551; x_wconf 90' lang='lat' dir='ltr'>bans</span> <span class='ocrx_word' id='word_1_655' title='bbox 235 5494 325 5552; x_wconf 90' lang='lat' dir='ltr'>alium</span> <span class='ocrx_word' id='word_1_656' title='bbox 346 5512 433 5569; x_wconf 87' lang='lat' dir='ltr'>quem</span> <span class='ocrx_word' id='word_1_657' title='bbox 455 5496 602 5553; x_wconf 89' lang='lat' dir='ltr'>ecclesiam</span> <span class='ocrx_word' id='word_1_658' title='bbox 623 5497 741 5571; x_wconf 86' lang='lat' dir='ltr'>reliquit</span> <span class='ocrx_word' id='word_1_659' title='bbox 759 5496 917 5569; x_wconf 79' lang='lat' dir='ltr'>herodem,</span> <span class='ocrx_word' id='word_1_660' title='bbox 933 5498 956 5554; x_wconf 91' lang='lat' dir='ltr'>si</span> <span class='ocrx_word' id='word_1_661' title='bbox 1005 5498 1048 5555; x_wconf 92' lang='lat' dir='ltr'>illi</span> <span class='ocrx_word' id='word_1_662' title='bbox 1060 5513 1126 5554; x_wconf 88' lang='lat' dir='ltr'>voro</span> <span class='ocrx_word' id='word_1_663' title='bbox 1143 5494 1257 5552; x_wconf 90' lang='lat' dir='ltr'>anobis</span> <span class='ocrx_word' id='word_1_664' title='bbox 1270 5494 1365 5551; x_wconf 85' lang='lat' dir='ltr'>oblata</span> <span class='ocrx_word' id='word_1_665' title='bbox 1378 5493 1572 5547; x_wconf 85' lang='lat' dir='ltr'>contemnant.</span> 
     </span>
     <span class='ocr_line' id='line_1_58' title="bbox 138 5579 1711 5659; baseline -0.005 -14"><span class='ocrx_word' id='word_1_666' title='bbox 138 5586 209 5659; x_wconf 81' lang='lat' dir='ltr'>qrrid</span> <span class='ocrx_word' id='word_1_667' title='bbox 230 5588 408 5659; x_wconf 87' lang='lat' dir='ltr'>deecclesia,</span> <span class='ocrx_word' id='word_1_668' title='bbox 427 5607 486 5648; x_wconf 91' lang='lat' dir='ltr'>non</span> <span class='ocrx_word' id='word_1_669' title='bbox 504 5591 535 5648; x_wconf 89' lang='lat' dir='ltr'>in</span> <span class='ocrx_word' id='word_1_670' title='bbox 556 5590 685 5648; x_wconf 81' lang='lat' dir='ltr'>ecclesia</span> <span class='ocrx_word' id='word_1_671' title='bbox 698 5607 782 5649; x_wconf 75' lang='lat' dir='ltr'>musa</span> <span class='ocrx_word' id='word_1_672' title='bbox 795 5595 846 5649; x_wconf 85' lang='lat' dir='ltr'>aut</span> <span class='ocrx_word' id='word_1_673' title='bbox 858 5607 955 5651; x_wconf 90' lang='lat' dir='ltr'>neces·</span> <span class='ocrx_word' id='word_1_674' title='bbox 1041 5591 1106 5647; x_wconf 89' lang='lat' dir='ltr'>XLl.</span> <span class='ocrx_word' id='word_1_675' title='bbox 1121 5590 1196 5645; x_wconf 76' lang='lat' dir='ltr'>Ante</span> <span class='ocrx_word' id='word_1_676' title='bbox 1224 5587 1320 5644; x_wconf 90' lang='lat' dir='ltr'>omnia</span> <span class='ocrx_word' id='word_1_677' title='bbox 1343 5584 1452 5642; x_wconf 88' lang='lat' dir='ltr'>clericis</span> <span class='ocrx_word' id='word_1_678' title='bbox 1479 5582 1584 5639; x_wconf 88' lang='lat' dir='ltr'>vitetur</span> <span class='ocrx_word' id='word_1_679' title='bbox 1606 5579 1711 5639; x_wconf 79' lang='lat' dir='ltr'>ebriata</span> 
     </span>
    </p>
   </div>
   <div class='ocr_carea' id='block_1_3' title="bbox 139 5676 1711 5856">
    <p class='ocr_par' dir='ltr' id='par_1_3' title="bbox 139 5676 1711 5856">
     <span class='ocr_line' id='line_1_59' title="bbox 139 5676 1711 5761; baseline -0.001 -27"><span class='ocrx_word' id='word_1_680' title='bbox 139 5679 222 5737; x_wconf 76' lang='lat' dir='ltr'>diste</span> <span class='ocrx_word' id='word_1_681' title='bbox 233 5681 428 5757; x_wconf 89' lang='lat' dir='ltr'>insumpserit,</span> <span class='ocrx_word' id='word_1_682' title='bbox 443 5684 522 5761; x_wconf 88' lang='lat' dir='ltr'>quod</span> <span class='ocrx_word' id='word_1_683' title='bbox 534 5683 676 5754; x_wconf 87' lang='lat' dir='ltr'>distraxit,</span> <span class='ocrx_word' id='word_1_684' title='bbox 690 5690 739 5743; x_wconf 88' lang='lat' dir='ltr'>aut</span> <span class='ocrx_word' id='word_1_685' title='bbox 752 5685 877 5755; x_wconf 74' lang='lat' dir='ltr'>demut,</span> <span class='ocrx_word' id='word_1_686' title='bbox 891 5685 955 5744; x_wconf 88' lang='lat' dir='ltr'>irri-</span> <span class='ocrx_word' id='word_1_687' title='bbox 1006 5683 1137 5741; x_wconf 90' lang='lat' dir='ltr'>omnium</span> <span class='ocrx_word' id='word_1_688' title='bbox 1148 5683 1283 5739; x_wconf 90' lang='lat' dir='ltr'>vitiorum</span> <span class='ocrx_word' id='word_1_689' title='bbox 1298 5681 1387 5736; x_wconf 84' lang='lat' dir='ltr'>fomes</span> <span class='ocrx_word' id='word_1_690' title='bbox 1409 5693 1441 5732; x_wconf 90' lang='lat' dir='ltr'>ac</span> <span class='ocrx_word' id='word_1_691' title='bbox 1457 5676 1553 5734; x_wconf 85' lang='lat' dir='ltr'>nutrix</span> <span class='ocrx_word' id='word_1_692' title='bbox 1574 5679 1627 5733; x_wconf 84' lang='lat' dir='ltr'>est.</span> <span class='ocrx_word' id='word_1_693' title='bbox 1646 5676 1711 5748; x_wconf 72' lang='lat' dir='ltr'>itaq¹</span> 
     </span>
     <span class='ocr_line' id='line_1_60' title="bbox 140 5765 1711 5856; baseline -0.007 -23"><span class='ocrx_word' id='word_1_694' title='bbox 140 5776 204 5833; x_wconf 75' lang='lat' dir='ltr'>tum</span> <span class='ocrx_word' id='word_1_695' title='bbox 216 5771 361 5839; x_wconf 73' lang='lat' dir='ltr'>habeatnr.</span> <span class='ocrx_word' id='word_1_696' title='bbox 1007 5793 1096 5856; x_wconf 85' lang='lat' dir='ltr'>qrrem</span> <span class='ocrx_word' id='word_1_697' title='bbox 1111 5777 1223 5836; x_wconf 87' lang='lat' dir='ltr'>ebrium</span> <span class='ocrx_word' id='word_1_698' title='bbox 1237 5775 1324 5834; x_wconf 85' lang='lat' dir='ltr'>inisse</span> <span class='ocrx_word' id='word_1_699' title='bbox 1336 5771 1505 5840; x_wconf 87' lang='lat' dir='ltr'>constiterit,</span> <span class='ocrx_word' id='word_1_700' title='bbox 1519 5774 1551 5827; x_wconf 92' lang='lat' dir='ltr'>ut</span> <span class='ocrx_word' id='word_1_701' title='bbox 1562 5768 1634 5828; x_wconf 87' lang='lat' dir='ltr'>ordo</span> <span class='ocrx_word' id='word_1_702' title='bbox 1645 5765 1711 5843; x_wconf 77' lang='lat' dir='ltr'>petit</span> 
     </span>
    </p>
   </div>
   <div class='ocr_carea' id='block_1_4' title="bbox 0 0 1950 6148">
    <p class='ocr_par' dir='ltr' id='par_1_4' title="bbox 0 0 1950 6148">
     <span class='ocr_line' id='line_1_61' title="bbox 0 0 1950 6148; baseline 0 0"><span class='ocrx_word' id='word_1_703' title='bbox 0 0 1950 6148; x_wconf 95' lang='lat' dir='ltr'> </span> 
     </span>
    </p>
   </div>
  </div>
 </body>
</html>
