3870 6150
46 250 98 304 165
667 248 901 311 nactustttttlt
918 250 1112 310 costaalta.
1682 254 1731 314 166

44 360 147 416 6161666
160 359 309 431 aemulum,
326 358 376 434 qui
390 362 472 419 extra
487 358 642 418 Ecclesiam
658 363 799 421 ordinavit
812 365 865 422 No·
877 365 1010 453 Aveniet
1023 366 1124 422 66666
1137 362 1259 418 tardabit
1275 363 1364 433 11116,
1379 362 1433 435 37).
1443 384 1457 414 u
1472 364 1629 421 1166666116
1640 365 1731 438 judex

44 454 203 523 vatianum,
224 460 254 511 et
272 455 303 511 16
321 455 417 511 Africa
435 455 634 527 Nicostratum,
653 462 785 532 utrosque
805 460 865 516 116-
916 464 983 516 6616
997 459 1115 530 januam
1136 456 1248 525 assistit,
1271 473 1390 513 coronas
1413 457 1541 513 hilariter
1561 459 1731 531 promittens

43 547 149 604 reticos
175 549 249 605 sicut
272 549 321 604 ille
344 553 415 605 erat.
437 549 469 604 111
493 565 559 605 vero
585 551 742 620 conatibus,
764 553 866 625 quibus
915 552 960 609 his
988 553 1038 625 qui
1061 568 1113 624 pro
1140 567 1174 607 eo
1199 550 1378 623 passionibus
1405 551 1620 608 submittuntur.
1648 552 1731 618 Quod

42 646 214 714 potuerunt,
243 644 347 699 multos
373 660 391 698 a
416 646 494 699 recta
516 646 545 700 61
565 645 702 701 catholica
725 645 781 703 fide
800 664 865 702 sua·
916 647 939 701 si
960 645 1133 702 subtraxerit
1155 662 1185 701 se
1210 644 1291 717 quis,
1319 661 1376 700 uon
1395 644 1517 716 placebit
1531 645 1636 701 animae
1648 663 1728 715 6166,

42 734 145 792 666666
163 735 299 792 recedere
323 736 504 805 sacerdotal
521 741 586 809 post
609 754 639 793 so
658 739 688 794 in
704 754 867 812 perversam
915 740 964 796 sed
980 741 1060 797 cadet
1073 740 1108 795 de
1126 738 1313 811 promissione
1333 740 1448 809 propter
1461 738 1653 809 negationem.
1674 742 1731 796 Nos

43 829 146 885 etheo
163 829 303 886 odibilem
325 829 485 886 doctrinam
504 847 636 889 corruere
654 839 863 904 persuaserunt.
916 839 1013 890 autem
1025 831 1514 889 6666166166661166661166161111116
1530 833 1729 904 perditionem,

41 922 95 979 Sed
115 925 194 979 sieut
215 924 338 981 istorum
359 923 641 997 tergiversationibus
660 926 746 981 nimis
767 943 865 984 sumus
914 929 962 984 sed
971 928 1038 984 fidei
1048 925 1303 999 inacquisitionem
1312 925 1425 981 anima.
1436 926 1637 997 Propterquod
1648 943 1728 981 assu-

42 1017 207 1073 66616166661
233 1021 263 1075 66
283 1018 318 1074 66
334 1034 433 1074 eorum
454 1017 614 1091 perditione
635 1020 757 1091 contriti,
772 1021 811 1077 sic
829 1021 865 1078 de
914 1023 983 1078 mite
1004 1038 1084 1078 arma
1100 1021 1160 1088 1161,
1186 1025 1217 1075 61
1243 1019 1354 1092 possitis
1379 1016 1509 1074 resistere
1531 1018 1561 1074 in
1586 1019 1631 1074 die
1653 1020 1728 1076 malo

43 1111 170 1167 aliorum
184 1112 398 1168 conversatione
411 1112 533 1169 11661166
542 1113 696 1170 6611116616
710 1130 807 1170 sumus
817 1116 865 1171 lm-
913 1115 1047 1171 adversus
1061 1113 1302 1170 omnesinimicos
1314 1115 1418 1168 sanctae
1436 1111 1564 1168 Ecclesiae
1574 1115 1603 1168 et
1612 1117 1728 1184 vestros,

41 1204 152 1260 tilicati.
169 1205 355 1261 [1666661616
370 1206 610 1279 omnipotensqui
624 1207 753 1264 tristibus
764 1209 865 1265 miscet
913 1214 941 1265 et
959 1208 1068 1264 induite
1086 1225 1134 1264 vos
1154 1208 1238 1263 lorica
1257 1206 1385 1279 justitiae,
1408 1209 1436 1262 et
1454 1206 1571 1261 calceati
1592 1206 1678 1278 pedes
1700 1206 1730 1262 in

43 1299 115 1369 leta,
131 1299 241 1371 oppido
251 1299 477 1369 noslaetilicavit,
492 1316 547 1372 quo
560 1300 678 1373 quidam
690 1303 864 1359 confessores
913 1302 1118 1375 preparatione
1127 1300 1404 1374 Evangeliipacis,in
1414 1299 1548 1354 omnibus
1555 1302 1730 1381 assumentes

43 1392 218 1464 quidudum
240 1393 355 1449 luerent
376 1393 484 1464 1166166,
509 1393 621 1449 anobis
635 1401 695 1451 eta
716 1400 792 1452 66616
807 1396 863 1452 1166
912 1402 1024 1452 6661661
1037 1396 1154 1462 1166116
1168 1411 1225 1468 quo
1235 1394 1347 1467 possitis
1353 1393 1451 1460 omnia
1459 1394 1555 1465 jacula
1564 1392 1730 1465 nequissimi

44 1485 156 1542 diabolo
170 1486 327 1559 instigante
341 1504 370 1543 se
383 1491 555 1560 separantes,
570 1504 636 1543 cum
649 1489 769 1545 11611666
783 1507 861 1563 pres·
912 1490 1002 1563 ignita
1018 1489 1209 1562 exstinguere.
1233 1490 1267 1544 Et
1290 1488 1403 1561 galeam
1423 1487 1520 1542 salutis
1541 1486 1686 1557 assumite,
1702 1488 1731 1542 et

44 1579 143 1652 bytom
163 1581 204 1636 ad
229 1581 382 1637 Ecclesiam
401 1581 579 1638 catholicam
603 1586 632 1637 et
650 1583 735 1640 iidem
756 1590 863 1640 rectam
913 1584 1040 1657 gladium
1053 1583 1184 1657 Spiritus,
1199 1582 1275 1656 quod
1289 1586 1331 1638 est
1340 1582 1459 1638 verbum
1476 1581 1533 1649 1161,
1550 1596 1730 1652 peromnem

45 1680 107 1730 arnt
130 1674 250 1743 reversi,
273 1678 301 1730 et
321 1675 416 1731 denuo
437 1676 510 1731 sicut
530 1679 607 1749 prius
625 1677 692 1732 lacti
714 1683 780 1734 sunt
792 1695 861 1733 con·
912 1679 1072 1735 orationem
1095 1682 1123 1734 et
1146 1677 1374 1733 obsecrationem
1392 1675 1509 1731 radicati
1527 1680 1555 1730 et
1573 1674 1685 1729 fundati
1698 1674 1729 1729 16

46 1768 163 1824 tesseres
196 1768 303 1824 lldeles.
335 1770 530 1842 Quapropter,
564 1771 736 1840 charissimi,
768 1761 1011 1834 66116-1166161116
1035 1772 1156 1827 fratrum
1173 1787 1225 1843 pro
1248 1770 1360 1826 Christo
1390 1771 1457 1825 lesu
1479 1767 1599 1823 Domino
1620 1772 1726 1823 nostro.

46 1877 106 1917 mor
125 1879 178 1918 vos
205 1867 233 1918 et
261 1861 448 1935 deprecamur
473 1881 526 1937 per
553 1866 705 1922 Dominum
733 1871 862 1921 nostrum
912 1867 966 1921 Sed
981 1869 1010 1921 et
1022 1883 1109 1932 nunc,
1123 1867 1238 1935 tratres,
1254 1863 1487 1919 commendamus
1502 1878 1550 1916 vos
1563 1861 1686 1916 11661166
1701 1864 1729 1917 61

45 1955 139 2011 teum
174 1955 341 2025 Christum,
381 1963 412 2013 ut
449 1963 478 2013 et
514 1959 663 2031 predictos
694 1960 860 2030 haereticos,
912 1976 1010 2015 omnes
1031 1960 1117 2015 verbo
1142 1959 1241 2030 gratiae
1263 1958 1334 2029 ejus,
1353 1957 1402 2029 qui
1430 1959 1523 2029 potest
1544 1954 1679 2026 perficere
1700 1958 1731 2009 et

46 2055 72 2104 et
99 2066 203 2105 omnes
225 2067 296 2122 quos
321 2067 339 2106 a
364 2056 440 2107 recta
465 2052 521 2109 ilde
545 2059 573 2110 et
602 2054 731 2110 doctrina
755 2059 862 2129 aposta·
911 2054 978 2109 dare
1003 2053 1199 2109 hereditatem
1235 2051 1318 2107 nohis
1350 2067 1416 2106 cum
1452 2048 1584 2104 omnibus
1613 2047 1727 2103 sanctis.
1803 2052 1807 2058 “

46 2147 104 2198 tare
126 2144 326 2216 cognoveritis,
348 2145 592 2202 exhortationibus
612 2152 641 2203 66
661 2149 743 2205 bonis
762 2149 884 2206 studiis·
911 2148 973 2220 lpse
995 2151 1092 2203 autem
1110 2149 1183 2202 Deus
1203 2146 1282 2218 pacis
1305 2148 1334 2200 et
1360 2141 1558 2199 consolationis
1578 2141 1627 2197 det
1650 2140 1729 2196 vobis

47 2236 140 2292 tastris
165 2238 202 2293 ad
228 2238 397 2295 catholicam
418 2238 505 2296 fldem
528 2244 557 2297 66
574 2245 682 2298 6666616
704 2242 862 2299 doctrinam
911 2240 1036 2313 idipsum
1059 2256 1157 2312 sapere
1189 2239 1218 2293 16
1238 2238 1421 2306 alterutrum,
1451 2241 1484 2292 ut
1505 2236 1584 2291 vobis
1607 2234 1730 2291 invicem

48 2328 106 2404 38
131 2335 299 2387 convertere
328 2333 499 2402 contendite,
533 2340 562 2390 61
586 2335 618 2391 16
645 2336 694 2392 1161
717 2338 861 2394 voluntate
911 2334 1078 2391 succurratis
1093 2338 1121 2389 66
1133 2349 1191 2388 666
1204 2331 1264 2387 61116
1276 2330 1367 2400 divisi,
1383 2334 1415 2386 ut
1428 2329 1586 2396 unanimes,
1605 2345 1664 2384 uno
1680 2344 1731 2385 ors

48 2425 194 2494 persistere
206 2425 334 2482 suadete.
348 2429 383 2484 Et
395 2444 452 2484 nou
466 2427 556 2484 solum
569 2428 861 2505 hos,sedomnesqui
912 2433 940 2485 61
963 2445 1019 2484 une
1040 2428 1125 2484 corde
1146 2426 1338 2482 honorificetis
1360 2441 1427 2481 eum
1447 2425 1476 2480 in
1501 2423 1681 2479 concordiam
1701 2424 1731 2478 et

49 2517 173 2573 nondum
188 2517 275 2574 iidem
293 2525 400 2576 rectam
420 2527 623 2594 perceperunt,
644 2524 680 2581 ad
694 2525 861 2581 catholicam
911 2523 1133 2579 consolationem
1156 2522 1288 2591 fratrum,
1311 2519 1361 2592 qui
1382 2523 1476 2591 potest
1493 2518 1664 2574 conlirmare
1681 2532 1730 2571 vos

48 2610 126 2667 16661
139 2612 861 2691 perdocerefestinate,«quianequemors,neque
911 2617 1067 2674 secundum
1089 2615 1274 2688 Evangelium
1299 2614 1371 2686 ejus,
1402 2613 1488 2684 juxta
1528 2611 1730 2667 revelationem

48 2705 107 2774 tila,
133 2722 230 2779 neque
247 2708 354 2780 angeli,
378 2724 472 2781 neque
494 2710 678 2782 principatus,
699 2728 794 2784 neque
814 2713 859 2768 in·
911 2710 1012 2768 [eterni
1025 2709 1162 2783 mysterii,
1177 2707 1354 2781 temporibus
1369 2706 1474 2762 scilicet
1492 2705 1646 2778 perpetuis,
1662 2705 1729 2777 qui·

48 2798 154 2868 stantia,
168 2817 266 2873 neque
279 2802 385 2871 lutura,
404 2819 497 2877 neque
518 2805 668 2876 tortitudo,
681 2821 775 2878 neque
797 2806 859 2862 alti·
910 2805 963 2862 hus
989 2803 1066 2860 vobis
1092 2804 1254 2859 futurorum
1288 2801 1456 2874 gaudiorum
1487 2798 1633 2872 largienda
1663 2803 1731 2854 sunt

48 2894 118 2962 bado,
134 2910 229 2967 neque
245 2895 435 2968 protundum,
455 2913 550 2970 neque
571 2903 700 2955 creatura
714 2899 768 2955 alia
787 2900 859 2972 (ma·
910 2914 1040 2955 munera.
1049 2898 1239 2970 Summopere
1247 2895 1426 2952 considerare
1437 2894 1523 2950 etiam
1533 2893 1641 2949 debetis
1651 2893 1730 2965 quod

48 2986 129 3058 gistro
143 2989 276 3060 gentium
294 2989 422 3063 docente)
436 2991 605 3063 poteritnos
618 3009 749 3066 separare
763 3010 779 3048 a
792 2995 860 3050 cha·
910 2994 950 3048 illi
972 2992 1022 3065 qui
1042 2991 1178 3048 iratribus
1202 2990 1332 3046 invident
1354 3005 1457 3062 eosque
1486 2988 1729 3059 damnatamque

46 3080 121 3137 ritate
130 3081 249 3138 11661161
261 3083 352 3139 nostri
363 3085 428 3140 lesu
439 3084 554 3153 Christi,
572 3089 601 3142 et
613 3102 678 3159 quas
697 3086 728 3142 16
743 3086 804 3159 ipso
819 3091 861 3143 est
909 3087 1029 3160 perdere
1042 3086 1172 3159 cupiunt,
1184 3102 1236 3158 per
1245 3101 1275 3141 se
1284 3101 1334 3141 sua
1342 3083 1478 3157 dogmata
1487 3083 1645 3140 destruunt.
1656 3080 1730 3136 111611

46 3174 220 3231 1666661166
238 3176 324 3247 (116111.
340 3193 400 3246 vsu,
416 3181 460 3250 36,
474 3179 557 3252 191.»
571 3179 661 3236 Nolite
674 3179 770 3253 itaque
780 3136 897 3237 araritC
910 3181 988 3237 66116
1002 3180 1139 3236 Dominus
1153 3200 1161 3235 :
1178 3199 1192 3233 6
1206 3181 1298 3237 Omne
1308 3194 1431 3251 regnum
1445 3178 1476 3233 in
1492 3193 1521 3233 se
1534 3176 1656 3233 divisum
1669 3191 1729 3232 non

45 3271 97 3324 6666
124 3269 329 3327 confidentiam
368 3274 491 3328 vestram
515 3290 580 3348 quae
614 3291 749 3349 magnam
775 3276 860 3332 babet
910 3274 995 3330 stabit
1017 3276 1124 3346 11166611.
1147 3291 1196 3342 111,
1219 3273 1275 3345 tt),
1297 3294 1311 3323 u
1328 3277 1356 3328 et
1379 3271 1472 3327 omnis
1493 3270 1613 3326 scientia
1631 3274 1660 3326 et
1681 3270 1728 3324 lex

44 3364 417 3438 1661666η1166661111616.
440 3384 469 3435 x,
498 3369 551 3439 35).
581 3389 595 3420 »
622 3368 759 3425 Patientia
781 3370 858 3426 enim
908 3369 1057 3425 adversum
1072 3385 1102 3424 se
1121 3368 1211 3424 divisa
1228 3383 1285 3422 uon
1304 3366 1397 3423 stabit.
1417 3366 1542 3436 ldeoque
1556 3380 1671 3419 6666666
1684 3365 1728 3418 666

44 3456 118 3512 hobis
128 3458 294 3516 necemaria
303 3459 387 3516 estad
399 3460 612 3519 colluctationes
620 3463 858 3534 adversariorum,
909 3466 941 3518 ut
953 3463 1130 3519 concorditer
1142 3461 1267 3518 salubres
1282 3459 1442 3532 suscipiatis
1456 3459 1597 3527 hortatus,
1612 3459 1641 3513 et
1655 3455 1728 3512 nihil

44 3555 184 3622 66616666
203 3552 291 3609 iidem
311 3553 510 3611 intemeratam
527 3573 616 3630 usque
637 3557 668 3613 in
686 3557 773 3614 finem
795 3574 859 3614 con·
908 3573 962 3630 per
978 3557 1191 3612 contentionem
1215 3559 1340 3628 agentes,
1361 3553 1410 3610 sed
1434 3553 1471 3609 ad
1490 3568 1576 3609 omne
1601 3549 1727 3607 studium

44 3651 185 3702 mantes
193 3647 447 3720 repromissionem
456 3650 646 3723 percipiamus
662 3668 747 3725 quam
761 3668 857 3725 repro·
909 3649 1071 3707 devotionis
1085 3648 1239 3706 unanimes
1251 3647 1353 3704 divinis
1365 3651 1395 3703 et
1408 3646 1567 3718 apostolicis
1585 3645 1725 3701 constitu·

45 3737 117 3796 m'sit
127 3738 176 3795 his
200 3741 252 3814 qui
271 3742 400 3815 legitime
420 3746 528 3801 certare
542 3749 708 3819 properant.
726 3768 740 3796 «
758 3746 859 3802 Adhuc
908 3744 1034 3802 tionibus
1046 3743 1178 3816 pareatis.
1192 3744 1259 3800 bata
1271 3757 1309 3799 vu
1327 3742 1390 3798 idus
1403 3739 1587 3811 Septembris,
1599 3737 1683 3796 116616
1696 3741 1726 3795 66

46 3831 116 3890 61116
139 3834 292 3893 modiculm
319 3837 539 3912 aliquantulum,
569 3839 618 3914 qui
644 3845 779 3898 venturus
805 3843 858 3914 est,
907 3839 1026 3896 Maximo
1040 3854 1081 3898 uu
1095 3854 1136 3896 oc.

166 4094 277 4168 ITEM
298 4097 510 4173 EPISTOLA
532 4101 734 4174 CORNELII
756 4102 887 4174 PAPAE
911 4102 1145 4173 outuutatt
1169 4097 1375 4170 EPISCOPO
1397 4095 1597 4168 cutheus.

11 4247 14 4393 j
350 4235 400 4305 Ne
413 4236 594 4304 sacerdotes
608 4237 872 4321 Dominijurore
883 4246 1093 4324 presumant
1104 4237 1158 4302 vel
1169 4235 1415 4320 compellantur.

75 4403 230 4464 scamma
243 4405 391 4482 episcopus
413 4409 490 4468 litteo
510 4411 673 4487 coepiscopo
686 4412 716 4468 in
735 4412 987 4502 Dominthenus
1002 4429 1020 4468 a
1033 4411 1153 4468 summis
1167 4408 1362 4465 sacerdotibus
1377 4407 1419 4463 vel
1435 4405 1551 4478 reliquis
1565 4402 1651 4476 exigi,
1666 4400 1723 4457 nisi

11 4416 16 4613 '
47 4495 167 4558 'hm-
906 4524 958 4581 pro
972 4506 1028 4563 lide
1041 4508 1117 4563 recta
1130 4503 1251 4559 minime
1266 4501 1460 4574 cognovimus,
1483 4515 1536 4555 666
1550 4500 1723 4569 spontaneos

75 4591 168 4667 Exigit
180 4593 296 4652 dilectio
304 4599 364 4668 tua,
377 4597 465 4656 trater
479 4599 655 4672 charissime,
667 4604 701 4658 ut
709 4617 742 4658 61
758 4607 854 4659 aucto·
904 4602 1016 4675 jurasse
1027 4599 1196 4674 reperimus.
1204 4597 1469 4687 summoperetergo
1481 4594 1593 4648 sanctus
1604 4589 1723 4646 Jacohus

12 4674 14 4683 ¹
47 4683 120 4745 ritate
139 4687 395 4763 sedisapostolicae
415 4692 473 4750 tuls
495 4693 663 4752 deberemus
682 4696 857 4754 consultibus
907 4696 1049 4769 apostolus
1066 4693 1220 4766 prohibens
1234 4693 1443 4747 sacramentum
1460 4686 1589 4760 loquitur
1602 4686 1722 4742 dicens:
1833 4697 1836 4700 ·

45 4783 223 4854 ΜΘΝ·
236 4785 319 4850 Quod
338 4787 406 4843 lieet
425 4804 485 4844 non
504 4789 622 4861 prolixe,
646 4790 695 4846 sed
715 4791 856 4848 succincte
909 4783 1544 4856 «6616661616,1666666661661116166666,
1561 4796 1657 4853 neque
1672 4795 1724 4852 per

45 4886 122 4947 ’μ’
132 4875 338 4935 mmmm
349 4887 465 4955 propter
478 4883 618 4957 quasdam
630 4883 857 4957 importunitates
907 4886 1018 4954 calum,
1029 4901 1123 4958 neque
1133 4900 1185 4956 per
1195 4885 1312 4952 terram,
1326 4894 1419 4951 neque
1434 4876 1512 4933 aliud
1528 4874 1722 4949 quodcunque

45 4982 102 5041 Ν
113 4972 224 5028 nostris
244 4974 486 5046 praepedientibus
505 4978 626 5051 peccatis
643 4979 674 5034 in
693 4995 744 5035 nos
758 4995 856 5052 super·
903 4981 1112 5054 jurameutum.
1126 4978 1169 5035 Sit
1185 4979 1281 5032 autern
1300 4990 1395 5030 sermo
1414 4977 1518 5042 vester,
1537 4975 1579 5026 est
1597 4971 1649 5038 est,
1665 4985 1724 5024 non

44 5075 151 5137 Μ,
166 5066 225 5122 1011
239 5071 336 5124 “men
359 5086 411 5142 W
425 5072 534 5147 reliqua
555 5076 721 5129 sanctorum
741 5078 857 5145 patrum
906 5091 977 5145 non,
992 5080 1023 5130 ut
1039 5090 1097 5130 aun
1110 5072 1161 5128 sub
1187 5069 1295 5144 jirdicio
1316 5067 1532 5136 decidatistloc.
1548 5081 1575 5132 v,
1592 5063 1674 5136 16).»
1691 5063 1725 5118 Et

43 5152 170 5215 1611111116
197 5159 300 5216 stadiis
330 5165 496 5237 perquirere
516 5167 609 5236 letius,
634 5170 663 5224 et
688 5166 857 5240 investigare
907 5169 1045 5225 Dominus
1058 5164 1254 5237 quvangelio
1273 5164 1313 5219 ait
1328 5179 1365 5218 :a
1387 5160 1511 5218 Audistis
1534 5158 1601 5232 quia
1616 5158 1725 5213 dictum

43 5253 246 5323 mittimus.
259 5255 321 5311 Non
333 5258 412 5314 enim
423 5262 515 5331 potest
527 5277 607 5316 mens
616 5261 713 5317 attrita
726 5266 755 5318 61
767 5261 858 5318 66661·
907 5261 1097 5334 estantiquis,
1111 5277 1171 5317 non
1186 5257 1360 5332 perjurabis,
1376 5255 1478 5312 reddes
1495 5257 1592 5310 autem
1605 5249 1723 5307 11661166

44 5340 92 5400 h
112 5351 202 5422 tique
222 5349 488 5423 importunitatibus
516 5358 630 5428 gravata
656 5360 767 5413 tantum
789 5355 858 5412 boni
903 5357 1070 5431 juramenta
1090 5360 1148 5410 tua.
1172 5355 1231 5426 Ego
1247 5358 1342 5408 autem
1365 5350 1427 5407 dico
1447 5347 1536 5417 vobis,
1553 5361 1613 5402 non
1626 5344 1724 5416 jurare

45 5451 190 5514 magere,
215 5449 358 5516 quantum
393 5446 531 5504 delectata
563 5452 592 5505 et
626 5449 857 5522 oppressionibus
907 5451 1040 5519 omniuo;
1062 5464 1156 5521 neque
1172 5463 1223 5520 pcr
1247 5446 1361 5514 coelum,
1382 5443 1448 5516 quia
1465 5442 1587 5498 thronus
1606 5436 1653 5492 1161
1671 5437 1722 5504 est,

45 5533 140 5591 661666.
152 5536 219 5591 Non
237 5552 307 5611 ergo
330 5540 384 5595 ista
400 5540 436 5597 ob
453 5541 483 5597 id
497 5543 684 5614 proetulimus,
703 5548 735 5600 ut
753 5545 815 5599 1166
830 5548 858 5602 66
907 5562 1000 5618 neque
1011 5560 1064 5618 per
1081 5549 1187 5599 terram
1207 5540 1273 5614 quia
1295 5538 1450 5595 scabellum
1469 5538 1511 5590 est
1530 5531 1636 5605 pedum
1649 5528 1723 5602 eius,

45 5625 170 5702 thqnas
183 5631 342 5689 6666666616
361 5633 423 5692 lore
442 5637 660 5709 cognoverimus
676 5640 734 5694 tuae
753 5638 858 5695 Sancti·
906 5655 1003 5713 neque
1015 5654 1068 5711 per
1083 5633 1315 5708 hierosolymam,
1330 5631 1398 5705 quia
1419 5628 1514 5684 civitas
1534 5623 1636 5697 magni
1648 5622 1726 5697 regis

45 5721 88 5776 lati
107 5725 233 5781 velimus
251 5726 404 5801 denegare,
428 5730 480 5786 sed
501 5731 578 5803 quod
599 5733 645 5788 hic
665 5732 759 5789 minus
777 5732 855 5790 inve·
907 5721 1484 5808 est,nequeperoaputtuumiuraveris,
1498 5720 1645 5797 61116666
1654 5722 1746 5794 potas

43 5810 126 5890 ὼν
138 5819 228 5878 ¹⁸fi⁸¹⁸
241 5822 431 5897 Wffltur·
444 5827 654 5886 6666666166]
675 5831 771 5890 sutem
784 5829 852 5888 hac·
904 5847 996 5890 unum
1005 5829 1146 5906 capillum
1156 5829 1260 5890 albuna
1268 5827 1371 5886 lacere
1381 5823 1436 5882 aut
1448 5819 1592 5896 nigrum.
1602 5815 1655 5875 stt
1663 5818 1773 5872 autam
