3870 6150
203 244 253 302 tet
650 244 792 298 ‚terrun
813 243 857 297 Ab
875 244 954 299 SAEC.
976 242 1211 297 111-111110111
1231 232 1443 297 runcatoris
1832 237 1881 293 181

202 353 405 420 sodiniuturo,
421 356 448 406 et
463 350 559 406 omnia
573 350 692 422 subjecit
705 350 756 405 sub
772 349 893 422 pedibus
903 350 975 421 ejus,
987 352 1016 403 et
1026 349 1232 435 Aresurrectio
1256 351 1447 416 mortuorum,
1472 352 1501 404 et
1518 347 1591 403 sicut
1611 347 1642 401 in
1667 345 1761 403 Adam
1786 361 1882 401 omues

203 447 296 518 ipsum
306 445 385 501 dedit
396 448 481 516 caput
493 461 579 516 supra
594 461 711 500 onlnem
721 443 882 512 Ecclesiam,
897 459 961 516 quae
976 451 1019 501 est
1067 447 1245 516 moriuntur,
1278 446 1319 502 ila
1349 447 1380 502 iu
1403 445 1514 503 Christo
1540 461 1641 501 omnes
1670 442 1882 500 vivificabuntur

202 555 302 610 corpus
315 538 413 610 ipsius,
428 538 574 609 plenitudo
587 537 711 610 ejusqui
725 536 823 592 omnia
840 537 868 591 iu
887 537 1019 592 omnibus
1067 541 1092 612 11
1103 542 1163 597 Cor.
1179 557 1224 612 xv,
1244 544 1289 609 21,
1312 541 1369 613 22).
1384 562 1398 591 a
1415 541 1448 596 iti
1467 540 1566 614 utiquo
1586 555 1689 596 omnes
1709 537 1761 610 qui
1781 537 1881 593 licetin

201 632 339 705 adimplet
353 633 460 703 (Epiros.
477 649 496 699 r,
512 631 615 701 raes).
632 631 732 686 [licant
747 631 776 685 hi
786 629 937 685 adversarii
949 629 1019 686 veri·
1066 635 1158 691 Adam
1169 640 1235 690 sunt
1243 635 1315 704 nati,
1326 635 1356 690 iu
1365 634 1476 692 Christo
1483 638 1579 690 tamen
1588 633 1778 689 inveniuntur
1788 631 1881 696 renati,

202 726 267 782 tatis
282 730 388 798 quanto
403 726 586 798 omnipotens
602 726 684 781 Pater·
698 725 741 779 vel
756 724 913 780 secundum
931 741 1018 795 quam
1067 728 1202 785 habentes
1215 729 1283 784 lldei
1295 728 1505 797 testimonium,
1517 732 1545 784 et
1556 728 1592 784 de
1603 725 1812 799 justificatione
1824 741 1881 797 gra·

205 823 335 876 naturam
353 821 457 876 Filium
477 837 561 876 suum
580 837 666 891 super·
687 818 819 874 universa
836 818 1019 890 provexerit?
1068 824 1114 880 tire
1130 823 1203 879 etde
1215 822 1419 880 communione
1435 825 1556 890 naturae,
1567 837 1657 894 quam
1665 820 1883 894 quisusceptam

202 918 245 971 vel
260 916 306 971 cui
320 915 484 971 substantiae
504 917 607 969 cuncta
626 913 806 983 subjecerit?
830 913 918 968 deitas
940 912 1017 967 enim
1068 918 1104 973 eh
1125 916 1274 988 unigenito
1298 915 1349 971 Dei
1368 916 1438 971 Filio
1459 915 1489 971 in
1511 918 1594 971 utere
1616 913 1761 970 Devidiere
1773 911 1885 983 virginis

203 1010 288 1065 Verbi
304 1027 356 1081 par
368 1010 398 1064 in
412 1008 554 1077 omnibus,
571 1011 600 1062 et
614 1006 857 1062 consubstantialis
872 1010 913 1063 est
931 1007 1017 1072 Patri,
1068 1012 1215 1078 diffitetur,
1229 1011 1265 1065 ab
1280 1009 1358 1066 omni
1369 1014 1546 1065 sacramente
1558 1007 1732 1067 Christiania
1745 1005 1885 1078 religionis

203 1109 230 1160 et
257 1105 440 1175 sempiternae
465 1107 549 1174 atque
574 1101 798 1172 intemporaliter
824 1117 881 1156 una
907 1101 1019 1156 eadem·
1067 1106 1176 1161 alienus
1186 1109 1244 1172 est3
1259 1108 1350 1160 etnec
1359 1120 1494 1176 sponsam
1508 1119 1677 1176 agnoscens,
1692 1117 1749 1157 nec
1760 1117 1884 1172 sponsam

201 1216 256 1270 que
271 1197 399 1270 potentia
412 1200 455 1251 est
468 1195 606 1267 genitoris
619 1199 647 1250 et
666 1195 766 1266 geniti.
783 1195 900 1250 Creator
913 1194 1019 1267 quippe
1068 1200 1240 1271 intelligens,
1262 1197 1384 1271 nuptiali
1401 1214 1460 1254 non
1482 1201 1575 1270 potest
1594 1197 1738 1252 interesse
1753 1194 1883 1250 convivio.

202 1292 331 1347 omnium
360 1294 538 1356 naturarum,
565 1289 703 1361 quoniam
731 1307 745 1340 a
769 1305 820 1360 per
846 1289 941 1360 ipsum
955 1305 1017 1343 om·
1068 1294 1139 1349 Caro
1152 1292 1228 1347 enirn
1243 1291 1346 1349 Christi
1355 1291 1485 1347 velamen
1498 1294 1542 1346 est
1555 1289 1650 1361 Verbi,
1660 1304 1722 1362 quo
1737 1288 1830 1344 omnis
1841 1287 1884 1359 qui

200 1386 249 1442 nia
269 1387 432 1451 factasunt,
452 1391 479 1440 et
500 1385 560 1439 sine
583 1384 643 1455 ipso
658 1384 767 1438 facturn
788 1387 831 1436 est
846 1383 917 1437 nihil
930 1385 1016 1451 (John.
1067 1387 1211 1442 Christum
1232 1385 1393 1456 confitetur,
1416 1385 1529 1458 integre
1549 1384 1691 1441 induitur.
1717 1382 1883 1439 Erubesorns

203 1498 222 1547 1,
240 1480 277 1550 3),
300 1484 429 1551 superest
449 1478 580 1532 omnibus
604 1494 668 1549 quae
685 1476 801 1542 creavit,
822 1492 1018 1548 necunquam
1068 1485 1166 1537 eutem
1180 1480 1261 1548 illud,
1281 1482 1311 1535 et
1332 1479 1413 1552 quasi
1439 1479 1591 1551 indignum
1611 1479 1758 1547 refulans,
1783 1477 1882 1533 nullum

202 1573 326 1629 Creatori
340 1589 391 1628 suo
405 1589 462 1627 non
477 1571 585 1626 fuerint
598 1571 724 1642 subjecta
739 1586 802 1641 quae
818 1569 953 1625 condidit.
967 1569 1018 1624 Cui
1070 1572 1165 1648 193
1174 1591 1208 1629 ex
1219 1569 1781 1644 eohehehitornatum3aelieetseregio
1790 1570 1881 1626 iurent

203 1667 361 1739 proprium,
376 1671 404 1720 et
418 1664 625 1736 sempiternum
636 1668 687 1731 est,
698 1679 750 1717 nec
760 1663 875 1717 aliunde
887 1663 1019 1733 quamde
1069 1668 1152 1735 sesto,
1173 1667 1316 1740 sacrisque
1338 1684 1367 1723 ee
1390 1666 1481 1739 epulis
1510 1666 1696 1738 importunus
1724 1664 1879 1733 immisceat,

201 1762 293 1829 Patre,
310 1759 444 1815 neealiud
459 1775 618 1829 essequam
635 1758 717 1812 Pater
732 1761 785 1811 est.
800 1755 869 1811 Huic
885 1757 908 1811 si
922 1733 1057 1811 additaB
1069 1761 1270 1817 discretionem
1288 1765 1387 1816 tamma
1406 1759 1482 1833 rogis
1496 1759 1595 1815 fellere
1616 1758 1762 1831 improbis
1778 1757 1877 1813 conare

202 1859 244 1909 est
259 1857 392 1925 potestas,
407 1854 430 1907 si
444 1852 584 1907 illustrata
602 1851 733 1922 dignitas,
754 1851 776 1904 si
796 1849 917 1905 exaltata
929 1849 1017 1904 suhli·
1068 1872 1127 1911 non
1140 1855 1254 1926 poterit,
1272 1855 1322 1910 sed
1334 1855 1406 1909 siout
1419 1855 1480 1925 ipse
1500 1853 1636 1909 Dominus
1651 1856 1824 1926 protestatos
1834 1856 1875 1916 est,

201 1949 296 2016 mites,
312 1948 409 2002 minor
422 1950 485 2002 erat
494 1946 671 2018 provehente
686 1944 735 2016 qrri
749 1944 845 2013 crevit,
862 1961 914 1999 nec
930 1944 1018 1999 hahe-
1070 1949 1218 2004 «tolletur
1237 1948 1332 2020 ligatis
1352 1947 1484 2003 manibus
1508 1952 1537 2004 et
1556 1946 1690 2019 pedibus,
1712 1952 1743 2002 et
1766 1945 1876 2003 mittebar

200 2042 251 2096 but
272 2041 383 2096 divitias
404 2041 467 2112 ejus
488 2044 599 2095 naturae
622 2039 703 2110 cujus
727 2038 851 2109 indiguit
877 2038 1017 2109 largitate.
1068 2043 1099 2098 ie
1124 2043 1258 2099 tenebras
1287 2042 1451 2108 exteriores,
1482 2041 1533 2097 uhi
1555 2040 1611 2096 erit
1635 2040 1723 2097 fletus
1747 2045 1776 2096 et
1791 2039 1876 2096 strider

201 2137 255 2191 Sed
279 2136 347 2190 talia
373 2135 546 2190 sentientem
576 2134 606 2187 iu
640 2133 802 2188 societatem
829 2148 911 2186 suam
937 2131 1020 2186 Arius
1069 2137 1199 2192 dentium
1224 2137 1332 2207 (nant.
1358 2149 1429 2206 xxrr,
1456 2136 1510 2208 13).
1535 2134 1650 2191 allude
1671 2133 1834 2207 quicunque
1851 2133 1875 2188 iu

201 2230 283 2300 rapit,
313 2229 393 2300 cujus
413 2227 590 2300 perversitati
617 2227 740 2282 multum
761 2227 824 2281 haec
848 2225 1020 2297 suffragatur
1069 2230 1181 2287 christo
1197 2246 1254 2285 nen
1266 2228 1418 2285 confitetur
1429 2245 1532 2301 eorpus
1546 2227 1721 2297 humanum,
1739 2226 1874 2284 noveritse

201 2323 343 2396 impietas,
361 2339 471 2393 negans
485 2322 576 2376 Verbo
590 2321 639 2376 Dei
655 2320 811 2375 humanam
826 2320 919 2374 inesse
934 2325 1019 2374 natu·
1069 2324 1205 2395 mysterio
1226 2322 1428 2378 incarnationis
1448 2321 1613 2394 indiguum,
1639 2337 1693 2377 nec
1714 2322 1777 2393 ejus
1802 2336 1876 2376 sacn-

202 2440 274 2489 ram,
288 2428 328 2490 ut,
345 2421 413 2477 darn
424 2421 615 2476 humilitatem
630 2419 659 2474 in
671 2418 721 2474 Dei
732 2419 880 2490 majestate
893 2418 1018 2488 tasdidit,
1071 2417 1160 2472 menti
1175 2416 1282 2472 habere
1296 2415 1482 2483 consortium,
1501 2415 1577 2487 quod
1590 2415 1747 2486 Apostolus
1759 2414 1876 2487 predicat

202 2522 251 2572 aut
265 2518 395 2572 falsatam
410 2515 440 2569 in
455 2514 565 2570 Christo
584 2517 691 2568 asserat
706 2512 864 2583 imaginem
882 2511 1019 2583 corporis,
1070 2511 1185 2566 dicens:
1200 2532 1214 2559 «
1225 2510 1290 2581 quia
1301 2511 1432 2566 membra
1442 2508 1678 2580 sumuscorporis
1691 2508 1729 2564 de
1739 2506 1876 2578 oerneejas

200 2616 250 2667 aut
275 2626 375 2666 omnes
400 2609 525 2664 actiones
547 2608 617 2679 ejus,
646 2607 845 2678 passionesque
872 2589 1021 2676 corporeas
1070 2607 1100 2660 et
1111 2603 1221 2658 ossibus
1234 2605 1305 2674 ejus.
1319 2605 1440 2675 Propter
1460 2604 1516 2659 hoc
1528 2602 1671 2675 relinquet
1681 2602 1772 2658 bomo
1781 2605 1876 2674 patrem

200 2705 314 2761 deitatis
328 2702 421 2774 potius
434 2703 521 2757 fuisse
533 2718 621 2773 quam
637 2700 740 2756 caruis.
755 2699 909 2764 Quodlibet
923 2702 1020 2754 autern
1071 2700 1099 2753 et
1110 2700 1243 2766 matrem,
1258 2701 1286 2752 et
1301 2697 1461 2752 adhaerebil
1478 2695 1559 2753 uxori
1573 2712 1633 2751 sura
1648 2698 1678 2751 et
1691 2701 1779 2752 crunt
1792 2695 1843 2751 duo
1853 2695 1876 2749 ir

203 2797 358 2851 defendere
382 2796 488 2851 audeat
512 2811 637 2866 prorsus.
664 2793 795 2847 insanum
813 2795 865 2860 est,
889 2792 1022 2863 quianec
1071 2806 1226 2846 carneuna
1247 2792 1353 2861 (aptes.
1373 2807 1400 2860 v,
1422 2793 1466 2857 30,
1484 2793 1538 2859 31).
1562 2811 1575 2838 »
1599 2791 1634 2844 Et
1655 2805 1804 2862 exponens
1856 2788 1876 2843 ‘d

203 2891 294 2962 pietas
310 2889 387 2956 srdei,
401 2905 454 2943 nec
467 2889 540 2943 ratio
557 2887 659 2958 recipit
671 2886 853 2954 sacramenti,
870 2889 901 2940 ut
914 2885 1020 2957 aliquid
1070 2901 1123 2957 per
1141 2884 1194 2940 hoc
1208 2884 1393 2955 significetur,
1417 2883 1522 2955 adjecit
1543 2901 1549 2938 :
1572 2904 1587 2931 «ι
1605 2883 1823 2939 Sacramentum
1835 2882 1876 2937 boc

204 3000 284 3055 passa
307 2983 343 3036 sit
374 2981 475 3049 deitas,
502 2986 552 3036 aut
581 2981 611 3034 in
636 2980 694 3033 ullo
715 2978 833 3034 mentita
853 2978 889 3033 sit
906 2979 1019 3033 veritas.
1072 2995 1211 3050 magnum
1223 2982 1275 3033 est.
1291 2979 1349 3049 Ego
1364 2980 1462 3034 autern
1472 2978 1534 3034 dico
1548 2977 1577 3033 in
1590 2977 1705 3033 Christo
1718 2977 1786 3034 etin
1798 2977 1875 3032 lisele

203 3075 386 3148 lmpassibilis
408 3074 496 3165 igitur
516 3075 566 3129 Dei
580 3073 674 3138 Filius,
696 3074 768 3128 ileus
787 3073 832 3127 cui
848 3089 913 3127 cum
928 3073 1010 3127 Patre
1017 3125 1024 3153 ‚
1078 3072 1235 3144 siathphes.
1256 3089 1283 3140 v,
1297 3073 1351 3142 32).
1369 3094 1383 3122 a
1400 3071 1441 3127 Ab
1459 3071 1522 3144 ipso
1539 3087 1608 3143 ergo
1622 3071 1768 3144 principio
1781 3070 1876 3143 generis

205 3175 232 3225 et
248 3170 355 3242 Spiritu
369 3175 477 3236 sancto,
496 3184 551 3222 una
566 3165 805 3222 incommutabilis
819 3166 962 3220 Trinitatis
977 3182 1020 3218 es·
1077 3166 1206 3236 humani,
1219 3166 1347 3223 Christus
1358 3169 1401 3222 est
1414 3166 1596 3222 denuntiatus
1605 3165 1635 3220 iu
1645 3182 1735 3222 cerne
1747 3172 1875 3221 venturus.

204 3263 304 3330 sentia,
316 3263 369 3317 hoe
382 3261 458 3333 quod
470 3264 512 3316 est
526 3277 587 3315 esse
598 3266 770 3332 perpetuum
782 3262 834 3329 est,
846 3259 918 3314 inea
930 3259 1022 3330 pleni·
1073 3262 1104 3316 ln
1118 3277 1184 3332 qun,
1200 3260 1273 3315 sicut
1285 3260 1392 3315 dictum
1405 3264 1457 3328 est,
1473 3263 1501 3315 et
1514 3265 1600 3316 crunt
1612 3260 1670 3316 duo
1687 3260 1719 3316 in
1732 3275 1813 3316 carne
1824 3273 1875 3314 um.

204 3357 303 3413 tudine
328 3355 463 3427 temporis
489 3372 552 3427 qua
581 3355 756 3427 sempiterno
787 3353 904 3409 consilio
932 3353 1024 3407 fuerat
1073 3354 1174 3426 Utique
1187 3354 1243 3409 duo
1259 3356 1326 3408 sunt
1341 3354 1413 3409 lleus
1426 3358 1455 3408 et
1466 3354 1565 3424 horno,
1578 3354 1711 3410 Christus
1721 3351 1875 3416 stEcclesia,

205 3450 372 3522 praestituta,
392 3453 421 3505 et
439 3448 603 3521 prophetica
620 3449 762 3503 dictorum
779 3453 864 3519 atquc
878 3452 1024 3518 gestorum
1072 3448 1184 3520 quade
1199 3447 1876 3520 spousicarnepmdeunt,quandoexlatererm

204 3544 410 3615 significatione
434 3543 583 3615 promissa,
605 3543 696 3596 lactus
715 3541 790 3596 lilius
810 3540 945 3608 hominis,
967 3557 1024 3595 non
1074 3541 1149 3596 citlxi
1169 3544 1304 3596 manante
1319 3542 1460 3614 sauguine
1481 3544 1510 3597 et
1526 3558 1600 3615 equa
1621 3547 1830 3598 sacramentum
1843 3555 1874 3596 re

204 3656 263 3694 suae
275 3639 458 3694 conversione
469 3636 643 3705 substantiae,
658 3636 705 3691 sed
719 3640 822 3690 nostra
831 3634 1024 3705 assumptione
1073 3634 1246 3706 demptionis
1259 3640 1287 3689 et
1307 3633 1534 3705 regenerationis
1550 3634 1669 3707 accepit.
1686 3637 1752 3708 ipsa
1765 3639 1808 3690 est
1817 3632 1877 3690 enin

206 3737 314 3788 naturae
337 3755 350 3780 a
365 3732 440 3787 venit
467 3746 595 3802 quaerere
620 3732 648 3784 et
672 3730 778 3784 salvare
800 3729 875 3800 quod
900 3729 1025 3799 perierat
1073 3745 1148 3783 nova
1160 3728 1284 3784 conditio
1298 3733 1436 3784 creatura
1446 3729 1591 3796 humanae,
1607 3745 1673 3801 quae
1684 3729 1877 3801 inbaptismrte

206 3828 314 3894 (Mettis.
331 3843 405 3894 rvrrr,
428 3826 480 3896 lt).
497 3844 510 3876 a
525 3824 609 3878 Venit
623 3827 719 3878 autem
732 3838 791 3878 uon
802 3822 885 3877 locali
901 3839 1023 3890 accessu,
1075 3839 1132 3878 non
1147 3822 1318 3878 indumento
1332 3838 1406 3878 verae
1421 3822 1523 3890 caruis,
1540 3823 1589 3878 sed
1602 3823 1740 3895 contagio
1755 3823 1878 3879 damnate

206 3935 258 3972 rrec
281 3915 438 3971 monitione
466 3929 604 3986 corporea
626 3915 764 3984 tanquam
783 3926 909 3983 praesens
933 3912 1025 3967 factus
1074 3916 1222 3972 vetustatis
1256 3916 1387 3983 exuitur,
1430 3920 1461 3971 ut
1499 3915 1639 3972 efficiatur
1675 3916 1765 3973 homo
1794 3929 1878 3988 eorpus

206 4012 282 4066 unde
297 4009 442 4074 abfuisset,
464 4009 515 4062 ant
532 4007 610 4062 illinc
624 4022 786 4061 recessurus
800 4004 876 4060 unde
893 4005 1023 4072 venisset,
1074 4009 1187 4077 Christi,
1204 4009 1271 4080 quia
1285 4012 1314 4064 et
1329 4009 1456 4064 Christus
1476 4026 1579 4082 corpus
1597 4013 1640 4065 est
1660 4010 1797 4067 hominis.
1815 4007 1877 4065 Vnde

207 4105 257 4159 sod
271 4103 346 4159 venit
362 4119 412 4174 per
424 4103 477 4156 hoc
487 4101 564 4173 quod
574 4103 635 4156 erat
650 4100 771 4167 visibile,
785 4103 813 4154 et
824 4099 1025 4154 communione
1074 4120 1131 4158 non
1148 4103 1238 4158 Deum
1257 4105 1369 4159 tantum
1384 4102 1506 4159 dicimus
1521 4104 1668 4159 Christum
1684 4104 1758 4160 sicut
1771 4100 1878 4160 herem

208 4197 390 4252 cernentibus
403 4194 601 4262 declarandus,
615 4194 771 4248 humanam
784 4191 892 4247 scilicet
909 4208 1025 4247 earnem
1074 4196 1230 4263 ldaniehaei,
1245 4212 1299 4251 nec
1310 4195 1457 4252 hominem
1470 4200 1584 4252 tantum
1594 4197 1670 4253 sicut
1681 4196 1807 4253 hmretid
1819 4196 1875 4251 Pho

208 4294 293 4362 atque
316 4289 441 4343 animam
467 4287 497 4341 in
522 4287 677 4342 visceribus
696 4285 820 4356 Virginis
842 4285 939 4340 metris
952 4286 1023 4340 acei-
1074 4290 1155 4358 tiani,
1175 4306 1225 4346 nec
1238 4289 1278 4344 ita
1298 4289 1445 4345 hominem
1460 4293 1495 4345 ut
1507 4289 1616 4362 aliquid
1634 4290 1661 4346 ei
1674 4292 1750 4347 desit
1766 4288 1837 4364 qnod
1850 4286 1876 4341 ad

208 4384 299 4456 piens,
316 4387 347 4436 ul
360 4398 481 4437 manens
496 4380 526 4436 iu
541 4380 636 4435 torma
649 4379 708 4449 Dei,
726 4379 849 4434 formam
863 4378 935 4434 servi
957 4378 1023 4434 sibi·
1075 4384 1233 4439 humanam
1245 4389 1356 4439 certum
1369 4387 1411 4438 est
1428 4384 1575 4454 pertinere
1592 4388 1738 4453 naturam,
1758 4384 1812 4440 sire
1829 4380 1875 4437 ani·

210 4481 308 4533 metet
317 4474 534 4539 similitudinem
544 4473 653 4547 peccati
662 4472 755 4528 caruis
766 4473 867 4542 uniret,
881 4489 1028 4546 perquam
1037 4475 1067 4549 D
1077 4494 1155 4532 mam
1169 4476 1226 4532 sive
1240 4481 1367 4532 mentem
1382 4476 1589 4544 rationabilem,
1607 4477 1666 4533 sive
1681 4494 1799 4535 carnem
1809 4488 1875 4549 amm

208 4589 268 4628 uon
282 4571 425 4626 minueret
437 4569 533 4624 divina
545 4567 688 4637 humanis,
709 4566 758 4622 sed
770 4570 889 4638 augeret
904 4568 1029 4623 humana
1078 4588 1137 4626 uon
1153 4571 1187 4626 de
1205 4571 1310 4626 semina
1331 4570 1463 4643 sumpsit,
1485 4571 1534 4627 scd
1559 4572 1666 4627 factam
1695 4572 1730 4629 de
1753 4570 1838 4628 Verbo
1855 4567 1875 4621 in

210 4667 320 4722 divinis.
335 4665 408 4720 Talis
421 4663 498 4719 enim
514 4667 575 4719 erat
595 4661 724 4718 omniurn
740 4661 869 4732 oprimis
881 4661 963 4716 ducta
978 4678 1027 4732 ge·
1078 4681 1194 4720 caruem
1216 4680 1350 4721 converso
1370 4668 1455 4738 atque
1479 4670 1607 4732 mutato,
1628 4682 1695 4737 quer
1717 4666 1773 4722 tria
1787 4663 1877 4721 inisset

210 4758 349 4815 nitoribus
380 4775 463 4813 causa
493 4756 671 4826 mortalium,
700 4760 731 4811 ut
756 4754 887 4827 originali
914 4759 1029 4826 peccato
1078 4775 1149 4814 vana
1163 4759 1398 4830 apollinistarum
1417 4759 1618 4815 hereticorum
1632 4765 1694 4815 tres
1708 4765 1805 4833 partes
1821 4754 1877 4812 verit

210 4858 373 4908 transeunte
394 4869 445 4925 per
459 4855 587 4923 posteros
601 4851 696 4905 nullus
711 4866 825 4922 poenam
839 4848 1030 4904 damnationis
1079 4853 1269 4924 protulerunt.
1292 4853 1348 4908 Neo
1368 4853 1489 4909 dicimus
1508 4853 1585 4926 quod
1605 4853 1694 4908 beata
1715 4848 1877 4926 virgatam
1921 4912 1925 4923 ¹

213 4946 353 5011 evaderet,
378 4947 433 5001 nisi
455 4946 579 5001 Verbum
605 4962 669 5000 caro
687 4944 778 5011 lieret,
802 4947 830 4999 et
843 4943 985 4999 babitaret
999 4943 1029 4998 iu
1079 4946 1230 5002 hominem
1247 4946 1307 5002 siue
1321 4947 1425 5003 deitate
1437 4946 1609 5019 conceperit,
1625 4947 1676 5019 qui
1688 4952 1820 5004 creatusa
1831 4941 1877 5016 spi·
1919 4968 1925 5011 ς

213 5041 303 5107 nobis,
327 5040 356 5094 iu
371 5057 403 5095 ea
419 5039 526 5095 scilicet
539 5042 642 5094 natura
655 5056 720 5110 quae
735 5038 825 5093 nostri
840 5043 870 5093 et
884 5037 1031 5108 sanguinis
1080 5041 1138 5095 ritu
1163 5043 1277 5107 sancto,
1295 5043 1395 5112 postca
1420 5040 1455 5096 sit
1480 5043 1629 5113 susceptus
1649 5057 1667 5095 a
1692 5041 1797 5107 Verbo,
1820 5033 1879 5111 quoi

213 5140 287 5192 esset
313 5138 342 5190 et
370 5134 493 5205 generis.
521 5135 639 5206 Propter
665 5133 742 5206 quod
769 5133 836 5189 dicit
863 5133 1028 5205 Apostolus:
1081 5133 1240 5188 Nestorium
1259 5133 1462 5204 predicantem
1481 5133 1586 5190 merito
1602 5133 1741 5208 justeque
1755 5129 1879 5192 mmmd-
1921 5134 1925 5195 ,¹

213 5253 228 5280 α
245 5229 323 5287 Sicut
350 5245 401 5302 per
422 5228 507 5282 unius
529 5227 665 5283 delictum
688 5227 717 5282 in
736 5225 983 5283 omueshomines
1001 5225 1030 5280 in
1081 5244 1155 5282 mus.
1169 5227 1224 5283 Sed
1237 5226 1358 5282 dicimus
1369 5227 1513 5284 Christum
1525 5227 1573 5283 uei
1585 5227 1692 5284 Filium
1702 5230 1881 5286 munaum
1921 5206 1925 5265 ἶ

213 5322 490 5388 condemnationem,
500 5321 539 5376 sic
550 5325 579 5377 et
588 5338 639 5394 per
650 5322 732 5378 unius
739 5321 880 5393 justitiam
890 5319 920 5374 in
929 5335 1031 5374 omnes
1080 5326 1181 5376 natum
1191 5321 1226 5376 de
1239 5321 1296 5376 Deo
1310 5322 1403 5389 Patre,
1416 5320 1477 5377 sine
1490 5322 1548 5378 ullo
1561 5320 1643 5377 initio
1656 5322 1808 5396 temporis,
1821 5332 1882 5377 enm
1923 5302 1925 5313 ¹

213 5418 346 5475 homines
361 5417 397 5472 ad
412 5416 657 5488 justificationem.
679 5416 757 5472 Sicut
777 5415 854 5471 enirn
867 5429 918 5485 per
930 5412 1029 5468 inohe·
1082 5413 1362 5487 demquehominem
1372 5431 1472 5471 rerum
1482 5415 1627 5472 natumde
1637 5418 1744 5488 matre,
1755 5416 1882 5474 homno

212 5512 348 5568 dientiam
371 5512 458 5567 unius
476 5510 604 5566 hominis
619 5514 781 5581 peccatores
805 5506 949 5564 constituti
966 5510 1033 5562 suut
1081 5513 1157 5564 certa
1175 5507 1351 5581 plenitudine
1370 5510 1518 5582 temporis,
1540 5526 1594 5566 nac
1611 5509 1675 5583 ejus
1691 5510 1883 5569 amerinae

212 5607 305 5673 multi,
326 5606 366 5661 ita
388 5610 416 5661 ct
435 5622 487 5678 per
505 5593 590 5660 unius
608 5603 734 5659 bominis
756 5600 948 5659 obedientiam
962 5600 1033 5673 justi
1080 5620 1138 5675 qua
1153 5602 1248 5674 major
1260 5606 1302 5659 est
1314 5604 1397 5660 Pater
1409 5603 1540 5660 minuere
1555 5603 1665 5677 aliquid
1683 5605 1884 5678 mamm⁸

213 5700 419 5755 constituentur
438 5698 521 5755 multi
542 5698 626 5768 (Rom.
648 5714 676 5764 v,
699 5700 742 5764 18,
761 5695 813 5769 lt).
831 5718 844 5746 »ι
859 5697 892 5751 Et
904 5695 1030 5751 iterum:
1081 5714 1137 5769 qna
1155 5698 1275 5770 aequalis
1291 5701 1333 5752 est
1355 5698 1441 5753 Patri.
1455 5699 1511 5754 Hoc
1524 5700 1621 5754 autem
1636 5701 1795 5773 unumque
1807 5708 1883 5755 naun

202 5811 218 5836 a
232 5791 304 5855 Quia
320 5793 398 5850 eninr
413 5810 471 5867 per
489 5792 641 5851 bominem
662 5808 750 5864 mors,
767 5796 794 5849 et
818 5807 869 5868 per
883 5789 1032 5850 bominem
1081 5796 1121 5848 est
1134 5791 1261 5849 Christus
1277 5791 1326 5864 qui
1336 5789 1479 5850 verissime
1492 5791 1573 5862 dixit,
1582 5792 1614 5849 et
1623 5792 1883 5853 mundanorum:
