3870 6150
126 232 175 310 ln
571 251 715 306 menso.
734 250 780 306 sn
799 251 881 307 sac.
901 247 1362 306 u.-1smomuuncsroms

126 364 216 416 tatem
230 350 260 414 in
275 359 432 415 canonibus
445 358 474 414 et
487 358 577 415 sancti
589 360 687 415 Patres
699 357 788 415 secuti
800 363 876 414 sunt.
890 359 943 414 Nos
953 372 983 445 Α
993 361 1102 413 sancus
1115 360 1144 413 et
1154 373 1278 413 canones
1290 356 1477 426 meditentur,
1486 360 1518 413 ut
1528 371 1616 413 omne
1626 370 1711 428 opust

128 457 157 510 et
170 453 275 509 divinae
283 452 356 524 legis
367 457 396 508 et
403 452 590 508 conciliorum
601 451 738 525 praecepti
747 452 941 524 immemores,
991 451 1023 506 in
1038 451 1239 523 praedicatione
1255 451 1350 507 divina
1371 453 1401 506 et
1420 449 1549 506 doctrina
1567 448 1711 519 consistat,

127 545 249 604 infantes
262 549 291 603 et
304 562 408 619 pueros
426 545 528 602 levitas
552 546 672 602 tacimus
692 550 758 602 ants
781 544 942 618 legitimam
993 544 1134 602 edificent
1146 547 1263 601 cunctos
1275 549 1334 601 tam
1347 543 1413 600 ildei
1430 543 1558 613 scientia,
1572 559 1664 616 quam
1678 558 1711 616 op

128 642 251 708 aetatem,
262 642 329 696 ante
340 640 547 713 experientiam
558 640 632 696 vitae.
640 640 765 713 Ideoque
778 655 814 695 ne
825 639 944 696 ulterius
993 638 1152 710 disciplina.

126 733 201 789 flata
211 733 303 805 nobis,
315 737 344 790 et
355 733 458 790 dirinae
473 734 544 806 legis
556 736 585 790 et
597 749 742 790 canonum
754 733 944 789 admonemur
1027 733 1101 788 XXV.
1115 731 1233 797 Quando
1256 730 1414 804 presbyteri
1426 730 1456 785 in
1472 731 1614 804 parochiis
1628 729 1711 789 ordin

127 825 285 898 sententiis,
299 826 460 901 sedviginti
470 826 750 900 quinqueannorum
760 827 944 883 aetatelevitae
992 825 1120 881 libellum
1142 824 1322 880 ollicialema
1340 841 1391 880 suo
1411 825 1556 881 sacerdote
1574 823 1711 895 accipiant

127 926 340 989 consecrentur,
354 925 384 977 et
397 921 518 993 triginta
537 920 697 994 presbyteri
711 920 890 988 ordinentur,
904 921 944 976 itu
993 919 1123 974 ccclesias
1141 919 1195 975 sibi
1210 919 1359 991 deputatas
1377 918 1508 974 instructi
1529 918 1711 988 succedant]

126 1017 159 1069 ut
171 1014 329 1071 secundum
345 1018 522 1087 praeceptum
536 1015 693 1087 probentur
709 1014 849 1087 primum,
862 1019 891 1069 et
904 1014 944 1070 sic
992 1012 1186 1085 ignorantiam
1196 1012 1281 1069 etiam
1291 1012 1321 1067 in
1330 1011 1398 1083 ipsis
1410 1010 1513 1067 divinis
1524 1009 1710 1066 sacramentis

126 1106 291 1164 ministrent
303 1109 413 1164 nullum
426 1108 536 1165 crimen
547 1108 694 1164 habentes.
993 1107 1072 1175 dant,
1083 1109 1116 1161 ut
1130 1106 1245 1179 quando
1254 1106 1298 1160 vel
1314 1105 1352 1161 ad
1364 1104 1489 1176 litanias,
1500 1107 1544 1161 vel
1554 1105 1590 1160 ad
1603 1103 1711 1160 concilii

162 1202 215 1257 XX.
231 1201 400 1274 Quicunque
415 1202 445 1257 in
468 1201 625 1258 sacerdotio
646 1201 697 1258 Dei
716 1201 800 1274 positi
811 1203 887 1270 sunt,
903 1201 943 1257 ir·
992 1199 1098 1270 nerim,
1115 1199 1253 1256 rationem
1270 1199 1404 1272 episcopo
1417 1198 1548 1269 reddant,
1564 1197 1711 1271 qualiters

125 1294 366 1367 reprehensibiles
374 1311 434 1352 essa
440 1296 556 1365 debent,
562 1295 650 1352 Paulo
657 1298 822 1352 attestante:
833 1315 848 1347 α
856 1295 945 1368 Opor-
992 1303 1055 1350 tum
1068 1293 1195 1349 officium
1207 1292 1351 1349 celebrent
1364 1293 1407 1349 vel
1422 1293 1575 1365 baptizent.

126 1391 168 1444 tet
177 1387 344 1461 episcopum
358 1387 639 1462 irreprehensibilem
648 1390 741 1459 essell
750 1391 819 1445 Tim.
831 1405 872 1457 111,
882 1388 942 1462 it.»
1028 1388 1114 1444 XXVI.
1129 1386 1246 1452 Quando
1267 1386 1427 1458 presbyteri
1448 1389 1499 1441 aut
1520 1385 1632 1442 diaconi
1653 1401 1707 1458 per

128 1480 283 1537 inoffensos
295 1497 365 1554 ergo
374 1485 403 1539 et
411 1481 611 1538 immaculatos
623 1482 705 1539 decet
719 1481 841 1540 existere
854 1499 945 1538 sacer-
994 1481 1071 1536 chius
1082 1481 1305 1550 constituuntur,
1321 1485 1434 1552 oportet
1448 1497 1497 1536 eos
1510 1480 1638 1552 primum
1656 1495 1711 1551 pro:

127 1575 218 1644 dotes,
230 1591 284 1631 neo
298 1575 383 1631 ullius
403 1593 450 1631 eos
468 1575 666 1631 fornicationis
688 1575 819 1648 contagio
844 1576 943 1648 pollui,
993 1590 1060 1631 nem
1073 1574 1207 1646 episcopo
1230 1591 1280 1629 suo
1301 1574 1393 1630 iacere
1406 1579 1437 1629 ut
1452 1577 1528 1630 caste
1542 1578 1569 1629 et
1582 1572 1629 1646 pie
1643 1572 1711 1628 viia]

127 1669 177 1724 sed
192 1672 266 1725 ceste
279 1669 416 1741 viventes,
432 1670 555 1726 mundos
577 1669 744 1742 semetipsos
767 1670 944 1726 celebrandis
994 1668 1042 1724 [lei
1054 1667 1168 1737 timore,
1182 1671 1213 1723 ut
1225 1667 1294 1723 dum
1309 1683 1356 1724 eos
1368 1667 1416 1722 tali
1433 1666 1610 1740 professione
1632 1665 1711 1739 oblig

127 1762 280 1818 exhibeant
301 1763 500 1820 sacramentis.
521 1763 721 1819 Abstineamus
743 1748 812 1836 ergo
837 1780 889 1819 nos
906 1763 942 1819 ab
953 1743 981 1817 B
993 1764 1121 1818 sanctam
1136 1761 1315 1832 disciplinam
1332 1760 1486 1817 retineant.

126 1855 205 1911 omni
219 1873 306 1928 opere
319 1858 394 1913 malo
413 1860 442 1914 et
456 1856 492 1913 ab
510 1857 590 1913 omni
611 1857 828 1929 inquinamento
850 1857 943 1913 carnis
1028 1856 1125 1911 XXVll.
1145 1855 1311 1929 Episcopus,
1334 1853 1495 1927 presbyter,
1519 1860 1569 1911 aut
1591 1854 1711 1911 diacono

125 1949 209 2004 liberi
222 1966 398 2018 maneamus,
411 1953 444 2005 ut
459 1950 561 2007 mundi
574 1968 704 2022 corpore,
719 1950 833 2023 purgati
846 1954 943 2007 mente
993 1948 1084 2021 gradu
1097 1964 1148 2004 suo
1160 1948 1267 2019 injuste
1286 1949 1411 2020 deiectus
1425 1947 1455 2004 in
1475 1952 1572 2004 sancta
1593 1947 1704 2020 syuodo

20 2095 25 2107 ,
124 2043 266 2115 possimus
280 2045 315 2099 ad
336 2043 504 2101 sacrificium
526 2044 630 2101 Christi
652 2043 734 2116 digni
755 2045 900 2113 accedere,
914 2048 944 2101 et
993 2058 1059 2098 cens
1074 2041 1241 2115 reperiatur,
1258 2058 1316 2097 non
1340 2045 1433 2114 potest
1456 2041 1613 2113 essequod
1635 2042 1711 2100 fuera

126 2138 215 2193 ileum
230 2154 283 2209 pro
296 2136 405 2192 delictis
419 2137 549 2193 omnium
568 2137 726 2210 deprecari.
992 2134 1097 2207 gradus
1123 2135 1241 2190 amissos
1266 2135 1385 2207 recipiat
1419 2151 1516 2191 coram
1539 2134 1641 2190 altario
1661 2135 1699 2192 de

160 2231 224 2285 XXI.
247 2230 380 2295 Quamvis
404 2230 608 2287 conscientiam
629 2246 731 2303 puram
751 2230 829 2304 apud
851 2233 942 2287 ileum
992 2228 1200 2301 episcoporum,
1216 2229 1238 2283 si
1252 2227 1400 2301 episcopus
1413 2231 1466 2296 est,
1481 2229 1616 2295 orarium,
1628 2229 1711 2284 annii]

125 2339 180 2378 nos
191 2322 297 2379 habere
312 2326 451 2395 oporteat,
462 2326 559 2379 tamen
569 2327 598 2380 et
609 2323 687 2397 apud
696 2323 943 2381 hominesiamam
991 2321 1135 2392 baculum,
1150 2321 1173 2376 si
1185 2322 1342 2394 presbyter,
1359 2321 1485 2377 orarium
1500 2326 1529 2376 et
1547 2326 1695 2392 patenam,

126 2415 263 2488 optimam
286 2415 429 2472 custodire
450 2416 591 2488 convenit,
610 2421 643 2474 ut
662 2418 746 2489 juxta
766 2423 943 2491 preceptum
991 2431 1089 2483 conus,
1103 2415 1232 2471 orarium
1254 2420 1283 2471 et
1304 2414 1408 2482 albam,
1426 2415 1450 2468 si
1474 2414 1663 2470 subdiaconus
1678 2431 1711 2487 pa

124 2509 380 2582 apostolicumnon
395 2514 508 2567 tantum
523 2527 620 2568 coram
637 2512 705 2583 Deo,
719 2511 770 2568 sed
785 2511 875 2568 etiam
893 2529 941 2567 co·
992 2513 1021 2564 et
1041 2508 1168 2577 calicem,
1193 2509 1232 2564 sie
1253 2514 1282 2564 et
1304 2508 1408 2581 reliqui
1431 2507 1538 2579 gradus
1562 2525 1627 2563 cum
1652 2524 1711 2581 repl

125 2620 187 2659 ram
199 2603 365 2661 hominibus
373 2604 439 2661 vitae
453 2609 555 2662 senctae
568 2605 764 2662 testimonium
774 2605 940 2663 habeamus.
991 2618 1057 2657 nem
1069 2602 1112 2657 sui
1127 2601 1268 2674 recipiant
1280 2617 1367 2674 quem
1379 2618 1444 2657 cum
1458 2601 1658 2657 ordinarentur
1671 2618 1709 2676 pe

125 2698 247 2762 Quidam
260 2698 338 2753 enim
349 2698 406 2754 huc
420 2715 511 2770 usque
523 2699 706 2755 sacerdotum
718 2715 776 2754 non
796 2699 942 2755 modicum
991 2701 1065 2752 rant.

127 2791 292 2846 scandalum
315 2797 494 2862 creaverunt,
509 2792 578 2847 dum
597 2792 627 2847 in
652 2792 863 2849 conversatione
876 2793 942 2848 ritae
1027 2791 1136 2846 XXVlll.
1150 2789 1178 2846 Si
1191 2788 1340 2862 episcopus
1351 2795 1401 2845 ant
1411 2789 1569 2861 presbyter,
1584 2789 1642 2845 sire
1658 2789 1711 2846 dia

125 2900 183 2939 non
195 2884 280 2939 bonae
293 2884 379 2939 lamae
400 2884 534 2940 existunt.
548 2886 584 2940 Ut
597 2901 666 2957 ergo
680 2884 846 2942 excludatur
859 2885 940 2942 dein·
990 2884 1035 2939 vel
1048 2883 1168 2955 quilibet
1179 2899 1213 2938 ex
1226 2883 1325 2939 ordine
1338 2883 1506 2939 clericorum
1520 2899 1620 2956 magos
1632 2887 1683 2939 aut
1697 2901 1712 2940 a

126 2993 193 3048 ceps
204 2975 298 3032 omnis
309 2977 435 3033 nefanda
448 2977 617 3049 suspicionis
632 2978 751 3047 occasio,
766 2983 794 3034 et
805 2995 843 3034 ne
858 2979 942 3035 detur
991 2994 1047 3047 ces,
1066 2983 1115 3035 aut
1134 2979 1247 3047 ariolos,
1263 2982 1314 3035 aut
1333 2984 1410 3034 certe
1431 2994 1567 3050 augures,
1582 2979 1627 3035 rel
1647 2984 1711 3037 sort]

125 3070 200 3127 ultra
214 3070 397 3126 saecularibus
411 3071 488 3127 locus
500 3072 688 3140 obtrectandi,
703 3074 815 3144 oportet
829 3071 940 3144 episeo-
950 3113 978 3190 C
991 3073 1035 3127 vel
1048 3090 1096 3129 eos
1109 3073 1159 3145 qui
1170 3074 1342 3144 profitentur
1353 3077 1445 3128 artem
1462 3073 1596 3144 aliquam,
1609 3076 1660 3128 aut
1675 3073 1708 3129 al

125 3164 383 3236 postestimonium
392 3163 582 3237 probabilium
595 3181 784 3236 personarum
794 3182 942 3222 conversa·
991 3183 1091 3223 eorum
1102 3166 1207 3221 similia
1222 3169 1403 3221 exercentem
1415 3165 1589 3220 consuluisse
1603 3165 1694 3222 fuerit

124 3257 211 3313 tionis
224 3260 253 3314 et
262 3257 326 3314 vitae
336 3257 368 3313 in
380 3257 507 3315 conclavi
519 3275 570 3314 suo
580 3259 697 3329 habere,
709 3263 740 3316 ut
749 3261 806 3316 Deo
812 3260 942 3332 placeant
991 3261 1106 3327 herens,
1117 3259 1152 3314 ab
1163 3259 1272 3316 honore
1281 3258 1429 3331 dignitatis
1442 3275 1501 3314 sua
1515 3259 1658 3330 depositus
1667 3275 1711 3316 mo

125 3366 178 3423 per
192 3350 433 3408 conversationem
446 3352 561 3426 bonam,
572 3355 601 3409 et
611 3352 736 3409 ecelesiae
749 3369 801 3426 per
811 3353 941 3410 omnium
990 3353 1026 3408 rii
1038 3370 1137 3410 euram
1150 3353 1280 3424 excipiat,
1296 3353 1393 3424 ibique
1407 3358 1554 3425 perpetuae
1567 3352 1711 3425 poenitent

125 3444 243 3502 lamam.
991 3446 1066 3502 ditus
1077 3446 1168 3502 scelus
1182 3445 1340 3502 admissum
1354 3445 1496 3517 sacrilegii
1516 3447 1615 3502 solvat.

159 3539 236 3594 XXlI.
251 3539 314 3595 Non
327 3538 411 3595 aliter
425 3538 543 3611 placuit,
555 3543 588 3596 ut
599 3540 942 3613 quemadmodumantis·
1025 3541 1111 3597 XXIX.
1127 3539 1302 3597 confinitimi
1321 3540 1445 3595 hostium
1465 3540 1621 3596 sacerdotes
1643 3545 1711 3611 prael

124 3631 198 3700 tiles,
207 3631 508 3706 itapresbyteriatqne
517 3633 609 3690 levitas
622 3651 691 3706 quos
705 3634 778 3690 torte
790 3634 941 3691 infirmitas
990 3634 1039 3706 qui
1050 3651 1068 3688 a
1081 3633 1168 3705 regias
1181 3634 1331 3705 potestatis
1347 3633 1463 3688 sublimi
1482 3633 1651 3690 auctoritate
1664 3634 1711 3690 lice

123 3728 208 3797 atque
221 3726 313 3781 utam
326 3726 451 3798 gravitas
465 3726 496 3783 iu
511 3728 697 3785 conclarisuo
710 3744 827 3784 manere
836 3746 895 3785 non
907 3730 942 3784 si·
990 3726 1328 3799 acceperunt‚aquolibet
1334 3727 1500 3783 mandatum
1508 3731 1628 3799 agentes
1640 3733 1711 3784 extra

124 3819 178 3888 nit,
191 3824 223 3875 ut
233 3818 322 3876 iidem
334 3819 364 3876 in
378 3820 486 3877 cellulis
504 3821 562 3877 suis
575 3824 662 3878 testes
672 3822 736 3879 ritae
751 3822 887 3893 habeant,
899 3822 940 3878 vi·
991 3821 1108 3877 occulta
1120 3819 1246 3891 accipere
1260 3821 1303 3875 vel
1323 3819 1445 3891 dirigere
1469 3837 1526 3875 non
1550 3837 1711 3892 praesumas

123 3916 242 3987 tamque
255 3930 337 3969 suam
350 3913 422 3970 siout
432 3914 561 3986 nomine,
577 3915 619 3971 ita
635 3915 745 3974 meritis
756 3920 886 3974 teneant.
991 3919 1087 3970 autem
1100 3912 1337 3986 deprehenditur,
1352 3917 1402 3968 ant
1424 3914 1601 3970 convincitur
1619 3914 1711 3971 donus

158 4007 247 4062 XXlll.
262 4009 358 4063 Prona
373 4011 416 4063 est
434 4008 528 4064 omnis
548 4012 616 4064 aetas
637 4009 673 4065 ab
696 4009 888 4067 adolescentia
910 4010 941 4066 in
991 4007 1110 4080 principi
1124 4006 1201 4079 apud
1214 4007 1367 4063 concilium
1398 4006 1539 4079 condigna
1561 4007 1711 4065 animadve

124 4099 940 4173 malum,nihilenimincertiusquamritaadolescentinm3
992 4100 1170 4157 multabitur.

125 4191 161 4246 ob
184 4191 237 4246 hoo
260 4192 491 4248 constituendum
512 4194 650 4266 oportuit,
664 4199 697 4250 ut
709 4194 734 4250 si
750 4194 800 4267 qui
818 4194 849 4250 in
867 4195 941 4251 clero
1026 4195 1099 4250 XXX.
1125 4194 1206 4267 Sapo
1226 4194 1370 4267 principes
1390 4198 1489 4251 contra
1510 4195 1653 4267 quoslibet
1676 4212 1711 4252 ml

124 4284 207 4355 pueri
220 4287 270 4340 aut
285 4284 479 4341 adolescentes
492 4286 626 4355 existunt,
639 4303 739 4344 omnes
755 4288 786 4343 in
799 4304 857 4345 nno
872 4305 940 4345 con·
991 4289 1026 4344 tis
1043 4288 1182 4345 obnoxios
1196 4287 1391 4345 sacerdotibus
1408 4289 1524 4362 negotia
1542 4305 1594 4345 sua
1612 4306 1709 4346 comm

124 4377 194 4433 clari
217 4378 282 4433 atrii
306 4383 529 4449 commorentur,
551 4383 585 4436 ut
603 4381 719 4437 lubricos
740 4381 831 4439 aetatis
851 4399 942 4440 annos
990 4387 1020 4438 et
1033 4383 1101 4456 quia
1113 4382 1301 4438 sacerdotesa
1316 4382 1428 4439 Christo
1446 4382 1482 4438 ad
1503 4383 1696 4440 ministerium

125 4488 183 4528 non
195 4472 226 4528 in
235 4472 356 4542 luxuria,
368 4472 458 4529 sedin
468 4473 626 4548 disciplinis
639 4473 1073 4557 ecclesiasticisagant,1)electi
1087 4480 1163 4546 sunt,
1174 4474 1213 4531 ibi
1228 4476 1409 4532 consentiunt
1425 4477 1540 4548 regibus
1552 4477 1613 4532 fieri
1624 4476 1711 4548 judio

125 4565 261 4638 deputato
275 4566 474 4640 probatissimo
490 4569 612 4639 seniore,
625 4585 713 4641 quem
726 4574 755 4625 et
769 4571 940 4642 magistrum
986 4569 1172 4642 jurejurando
1178 4569 1309 4643 supplicii
1317 4570 1495 4641 indulgentia
1502 4570 1711 4641 promittitur,n

124 4658 281 4732 disciplina
303 4666 331 4718 et
352 4666 454 4718 testem
474 4662 540 4718 ritae
562 4662 696 4720 habeant.
718 4663 800 4729 Quod
815 4664 839 4720 si
854 4665 942 4738 aliqui
991 4661 1160 4718 discriminis
1179 4663 1322 4719 sententia
1343 4665 1529 4734 preparatur.
1546 4663 1575 4719 Si
1597 4663 1662 4735 quis
1676 4680 1710 4720 er

125 4768 160 4806 ex
172 4751 217 4806 his
229 4753 329 4825 pnpilli
344 4753 481 4824 existunt,
496 4755 663 4813 sacerdotali
676 4759 764 4813 tutela
780 4758 940 4828 foveantur,
990 4755 1139 4811 cardetum
1156 4759 1256 4811 contra
1270 4757 1325 4812 hoo
1346 4757 1549 4812 communione
1570 4758 1711 4814 consultui

124 4849 155 4900 ut
170 4847 199 4900 et
213 4845 269 4901 vita
283 4863 384 4903 eorum
399 4864 417 4903 a
430 4848 595 4905 criminibus
616 4850 720 4906 intacta
733 4850 779 4919 sit,
795 4854 891 4913 etres
905 4852 941 4908 ab
990 4866 1085 4906 cussor
1101 4849 1132 4905 in
1148 4849 1249 4905 alienis
1264 4849 1398 4921 perieulis
1420 4851 1569 4921 exstiterit,
1584 4851 1616 4906 fit
1637 4868 1707 4908 reus

122 4937 228 5010 injuria
239 4939 436 5012 reproborum.
446 4941 654 5006 Quiautemhis
664 4945 943 5016 praeceptisresulta·
989 4943 1136 5015 sanguinis
1148 4943 1225 5016 apud
1237 4942 1393 5022 Christum,
1409 4945 1438 4999 et
1451 4944 1527 5015 apud
1544 4944 1693 5001 ecclesiam
1708 4963 1711 5018 j

122 5031 225 5101 vcrint,
240 5033 423 5090 monasteriis
435 5034 658 5108 deputentur,ut
668 5043 807 5111 vagantes
816 5039 943 5095 animiet
990 5037 1139 5109 proprium
1152 5037 1282 5109 gradum.

122 5125 239 5198 superbi
254 5126 388 5183 severiori
398 5130 499 5200 regula
510 5128 729 5201 distringantur.
1025 5131 1110 5185 XXXl.
1128 5130 1258 5202 Episcopi
1270 5130 1301 5185 in
1319 5132 1506 5202 protegendis
1527 5131 1642 5204 populis
1660 5149 1694 5189 aa

156 5219 242 5274 XXIV.
276 5220 442 5293 ignorantia
472 5225 564 5278 mater
594 5227 764 5281 cunctorum
798 5242 939 5292 errorum,
991 5223 1092 5279 dandis
1106 5223 1267 5296 impositam
1283 5240 1300 5278 a
1315 5225 1371 5280 lieo
1384 5225 1438 5279 sibi
1458 5241 1557 5280 curam
1574 5242 1632 5281 non
1649 5227 1711 5284 arnt

122 5312 246 5368 maxime
258 5312 290 5369 in
304 5298 495 5371 sacerdotibus
510 5315 558 5371 Dei
573 5316 688 5374 vitanda
701 5323 753 5388 est,
762 5319 811 5392 qui
820 5318 941 5375 docendi
990 5318 1112 5389 ideoque
1134 5318 1203 5372 ditm
1224 5317 1403 5390 conspiciunt
1418 5318 1573 5389 judicasse
1588 5325 1711 5391 potenter

125 5406 254 5464 officium
263 5406 293 5464 in
308 5407 422 5480 populis
437 5412 635 5482 susceperunt,
648 5411 807 5468 sacerdotes
816 5411 894 5468 enim
905 5412 942 5468 le·
989 5427 1090 5483 pamm
1104 5426 1284 5482 oppressores
1299 5411 1430 5478 existere,
1444 5416 1473 5466 et
1486 5413 1565 5483 prius
1578 5429 1625 5468 eos
1639 5430 1711 5472 sacal

121 5515 193 5571 gere
206 5505 316 5557 sanctas
330 5501 490 5573 Scripturas
504 5500 670 5575 irdquenter
684 5505 822 5561 admonet
838 5505 941 5560 Paulus
991 5504 1184 5560 admonitione
1197 5504 1379 5575 redarguant,
1389 5508 1417 5559 et
1431 5504 1454 5559 si
1469 5506 1711 5579 contempserintl

122 5594 262 5664 apostolus
279 5595 376 5652 dicens
388 5596 424 5652 ad
439 5597 621 5654 Timotheum
638 5614 645 5653 ε
663 5619 677 5648 ι(
693 5598 810 5655 lntende
828 5599 941 5654 lectioni
990 5598 1061 5667 dari,
1078 5613 1179 5653 eorum
1193 5597 1376 5653 insolentiam
1389 5598 1464 5670 regis
1486 5599 1603 5655 auribus
1618 5599 1711 5657 intimi

123 5689 151 5738 et
174 5686 363 5745 exhortationi
378 5688 403 5759 (l
423 5692 492 5746 itm.
509 5707 547 5760 iv,
563 5691 616 5763 la).
631 5712 645 5741 r
670 5692 804 5748 Doctores
829 5707 942 5764 semper
989 5708 1060 5764 quos
1074 5690 1258 5746 sacerdotalis
1270 5691 1427 5747 admonitio
1440 5709 1498 5747 non
1514 5692 1604 5748 flectit
1618 5677 1711 5766 adjus

124 5792 240 5836 manere
255 5778 285 5836 in
297 5781 342 5840 bis
355 5782 495 5843 sesciant.
508 5772 599 5860 igitur
610 5785 770 5844 sacerdotes
782 5784 941 5871 §cripturas
989 5785 1094 5858 regalis
1115 5787 1240 5857 potestas
1264 5785 1300 5847 ab
1324 5784 1507 5859 improbitate
1533 5791 1673 5846 coerceat.
1694 5786 1711 5847 S
