3870 6150
579 268 815 326 promittuut
833 269 1026 325 cottsscuo.
1482 309 1485 314 -
1597 273 1651 329 'ittss

103 375 135 428 la
155 372 193 428 ad
212 373 424 431 Narbonensem
447 375 615 447 episcopum
637 377 783 432 continent
792 377 902 461 Allata
925 393 963 433 ιιι
979 377 1098 434 Kalend.
1126 379 1246 452 Augusti
1268 379 1358 435 Felice
1379 381 1409 435 et
1430 381 1521 435 Tauro
1545 393 1648 436 consu-

124 482 179 521 nec
192 467 371 538 usurpationi
393 468 471 524 iocus
489 470 575 524 alicui
595 471 733 526 sacerdoti
752 471 782 526 in
832 470 915 527 libus.

111 560 283 664 ⁰⁰¹¹⁰⁰d³¹¹¹f
313 560 459 664 injuriam.
491 562 534 618 Sit
561 564 702 619 ⁰⁰¹¹⁰0⁸⁵i³
729 564 781 619 tihi
867 588 991 658 Epistola
1005 589 1124 657 ejusdem
1139 591 1273 647 Coeicsttoi
1289 590 1327 644 ad
1338 591 1474 660 episcopos
1484 589 1593 660 Apuliae
1605 594 1631 645 ct

103 670 116 706 s
149 669 346 725 unusquisque
372 654 520 725 limitibus,
553 658 624 712 alter
647 657 677 712 in
709 658 781 712 alte·
1167 662 1310 719 colobia.

103 746 192 802 vincia
227 747 298 802 nihil
324 753 489 820 praesumat,
516 767 569 805 nec
601 751 728 806 emeritis
751 751 781 806 in
869 755 894 807 i.
908 751 991 816 Quod
1011 752 1081 808 nulli
1104 755 1283 810 sacerdotum
1305 754 1389 810 liceat
1413 769 1535 810 canones
1561 753 1647 827 igno·

103 839 171 895 ,esiis
198 841 343 912 peregrini
370 845 398 896 et
423 843 558 911 extranei,
585 849 615 899 et
640 845 689 916 qni
715 847 781 900 anta
831 862 906 901 rare.

103 936 168 989 sunt
177 934 213 989 ad
221 935 413 991 exclusionem
428 937 664 1008 eorumquibcno
674 938 710 993 da
720 955 781 993 suo
864 942 892 995 2.
916 940 997 1005 Quod
1018 957 1075 996 non
1095 944 1223 1012 oporteat
1243 941 1353 996 clericis
1374 941 1560 997 ecclesiarum
1578 956 1648 996 con·

103 1032 316 1083 immerenter
328 1029 489 1084 testimonio
512 1034 723 1102 preponantur,
744 1049 780 1087 ne
831 1034 947 1105 temptis
960 1033 997 1089 de
1009 1035 1088 1089 iaicis
1100 1036 1250 1107 episcopus
1264 1035 1406 1091 ordinare.

104 1120 228 1177 ceddam
239 1121 274 1177 de
288 1139 345 1194 quo
359 1123 485 1207 episcopi
497 1124 567 1178 liant
580 1124 709 1180 videatur
719 1141 780 1180 esse
866 1131 892 1185 s.
903 1128 983 1193 Quod
994 1128 1138 1184 docendus
1154 1129 1190 1183 sit
1199 1129 1321 1200 populus
1334 1144 1393 1183 non
1406 1129 1575 1199 sequendus.

103 1229 128 1269 ss·
866 1221 933 1277 Cio.
943 1224 964 1277 i.
978 1221 1150 1277 Cracusrmrs
1159 1221 1297 1278 universis
1305 1222 1444 1293 episcopis
1454 1238 1506 1293 per
1515 1222 1648 1293 Apuliam

103 1355 143 1408 [us
163 1354 258 1409 invitis
273 1354 358 1410 detur
370 1355 537 1426 episcopus:
558 1355 627 1410 Cleri
646 1356 738 1428 plebis
752 1361 780 1412 et
831 1317 860 1418 et
869 1314 1517 1371 Calabriamconstitutis.Nullisacerdotiliceat
1525 1331 1648 1370 canones

103 1463 248 1502 :onsensus
263 1453 291 1503 ct
313 1448 486 1504 desiderium
506 1450 680 1521 requiratur.
702 1451 779 1505 Tunc

103 1541 187 1597 altera
202 1542 324 1613 eligatur
336 1542 497 1612 ecclesiast
511 1542 546 1597 de
559 1543 678 1598 civitatis
690 1542 779 1614 ipsius

120 1639 163 1691 est
185 1636 332 1708 episcopus
352 1635 538 1706 ordinandus,
561 1637 658 1692 nulius
675 1637 779 1709 dignus

103 1728 176 1784 snire
189 1745 248 1784 non
264 1728 416 1799 credimus)
433 1731 560 1801 potuerit
574 1730 705 1802 reperiri.
718 1730 817 1831 Pri-B

103 1838 154 1877 um
180 1823 225 1927 ,¹.H¹
251 1822 423 1946 repmb‘ssfdl
458 1827 533 1890 Μ’
562 1828 595 1878 ut
628 1824 715 1895 ahqm
743 1822 779 1877 de
865 1876 896 1928 li.
910 1873 1074 1931 Audivimus
1093 1874 1232 1945 quasdam
1253 1875 1376 1946 propriis
1396 1876 1545 1930 destitutas
1558 1879 1648 1930 recto·

104 1915 212 1970 cciesns
227 1919 328 1970 niento
350 1916 547 1987 preferantur.
569 1917 676 1972 Habeat
689 1933 777 1972 unus-

103 2008 220 2063 mctum
234 2025 291 2063 sum
305 2009 452 2064 militiaein
465 2010 581 2065 ecclesia
591 2010 620 2064 in
631 2025 778 2082 quasnam
828 1967 906 2021 ribus
925 1967 1050 2022 civitates
1062 1968 1211 2039 episcopos
1226 1967 1278 2022 sibi
1298 1969 1370 2023 velle
1388 1973 1486 2039 petere
1502 1967 1537 2023 de
1557 1967 1647 2034 iaicis,

761 2102 766 2113 .
829 2064 1000 2132 tantumque
1025 2061 1172 2131 fastigium
1187 2065 1246 2116 tarn
1261 2062 1315 2117 vile
1331 2061 1459 2129 credere,
1483 2066 1513 2116 ut
1531 2060 1645 2116 bochis

103 2100 134 2156 u'a
159 2101 253 2155 officia
274 2103 412 2173 transegit
427 2106 550 2158 aetatem.
572 2106 604 2159 in
626 2103 716 2158 aliena
732 2107 780 2157 str-
870 2153 875 2164 ,
1261 2154 1286 2165 ..
1371 2155 1377 2166 .
1490 2154 1495 2164 .

103 2194 208 2250 stimme
235 2196 306 2250 aner
337 2195 467 2267 obrepat,
493 2212 545 2251 nec
571 2196 617 2251 alii
652 2196 778 2251 debitam
828 2156 1026 2224 qrnnonlleo,
1043 2155 1209 2210 sedsaeculo
1228 2157 1423 2224 militaverant,
1438 2158 1648 2210 aesumentnou

117 2289 219 2343 audeat
230 2289 378 2344 vendicare
403 2290 575 2344 mercedem.
604 2289 645 2345 Sit
661 2290 779 2344 facultas
829 2263 908 2318 p⁰⁵³⁰
932 2248 1071 2317 ⁰⁰¹¹f⁰m'
1093 2249 1255 2303 n⁰n⁵⁰lum
1269 2250 1342 2352 Ψ
1366 2248 1471 2303 demis
1496 2247 1648 2303 emmim

103 2381 242 2437 renitendi
267 2383 291 2436 si
326 2399 355 2437 se
391 2381 512 2437 viderint
542 2383 723 2454 praegravari'
751 2386 780 2438 et
829 2357 951 2413 quorum
963 2346 1160 2412 contemptum
1173 2341 1228 2396 hoc
1239 2341 1533 2413 faciuntjudicantes,
1550 2343 1600 2397 sed
1613 2342 1648 2397 de

104 2473 197 2546 ingeri
206 2491 240 2529 ex
250 2478 407 2530 transverso
416 2476 649 2547 agnoverintnon
658 2477 780 2532 timeant
828 2433 911 2537 n,⁰hi⁵
933 2434 1064 2505 pemme’
1081 2450 1153 2506 (³⁰⁰⁸
1166 2435 1286 2490 eredunt
1300 2436 1353 2490 ¹¹⁰⁰
1370 2452 1453 2507 1³⁰⁸oe
1468 2436 1560 2490 facere
1581 2451 1647 2490 κη’

112 2568 161 2640 qui
178 2568 198 2622 si
211 2585 268 2623 non
285 2568 413 2623 debitum
430 2569 580 2641 praemium
600 2571 641 2625 vel
656 2570 777 2625 liberum
829 2530 941 2582 tientes.
949 2526 1030 2592 Quod
1040 2544 1188 2599 nunquam
1196 2528 1344 2597 auderent,
1353 2546 1375 2582 ει
1383 2545 1443 2584 ιιοιι
1454 2527 1648 2600 quorumdam

103 2678 124 2716 ‚s
143 2663 192 2733 qui
218 2667 345 2717 rectnms
367 2667 409 2717 est
437 2662 541 2718 debent
568 2663 676 2719 bahem
697 2664 777 2735 judi.
828 2620 933 2676 illicitis
946 2621 1127 2675 consentiens
1142 2623 1284 2677 sententio
1303 2622 1499 2693 conjungeret.
1519 2623 1561 2676 ita
1576 2622 1649 2678 nihii

829 2729 892 2784 qurc
905 2712 1082 2785 frequentius
1090 2715 1273 2770 suntdecreta
1287 2715 1448 2787 proliciunt,
1459 2715 1552 2770 uthoc
1566 2715 1648 2787 quasi

829 1502 936 1571 regulis
959 1501 1084 1558 obviare.
1108 1503 1177 1567 Quae
1192 1502 1270 1557 enim
1293 1501 1406 1557 anobis
1427 1518 1473 1556 res
1486 1501 1575 1573 digna
1599 1517 1646 1556 re·

829 1594 994 1663 servabitur,
1019 1597 1042 1650 si
1076 1595 1262 1651 decretalium
1294 1612 1398 1651 norma
1424 1596 1646 1650 constitutorum

829 1705 880 1759 pro
893 1688 1054 1760 aliquorum
1065 1689 1150 1744 libitu
1164 1689 1277 1743 licentia
1289 1689 1404 1761 populis
1416 1690 1556 1762 permissa
1567 1689 1646 1744 frau-

829 1786 922 1853 gatur.

829 2823 979 2878 nunquam
998 2806 1104 2862 dehac
1124 2813 1204 2878 parte
1223 2808 1360 2879 scriptum
1381 2808 1646 2880 fuerit-ignoretur.

103 2899 235 2955 itineatur
257 2899 344 2954 etiam
358 2899 393 2953 ab
415 2900 519 2955 illicitis
539 2900 776 2956 ordinationibus.
827 2899 901 2965 Quid
921 2899 1049 2972 proderit
1063 2917 1115 2972 per
1139 2900 1253 2972 singula
1268 2901 1385 2956 ciericos
1410 2901 1553 2973 stipendia
1571 2902 1648 2956 mili·

103 3009 113 3047 ι
138 2992 227 3058 laicis,
250 2993 345 3047 nnllus
367 2992 508 3064 digamus,
542 2995 638 3049 nullus
666 2995 716 3065 qui
743 2995 779 3049 sit
827 2997 912 3063 tasse,
928 2998 957 3048 et
968 3008 1087 3048 omnem
1102 2994 1232 3065 egissein
1244 2994 1398 3050 Dominicis
1412 2995 1510 3049 castris
1524 2998 1647 3062 aetatem,

103 3085 186 3141 aritirs
199 3089 247 3139 ant
261 3086 346 3140 fuerit
360 3088 516 3154 ordinetur,
530 3088 579 3141 sed
592 3089 775 3159 irreprehen-
827 3086 850 3140 si
865 3087 896 3140 hi
909 3087 959 3158 qui
972 3087 1120 3157 praefuturi
1134 3091 1200 3142 sunt
1225 3105 1261 3143 ex
1281 3088 1360 3143 laicis
1383 3088 1577 3159 requirantur.
1595 3089 1648 3154 Qui

117 3180 231 3251 qualem
247 3179 334 3249 elegit
358 3181 499 3251 apostolus
523 3181 582 3235 liat.
598 3183 649 3236 Pcr
663 3182 776 3252 Moysen
827 3185 959 3235 vacantes
972 3181 1076 3236 sarculo
1095 3186 1124 3235 et
1141 3197 1257 3236 omnem
1275 3181 1495 3237 ecclesiasticum
1517 3183 1648 3237 ordinem

120 3272 274 3343 precepit:
303 3273 474 3343 «Virginem
497 3274 616 3344 accipiat
645 3275 778 3329 sacerdos
828 3273 997 3342 nescientes,
1016 3274 1089 3328 saltu
1102 3275 1218 3345 proprio
1235 3275 1264 3328 in
1281 3275 1405 3330 alienum
1430 3275 1572 3331 honorem
1590 3292 1649 3331 am·

106 3367 198 3435 (lectt.
221 3368 344 3433 xr1,l3).
371 3387 385 3415 o
414 3367 604 3438 Subsequitur
619 3371 647 3421 et
666 3369 779 3439 supplet
827 3366 910 3421 biunt
932 3367 1121 3422 immoderata
1145 3367 1298 3438 cupiditate
1325 3368 1535 3435 transcendere,
1564 3373 1593 3424 et
1616 3370 1646 3423 in

103 3476 111 3512 s
136 3459 236 3514 eodem
261 3461 369 3514 locutus
399 3459 511 3531 spiritu,
538 3481 552 3507 α
574 3461 657 3514 unius
682 3461 778 3516 uxoris
826 3459 905 3514 aliud
931 3460 995 3514 vitas
1020 3475 1121 3530 genus,
1142 3461 1248 3515 calcata
1272 3460 1430 3515 reverentia
1451 3460 1648 3516 ecclesiastica

103 3553 230 3624 iscopum
242 3553 347 3607 debere
361 3554 520 3608 consecrari
532 3553 557 3623 <i
569 3556 636 3608 Tim.
653 3570 693 3620 111,
707 3556 745 3617 ii.
762 3574 776 3606 ι)
827 3552 994 3624 disciplinae,
1018 3552 1150 3608 transire.
1175 3553 1287 3608 Talibus
1301 3552 1405 3624 itaque,
1423 3553 1527 3608 fratres
1541 3554 1646 3609 charis·

104 3662 172 3717 ergo
188 3646 332 3717 eligantur
353 3647 508 3701 formulam
529 3648 699 3716 sacerdotes,
715 3651 744 3702 et
755 3648 778 3702 si
827 3646 901 3712 simi,
918 3645 968 3717 qui
987 3645 1059 3716 juris
1073 3646 1173 3715 nostri,
1189 3645 1274 3701 idest
1289 3661 1432 3701 canonum
1452 3647 1647 3717 gubernacula

103 3757 121 3795 e
138 3744 205 3794 sunt
218 3739 410 3795 ordinationes
426 3741 535 3805 illicite,
555 3747 776 3796 removeantur:
827 3740 1009 3808 custodimus,
1031 3755 1145 3795 necesse
1160 3742 1202 3795 est
1220 3739 1384 3805 obviemus;
1404 3740 1505 3812 hisque
1517 3740 1649 3796 fraterni·

132 3837 205 3888 stare
230 3850 288 3887 non
327 3837 456 3904 possunt,
496 3850 546 3888 nec
571 3834 776 3889 discussionem
827 3832 1647 3906 tatemrestramepistoliscommonemus,nequisiaicum

111 3927 309 3997 subterfugere
334 3930 476 3997 poterunt,
502 3928 629 3997 quamvis
646 3928 734 3983 latere
747 3945 777 3984 se
827 3926 864 3981 ad
880 3926 1010 3983 ordinem
1029 3926 1177 3982 clericatus
1190 3926 1332 3995 admittat,
1349 3931 1376 3982 et
1391 3927 1464 3982 sinat
1481 3926 1554 3996 fieri,
1570 3925 1647 3981 unde

117 4021 166 4091 qui
180 4020 275 4073 taliter
292 4023 503 4090 pervenerunt3
517 4026 546 4076 et
560 4027 590 4075 ut
607 4022 688 4076 nulia
709 4023 776 4076 reii-
827 4025 856 4076 et
868 4021 949 4075 illum
963 4019 1084 4091 decipiat
1096 4023 1126 4075 ct
1138 4019 1192 4074 sibi
1205 4036 1304 4075 causas
1320 4026 1449 4092 generet,
1466 4020 1571 4093 quibus
1581 4035 1646 4075 reus

103 4114 235 4168 trerentia
261 4113 432 4168 obscuritate
450 4114 571 4182 fucetur,
585 4131 642 4170 non
657 4116 693 4172 sit
707 4133 778 4171 vana
827 4112 985 4169 constitutis
993 4113 1185 4170 decretalibus
1197 4113 1256 4168 fiat.

103 4207 462 4278 iopaiiiatis‚episcopaicm
476 4209 777 4282 moremquiepiscopi
862 4209 904 4263 ili.
921 4207 1121 4264 iiocendusest
1139 4208 1262 4278 populus
1274 4224 1333 4263 non
1347 4207 1517 4280 sequendus.
1535 4208 1646 4280 Nosque

104 4303 218 4354 uantur.
250 4299 357 4365 Daniel,
380 4305 412 4354 ut
435 4299 567 4368 diximus,
591 4301 640 4371 qui
664 4318 778 4356 accusa·
827 4301 850 4356 si
862 4302 995 4358 nesciunt
1008 4317 1067 4370 eos,
1083 4301 1152 4373 quid
1163 4301 1257 4368 liceat,
1274 4301 1378 4373 quidve
1395 4317 1454 4357 non
1467 4302 1549 4357 liceat
1565 4318 1645 4358 com·

103 4393 245 4448 ›ontificali
266 4393 376 4446 honore
398 4393 594 4463 subterfugere
617 4410 646 4450 se
658 4395 778 4450 credidit
826 4410 954 4463 monere,
983 4411 1044 4451 non
1072 4394 1116 4449 his
1143 4411 1314 4451 consensum
1341 4395 1470 4466 praebere
1496 4395 1644 4451 debemus.

103 4486 168 4542 tad
194 4486 338 4557 fastigium
368 4491 477 4541 tantum
504 4491 678 4543 accusatores
712 4488 956 4564 suosDQuisqnis
980 4504 1047 4543 vero
1080 4492 1198 4543 conatus
1239 4489 1326 4543 fuerit
1352 4493 1463 4543 tentare
1492 4488 1645 4559 prohibita,

103 4580 231 4648 terrebit,
247 4596 263 4632 a
280 4580 437 4635 sanctitatis
450 4585 550 4636 vestrm
571 4586 643 4637 coetu
662 4582 778 4638 interim
828 4581 932 4636 sentiat
952 4596 1102 4636 censuram
1125 4581 1286 4652 apostolice
1301 4580 1378 4636 Sedis
1396 4580 1515 4635 minime
1533 4580 1646 4635 defutu-

103 4676 273 4745 egregatum
297 4672 347 4743 qui
373 4690 403 4726 se
431 4680 528 4729 nostro
556 4675 664 4745 judicio
693 4675 779 4732 debet
827 4690 900 4729 ram.
925 4675 993 4739 011oe
1005 4673 1084 4729 anim
1109 4673 1171 4728 sola
1183 4673 1383 4728 admonitionis
1409 4673 1574 4728 auctoritate
1587 4691 1645 4730 non

109 4767 133 4820 si
153 4766 335 4821 conscientiae
357 4783 414 4821 suae
437 4768 517 4822 novit
539 4768 677 4823 fiduciam
702 4770 777 4824 obti·
828 4767 1007 4839 corrigimus,
1022 4782 1136 4822 neccsse
1157 4769 1199 4820 est
1219 4782 1272 4837 per
1291 4767 1472 4821 severitatem
1486 4783 1646 4839 congruen-

103 4859 230 4914 tsiliensis
244 4876 310 4914 vero
325 4860 450 4915 ecclesiae
468 4862 598 4916 sacerdos
612 4863 661 4933 qui
675 4862 780 4918 dicitur
827 4865 886 4916 tem
900 4861 1007 4932 regulis
1018 4860 1202 4915 vindicemus.
1220 4860 1274 4915 Per
1286 4862 1359 4915 totas
1366 4876 1434 4931 ergo
1446 4860 1501 4916 hoc
1509 4877 1573 4933 quae
1582 4878 1647 4933 pro-

103 4958 152 5009 ctu
174 4953 254 5007 nefas
287 4954 338 5023 est)
369 4954 399 5008 in
433 4970 533 5010 necem
561 4955 656 5009 fratris
683 4956 779 5011 taliter
828 4955 897 5027 priis
910 4953 1069 5009 rectoribus
1081 4955 1181 5008 carent
1194 4953 1327 5008 ecclesias
1335 4954 1465 5008 volumus
1475 4955 1645 5022 innotescat,

104 5064 127 5115 s,
152 5049 184 5101 ut
198 5047 265 5101 huic
289 5047 337 5118 qui
360 5047 421 5117 ejus
450 5048 589 5119 sanguine
616 5052 779 5104 cruentatus
829 5053 859 5104 ut
873 5047 969 5103 nullus
983 5047 1038 5103 sibi
1060 5062 1109 5119 spe
1122 5046 1217 5118 aliqua
1237 5046 1356 5103 forsitan
1375 5046 1519 5104 blanditus
1534 5048 1645 5104 illudat.

103 5144 112 5195 t
129 5141 293 5212 portionem
314 5157 378 5195 cum
393 5141 494 5196 codem
511 5142 662 5197 habiturus
680 5158 777 5197 occur·
828 5142 896 5196 Data
908 5157 944 5198 ru
959 5140 1075 5197 Kalend.
1091 5141 1222 5212 Augusti,
1239 5141 1383 5197 Florentio
1398 5144 1427 5196 et
1441 5142 1567 5197 ilionisio
1580 5158 1647 5197 con·

103 5236 189 5290 restro
202 5250 268 5289 eum
281 5234 454 5289 audiendum
468 5235 587 5306 collegio
599 5235 777 5306 delegamus.
828 5233 946 5290 sulibus.

296 5472 584 5567 INCIPIUNT
629 5473 892 5566 uectari
937 5472 1087 5565 SIXTi
1131 5472 1315 5564 PAPAE.

105 5611 253 5685 episcopus
274 5613 406 5668 omnibus
425 5614 610 5670 orientalibus
632 5613 773 5687 episcopis
822 5613 967 5668 bulatione
988 5615 1017 5666 et
1038 5611 1232 5683 persecutione
1257 5615 1354 5666 nostra
1374 5625 1423 5665 vos
1441 5607 1554 5663 visitare
1567 5607 1646 5663 misi-

102 5706 265 5761 osalutem.
821 5705 880 5775 stis,
905 5709 934 5761 et
953 5721 1045 5761 causae
1064 5710 1169 5761 uostrae
1190 5704 1278 5759 tinem
1296 5703 1405 5759 bonum
1426 5701 1510 5770 scire,
1537 5705 1567 5758 et
1582 5718 1644 5758 essa

112 5802 212 5856 vestre
232 5800 383 5859 referimus
403 5800 553 5871 sanctitati,
572 5801 648 5874 qnod
669 5801 699 5856 in
715 5801 768 5857 tri·
819 5799 948 5877 optastis,
963 5798 1154 5877 precibusque
1166 5793 1656 5858 ueumcmrssusutmmimtu-

830 1424 973 1479 ignorare,
986 1424 1039 1464 nec
1053 1408 1332 1480 quemquamiacere
1344 1408 1423 1480 qrrod
1432 1410 1547 1463 Patrum
1560 1408 1648 1479 possit
1749 1440 1752 1445 -
