3870 6150
64 216 122 272 ast
681 212 917 273 hauseramus
937 214 1130 271 evictacrtu.
1698 222 1750 276 958

65 323 224 380 hilomiuus
236 323 372 379 inerrare
385 322 565 396 persisteret;
579 323 628 380 ubi
644 324 743 396 utique
757 342 814 379 nou
826 329 884 379 tam
895 328 993 408 Aster
1005 327 1033 378 et
1047 322 1191 378 hirenaeus
1204 321 1257 378 viri
1269 321 1431 379 consulares
1445 325 1531 395 atque
1544 339 1644 380 eorum
1658 328 1750 382 comi-

64 434 83 472 a
100 417 184 472 nobis
196 416 284 488 recipi
300 416 453 486 videretur,
470 435 555 489 quam
578 434 629 473 uos
651 418 745 489 potius
758 418 788 471 in
802 434 882 473 suam
935 422 976 471 tes
996 415 1107 486 publica
1122 416 1273 487 legatione,
1288 417 1439 488 fungentes
1454 417 1490 472 ad
1507 417 1613 473 Urbem
1631 420 1750 489 reversi,

64 511 216 566 traducere
230 511 410 581 pravitatem.
422 511 514 576 Quem
526 517 636 566 reatum
648 528 677 566 se
690 510 884 566 confessurum
934 509 1119 564 clementiam
1132 513 1256 565 vestram
1270 511 1404 583 quaesisse
1428 510 1572 578 dicuntur,
1589 527 1640 566 cur
1651 513 1687 568 ad
1701 529 1752 569 vos

64 605 190 658 asseruit
202 610 268 659 ante
284 605 451 659 certamen?
464 605 492 659 Si
505 611 601 658 reatus
612 607 663 674 est,
677 605 776 676 utique
796 603 884 659 corri-
934 619 1007 657 meae
1015 601 1193 657 salutationis
1200 603 1306 675 scripta
1312 604 1582 659 neumiserim.Nou
1593 606 1752 663 meofateor

64 697 191 767 piandus
206 701 256 751 est.
277 697 305 752 Si
325 696 527 768 corrigendum
545 715 603 752 non
623 702 732 768 putant,
745 697 886 752 fallaciter
935 695 1075 749 instituto.
1102 696 1157 751 Sed
1185 712 1252 751 eum
1282 696 1382 752 directi
1418 697 1527 752 dudum
1561 698 1597 753 de
1624 699 1751 769 partibus

64 805 96 844 se
109 796 222 845 reatum
245 791 397 861 perhibent
416 790 559 861 protiteri;
576 790 630 845 nisi
644 790 721 862 quod
735 793 779 845 est
790 790 883 845 inteli-
934 788 1057 843 Orientis
1071 789 1113 843 vel
1128 788 1241 844 videndi
1260 805 1306 844 me
1328 789 1473 845 licentiam
1495 790 1548 845 sibi
1561 793 1661 848 vestris
1676 809 1749 864 pree·

63 884 136 950 eins,
153 899 219 937 eum
233 886 262 937 et
277 883 401 938 latentur
414 888 537 953 reatum,
551 890 579 939 et
592 899 650 938 vion
663 884 807 938 aestimant
819 899 883 939 cor·
934 881 1110 953 captionibus
1125 881 1310 953 abnegatam,
1321 885 1381 937 tota
1394 883 1467 938 Urbe
1480 883 1690 956 disperserinta
1703 887 1749 943 lit-

64 975 232 1047 rigendum.
249 977 319 1031 lllud
333 993 445 1048 quoque
458 993 505 1031 me
522 976 614 1031 videre
628 976 721 1043 libuit,
734 977 811 1048 quod
823 977 882 1030 ait:
934 974 1001 1043 teris
1013 975 1119 1030 credidi
1128 975 1352 1046 temperandum
1364 992 1399 1030 ne
1413 992 1548 1032 onerosus
1560 978 1750 1051 potiusquam

63 1069 94 1123 Si
118 1084 237 1123 neeesse
260 1069 346 1123 luerit
367 1070 479 1125 veniam
501 1070 654 1140 postulare,
671 1075 699 1124 et
721 1069 884 1125 existimans
934 1067 1076 1122 officiosus
1090 1068 1251 1123 existerem.
1271 1068 1378 1124 Videtis
1397 1069 1486 1142 igitur
1508 1088 1565 1126 non
1587 1088 1653 1127 mea
1668 1073 1749 1128 dissi·

65 1162 205 1216 nimimm
225 1169 293 1217 tunc
308 1180 337 1217 se
353 1163 461 1234 peccati
477 1162 588 1218 veniam
610 1164 768 1218 necessario
784 1167 882 1235 postu·
933 1161 1090 1216 mutatione
1112 1163 1285 1233 provenisse,
1301 1162 1352 1216 sed
1372 1164 1561 1234 competentis
1583 1164 1669 1220 tuisse
1684 1183 1750 1221 cau-

62 1254 138 1321 lare,
162 1255 186 1309 si
211 1256 237 1310 ei
256 1257 447 1311 concedamus
468 1274 505 1311 nc
533 1273 652 1329 peceare
677 1257 802 1324 desistat,
825 1257 883 1311 imo
933 1255 1006 1321 teloe,
1022 1271 1058 1309 ne
1072 1254 1268 1326 respuentibus
1282 1255 1385 1310 animis
1400 1256 1563 1312 molestiam
1577 1258 1749 1330 irrogarem.
1798 1311 1806 1327 ,

63 1349 153 1404 etiam
167 1349 252 1420 (quod
271 1349 352 1418 absit)
369 1355 444 1404 certe
463 1366 528 1404 cum
550 1350 653 1405 eodem
672 1351 884 1406 consentiamus
934 1346 990 1402 Sed
1008 1347 1057 1402 ubi
1072 1347 1231 1402 serenitatis
1245 1352 1301 1403 tuce
1313 1348 1512 1405 benevolentia
1523 1350 1661 1423 comperi,
1674 1368 1748 1423 prae-

63 1458 240 1513 nosquoque
249 1458 378 1512 peccare.
387 1443 486 1499 Nesoio
494 1445 570 1498 inter
577 1460 641 1514 quae
650 1443 748 1499 mundi
756 1443 884 1515 prodigia
934 1440 999 1495 fetis
1012 1440 1212 1504 indicantibus.
1228 1441 1398 1496 humilitatis
1411 1458 1483 1496 meae
1498 1444 1655 1499 clementer
1667 1460 1750 1516 expe·

61 1535 127 1590 hec
142 1551 197 1590 vox
212 1535 300 1606 possit
320 1535 443 1591 admitti.
460 1536 574 1591 Remitti
594 1537 678 1607 culpa
690 1535 725 1592 de
738 1536 883 1607 praeterito
932 1533 1000 1588 tissa
1020 1550 1184 1589 sermonem
1196 1534 1259 1605 jam
1272 1550 1372 1590 revera
1386 1536 1527 1607 perpendi
1547 1536 1749 1609 imputandum

62 1633 160 1699 potest
172 1629 347 1691 correctione
371 1629 431 1684 sine
452 1629 539 1684 dubio
556 1629 757 1700 subsequente.
774 1629 845 1684 Nam
860 1629 883 1684 si
933 1642 990 1681 non
1003 1626 1146 1681 immerito
1161 1627 1233 1682 mihi
1245 1627 1269 1681 si
1283 1632 1416 1697 tacerem,
1428 1628 1506 1700 quia,
1519 1629 1643 1701 gloriose
1658 1630 1709 1699 uli,
1720 1636 1749 1688 te

63 1720 202 1792 deinceps
215 1722 318 1776 sinitur
331 1737 464 1776 mansura
477 1723 654 1793 perversitas,
670 1738 729 1776 uon
744 1726 786 1777 est
799 1722 881 1777 beni·
892 1705 921 1778 Β
933 1719 1006 1775 sicut
1019 1720 1116 1774 Romae
1130 1726 1213 1775 natus
1228 1721 1390 1776 Romanum
1406 1721 1575 1794 principem,
1590 1740 1665 1793 amo,
1674 1725 1747 1793 colo,

64 1814 162 1885 gnitas
182 1814 363 1882 remittentis,
378 1815 425 1869 sed
445 1815 650 1871 consentientis
671 1815 805 1870 assensio.
821 1815 882 1871 Non
932 1812 1064 1885 suscipio,
1081 1816 1110 1868 et
1124 1813 1197 1868 sicut
1210 1813 1387 1870 Christianus
1400 1830 1465 1869 cum
1480 1831 1514 1870 co
1528 1815 1577 1887 qui
1590 1816 1683 1872 celum
1698 1818 1747 1873 Dei

63 1906 172 1962 mirum
186 1907 209 1962 si
218 1907 264 1962 isti
274 1908 372 1962 sedem
382 1908 459 1962 beati
468 1908 543 1963 Petri
556 1908 676 1978 apostoli
684 1908 882 1980 blasphemare
931 1905 1027 1975 hahet,
1049 1906 1203 1962 secuudum
1228 1906 1376 1962 scientiam
1400 1907 1526 1962 veritatis
1548 1906 1652 1964 habere
1672 1909 1748 1965 desi·

61 2004 251 2071 praesumunt,
263 2001 313 2072 qui
326 2001 396 2056 talia
407 2007 537 2072 portenta
549 2003 593 2057 vel
607 2001 693 2057 corde
709 2005 824 2074 gerunt,
838 2003 882 2057 vel
931 1999 1010 2066 dero,
1036 2004 1064 2055 et
1089 2000 1292 2071 qualiscunque
1322 2001 1487 2072 apostolicae
1520 2000 1595 2057 sedis
1617 2001 1747 2073 vicarius,

60 2109 114 2148 ore
132 2093 307 2159 diffundunt,
323 2096 353 2148 et
373 2111 426 2150 uos
446 2094 563 2167 insuper
580 2094 717 2166 superbos
735 2111 796 2150 esse
814 2112 881 2168 pro·
931 2093 1120 2164 quodcunque
1129 2094 1220 2163 plenae
1230 2092 1297 2148 fidei
1311 2094 1454 2149 catholicae
1464 2094 1562 2150 deesse
1570 2112 1745 2168 comperero,

60 2185 209 2254 nuntiant,
218 2203 283 2241 cum
292 2187 332 2241 eis
342 2187 438 2259 prima
452 2188 542 2255 sedes,
552 2188 693 2259 quidquid
705 2191 748 2242 est
758 2188 880 2259 pletatis,
930 2201 1055 2258 promea
1068 2185 1184 2240 modulo
1195 2186 1424 2258 suggestionibus
1432 2175 1601 2258 opportunis
1614 2190 1746 2261 supplere

60 2295 124 2334 non
141 2279 256 2335 desistat
269 2279 381 2346 offerre,
398 2280 441 2335 illi
460 2297 524 2335 eam
545 2281 604 2352 ipso
624 2285 757 2351 protervo
780 2280 882 2352 spiritu
931 2277 1080 2333 contendo.
1095 2277 1271 2351 Dispensatio
1285 2279 1391 2334 etenim
1412 2279 1484 2336 mihi
1503 2280 1591 2336 divini
1608 2283 1748 2337 sermonis

61 2372 219 2444 subjugare
243 2390 326 2444 posse
349 2373 505 2428 corrfidant.
529 2373 586 2429 Sed
605 2379 702 2444 captos
720 2379 816 2429 mente
838 2376 879 2430 la·
931 2371 1058 2443 injuncta
1073 2388 1080 2425 ι
1095 2373 1141 2426 Vae
1156 2372 1229 2426 mihi
1242 2376 1294 2439 est,
1309 2373 1332 2426 si
1345 2389 1403 2427 non
1416 2373 1653 2445 evangelizavero.
1665 2375 1746 2439 Quod

61 2481 130 2520 cere
145 2465 195 2519 ista
212 2482 270 2521 non
285 2466 389 2520 mirum
404 2470 456 2520 est.
473 2465 500 2521 Si
514 2465 672 2537 phrenetici
685 2467 776 2522 solent
790 2467 880 2523 medi·
932 2480 995 2519 cum
1005 2481 1052 2546 vas
1062 2464 1206 2520 electionis
1218 2465 1318 2520 beatus
1331 2466 1433 2522 Paulus
1447 2468 1589 2537 apostolus
1601 2467 1745 2539 fonnidet,

60 2563 162 2612 cantes
175 2574 287 2630 quoque
297 2559 375 2614 velut
383 2559 479 2614 hostes
488 2561 638 2630 putarevel
649 2559 768 2614 cedere.
780 2561 881 2624 Quaero
930 2558 1045 2625 clamet,
1059 2558 1149 2613 multo
1168 2558 1259 2630 magis
1281 2557 1354 2614 mihi
1373 2559 1477 2631 exiguo
1499 2561 1688 2615 metuendum
1702 2565 1746 2617 est

58 2656 164 2706 tamen
175 2651 315 2722 judicium
335 2652 371 2707 ab
390 2652 433 2707 his
453 2653 528 2723 quod
541 2652 733 2723 praetendunt,
746 2652 795 2706 ubi
810 2668 880 2707 nam
930 2651 954 2705 si
966 2650 1100 2705 divinitus
1112 2651 1291 2721 inspiratum,
1306 2658 1334 2707 el
1351 2658 1470 2723 paterna
1487 2653 1638 2708 devotione
1653 2659 1743 2709 trans·

58 2744 154 2815 possit
168 2744 270 2814 agitari
287 2761 294 2799 ε
312 2762 348 2799 an
362 2745 439 2817 apud
455 2745 531 2817 ipsos
550 2750 580 2800 ut
592 2745 681 2799 iidem
703 2745 759 2800 sint
771 2745 880 2799 inimici
929 2743 1048 2798 missum
1062 2744 1230 2798 subtraxero
1245 2744 1434 2799 ministerium
1451 2745 1635 2815 praedicandi.
1652 2747 1744 2802 Pieta-

59 2840 92 2890 et
106 2840 196 2891 testes
214 2841 243 2891 et
260 2837 394 2907 judices?
416 2837 472 2893 Sed
494 2837 543 2892 tali
560 2838 668 2909 judicio
689 2855 741 2893 nec
755 2839 880 2892 humana
930 2839 988 2891 tem
1011 2843 1089 2892 tuam
1112 2853 1224 2908 precor,
1239 2853 1274 2892 ne
1297 2838 1492 2909 arrogantiam
1510 2837 1622 2908 judices
1643 2838 1745 2894 divinae

59 2928 174 2984 debent
186 2930 329 2985 committi
345 2930 469 3002 negotia,
483 2931 590 2986 nedum
605 2931 707 2985 divinae
719 2932 791 3003 legis
805 2932 878 2986 inte·
929 2929 1050 2985 rationis
1062 2929 1198 2985 otllcium.
1212 2930 1300 2997 Absit,
1316 2946 1421 3001 quaeso,
1434 2948 1451 2986 a
1463 2932 1592 2987 Romano
1605 2930 1744 3004 principe,

60 3022 164 3093 gritas.
179 3023 207 3078 Si
221 3027 360 3095 quantum
378 3023 415 3078 ad
427 3023 596 3095 religionem
608 3024 740 3095 pertinet,
754 3040 809 3078 non
826 3023 880 3078 nisi
929 3025 962 3076 ut
975 3022 1135 3078 intimatam
1154 3022 1211 3076 suis
1232 3023 1344 3077 sedibus
1365 3023 1511 3079 veritatem
1535 3023 1688 3079 arbitretur
1701 3025 1744 3080 in-

60 3116 228 3188 apostolicae
244 3116 303 3172 sedi
313 3117 396 3187 juxta
410 3132 534 3172 canones
549 3116 669 3171 debetur
681 3132 794 3171 summa
804 3067 917 3189 judi·C
925 3114 1045 3185 juriam.

59 3208 99 3262 cii
124 3208 222 3264 totius.
244 3209 271 3264 Si
298 3214 437 3282 quantum
462 3209 497 3265 ad
521 3209 614 3264 saculi
636 3212 806 3281 potestatem
833 3209 878 3264 ille
965 3208 1023 3262 [luo
1036 3207 1143 3278 quippe
1158 3210 1234 3275 sunt,
1244 3209 1400 3279 imperator
1410 3211 1745 3283 Avtguste,quibusprin·

59 3317 79 3355 a
91 3300 285 3372 pontificibus,
293 3307 322 3357 et
330 3303 474 3374 praecipue
487 3303 589 3357 abeati
599 3302 673 3358 Petri
682 3303 785 3358 vicario
795 3302 880 3358 debet
929 3300 1057 3371 cipaliter
1073 3301 1198 3355 mundus
1210 3301 1256 3355 hic
1269 3301 1390 3372 regitur,
1401 3302 1553 3359 auctoritas
1562 3320 1643 3359 sacra
1653 3306 1745 3377 ponti-

60 3409 237 3465 coguoscere
252 3411 317 3467 quae
330 3394 426 3450 divina
440 3402 516 3464 sunt,
531 3412 589 3450 non
603 3398 695 3467 potest
705 3395 764 3466 ipse
779 3395 879 3450 eadem
929 3395 1025 3462 licum,
1041 3397 1070 3448 et
1086 3394 1190 3465 regalis
1212 3396 1345 3465 potestas.
1362 3396 1390 3448 ln
1405 3394 1508 3466 quibus
1532 3400 1611 3452 tanto
1630 3397 1747 3468 gravius

55 3487 204 3559 judicare,
218 3504 272 3542 nec
282 3487 335 3543 sibi
351 3489 405 3543 hoc
420 3488 571 3560 quisquam
594 3488 808 3561 potentissimus
826 3505 877 3543 sce·
929 3490 972 3542 est
991 3487 1104 3559 pondus
1117 3486 1306 3557 sacerdotum,
1322 3491 1430 3558 quanto
1446 3487 1531 3544 etiam
1551 3506 1603 3561 pro
1617 3489 1685 3562 ipsis
1698 3507 1743 3547 re-

58 3581 132 3648 culi,
144 3581 192 3652 qui
202 3584 299 3636 tamen
311 3582 485 3637 Christianus
497 3586 548 3649 est,
557 3582 698 3637 vindicare
710 3586 878 3652 praesumat,
930 3580 1013 3653 gibus
1023 3580 1169 3636 hominem
1183 3580 1212 3634 in
1224 3580 1320 3636 divino
1331 3580 1471 3635 reddituri
1485 3586 1551 3636 sunt
1560 3584 1691 3641 examine
1703 3602 1745 3640 ra-

59 3674 118 3730 nisi
127 3674 298 3745 religionem
306 3675 422 3730 lorsitan
434 3680 644 3747 persequentes.
653 3674 725 3739 Quid
736 3681 830 3730 tamen
840 3674 879 3729 di·
929 3673 1049 3729 tionem.
1064 3673 1142 3728 Nosti
1156 3673 1273 3742 etenim,
1289 3672 1329 3727 lili
1344 3674 1574 3744 clementissime,
1587 3677 1664 3749 quod
1679 3677 1745 3733 licet

59 3771 173 3836 cerent,
187 3767 210 3822 si
222 3784 281 3823 non
295 3769 400 3824 chartis
416 3769 474 3823 suis
488 3769 517 3823 in
533 3769 665 3823 omnibus
679 3768 880 3823 vincerentur?
928 3767 1083 3838 praesideas
1098 3766 1223 3821 humano
1245 3767 1344 3839 generi
1363 3767 1514 3838 dignitate,
1531 3785 1628 3824 rerum
1648 3776 1745 3826 tamen

58 3860 189 3932 Ineptias
208 3861 308 3935 utique
329 3879 391 3917 suas
412 3862 464 3916 sibi
487 3868 609 3931 servent,
622 3862 677 3916 nisi
699 3861 877 3933 resipiscant,
927 3859 1097 3932 praesulibus
1107 3859 1269 3915 divinarum
1281 3860 1399 3915 devotus
1408 3861 1482 3916 colla
1493 3861 1647 3930 submittis,
1659 3869 1745 3936 atque

58 3954 159 4027 potius
168 3954 326 4026 cogitantes
337 3955 440 4009 Christi
454 3971 552 4010 vocem
564 3972 620 4009 non
635 3971 694 4010 esse
707 3953 878 4026 superfluam
928 3953 963 4008 ab
977 3954 1017 4007 eis
1030 3969 1128 4007 causas
1141 3959 1198 4008 tuae
1215 3953 1313 4008 salutis
1334 3957 1474 4024 expectas,
1490 3955 1577 4027 inque
1598 3957 1745 4013 sumendis
1847 3942 1857 3967 ⁹

58 4064 128 4120 quae
143 4047 319 4103 mnfessione
332 4048 408 4103 beati
422 4048 498 4104 Petri
517 4048 638 4119 aposloli
660 4048 766 4104 interni
784 4054 880 4119 portas
929 4046 1088 4101 caelestibus
1102 4048 1298 4113 sacramentis,
1313 4047 1420 4118 eisque,
1436 4052 1468 4102 ut
1491 4049 1636 4120 competit,
1650 4049 1744 4122 dispo·

58 4140 196 4212 uunquid
207 4142 537 4212 pravalitumsasseruil.
549 4142 728 4213 Quapropter
737 4158 793 4196 non
804 4158 881 4195 vere·
928 4139 1041 4209 nendis,
1057 4139 1138 4194 subdi
1155 4143 1181 4193 te
1195 4139 1298 4194 debere
1320 4140 1468 4211 cognoscis
1482 4142 1629 4214 religionis
1644 4144 1745 4201 ordina

59 4249 141 4301 mur,
152 4233 498 4304 neapostolicasententia
512 4235 775 4304 resolvatu1·,quam
789 4238 878 4288 etvox
928 4234 1024 4305 potius
1044 4249 1129 4305 quam
1152 4249 1283 4303 preaesse.
1301 4235 1397 4304 ltaque
1413 4234 1488 4289 inter
1511 4235 1570 4289 haec
1589 4236 1703 4292 illorum
1717 4242 1744 4293 te

59 4325 213 4395 Christi,et
222 4327 534 4396 majorumtraditio,et
542 4343 683 4381 canonum
693 4326 774 4382 fulcit
787 4331 878 4381 aucto·
929 4325 1054 4397 pendere
1067 4325 1184 4395 judicio.
1206 4326 1266 4380 Non
1286 4326 1350 4381 illos
1363 4327 1398 4381 ad
1413 4330 1492 4382 tuam
1506 4329 1577 4383 velle
1591 4330 1683 4402 redigi
1697 4347 1742 4385 vo·

59 4419 145 4488 ritas,
154 4424 188 4475 ut
198 4424 289 4475 totam
304 4421 398 4491 potius
412 4421 563 4476 Ecclesiam
577 4436 691 4490 semper
705 4419 765 4490 ipsa
778 4419 918 4506 dijudil)
929 4418 1079 4472 luntatem.
1098 4417 1127 4472 Si
1150 4419 1226 4472 enim
1250 4425 1389 4489 quantum
1413 4420 1449 4474 ad
1471 4420 1601 4476 ordinem
1623 4422 1745 4493 pertinet

60 4517 118 4567 eet.
135 4512 192 4568 Sed
204 4514 330 4584 cogitent
342 4512 443 4585 magis,
452 4513 474 4567 si
486 4513 549 4585 quis
562 4513 592 4567 in
607 4512 669 4584 ejus
683 4512 827 4583 religionis
839 4519 880 4568 cst
930 4511 1050 4583 publicae
1067 4509 1234 4582 disciplinae,
1248 4515 1449 4582 cognoscentes
1462 4513 1614 4583 imperium
1629 4514 1681 4570 tibi
1695 4532 1743 4571 su·

58 4622 175 4674 sensus,
188 4623 223 4661 ne
240 4607 406 4678 pravitatem
426 4623 505 4661 suam
526 4607 688 4661 nullatenus
707 4606 880 4676 deponentes
930 4620 1018 4675 perna
1029 4602 1211 4673 dispositione
1220 4602 1353 4658 collatum
1366 4603 1477 4675 legibus
1488 4605 1554 4674 tuis,
1567 4605 1619 4678 ipsi
1628 4624 1744 4682 quoque

58 4699 145 4772 apud
160 4701 250 4755 Deum
265 4700 454 4771 hominesque
475 4700 548 4755 sedis
568 4699 730 4772 apostolicae
743 4702 880 4771 perpetua
929 4699 1032 4769 parent
1044 4695 1189 4767 religionis
1203 4695 1352 4762 antistites,
1363 4712 1399 4750 ne
1413 4697 1455 4751 val
1469 4697 1498 4752 in
1512 4698 1598 4755 rebus
1612 4700 1745 4759 humanis

58 4793 270 4849 constitutione
293 4794 477 4849 damnentur.
503 4794 545 4848 Sic
561 4799 656 4848 autem
676 4794 779 4848 dicitur
794 4793 880 4847 luisse
931 4790 1051 4845 exclusae
1074 4788 1222 4843 videantur
1241 4788 1356 4843 obviare
1379 4791 1537 4860 sententiae,
1551 4809 1608 4863 quo
1628 4810 1699 4867 rogo
1717 4802 1745 4853 ta

57 4887 226 4954 delinitum,
236 4890 269 4940 ut
280 4887 414 4958 deinceps
424 4887 583 4958 denegatio
595 4887 665 4941 nihil
678 4886 791 4941 dicatur
799 4886 880 4958 quasi
931 4882 1013 4937 decet
1021 4881 1123 4937 affectu
1134 4881 1175 4935 eis
1184 4881 1311 4947 obedire,
1320 4881 1368 4953 qui
1379 4885 1570 4954 prorogandis
1576 4889 1744 4945 venerabili·

57 4980 106 5036 vel
122 4996 199 5035 nunc
218 4997 266 5035 eos
278 4980 534 5052 (quemadmodum
554 4980 651 5049 nostis)
666 4996 730 5034 meo
753 4979 880 5034 duxerim
930 4977 982 5031 bus
996 4981 1061 5030 sunt
1078 4974 1206 5029 attributi
1221 4974 1383 5045 mysteriis?
1396 4976 1516 5033 Proinde
1531 4979 1603 5037 sicut
1614 4998 1673 5038 non
1685 4984 1745 5040 leve

59 5072 185 5130 nomine
207 5074 368 5145 specialiter
389 5073 583 5145 alloquendos.
606 5073 701 5144 Neque
717 5073 800 5144 plane
815 5088 879 5126 cum
931 5068 1082 5124 discrimen
1093 5067 1232 5123 incumbit
1242 5067 1421 5139 pontificibus
1430 5070 1540 5128 siluisse
1551 5090 1602 5144 pro
1613 5075 1744 5134 divinita—

56 5168 124 5224 istis
138 5183 194 5221 non
218 5166 426 5238 corrigentibus
448 5167 571 5222 irrevrnda
592 5167 764 5236 congressio,
781 5181 878 5237 quem·
930 5163 966 5216 tis
976 5163 1052 5216 cultu
1060 5160 1277 5233 quascongmit,
1288 5161 1327 5215 ita
1336 5162 1474 5234 hiatquod
1483 5166 1563 5237 absit)
1574 5184 1632 5223 non
1641 5171 1745 5226 medio-

57 5260 221 5319 admodum
233 5277 299 5315 cum
312 5261 430 5315 aliarum
444 5277 558 5332 quoque
573 5260 723 5314 heresium
734 5258 879 5314 sectatori·
930 5273 976 5310 cre
997 5254 1153 5327 periculum
1171 5253 1299 5325 quicum
1314 5271 1413 5326 parere
1430 5257 1560 5326 debeant,
1575 5261 1743 5333 despiciunt.

57 5356 117 5412 hus
132 5353 280 5409 dimicatio
297 5355 453 5409 renuenda.
469 5355 523 5408 Vos
538 5357 632 5408 autem
646 5336 737 5407 salvos
753 5357 780 5406 et
791 5351 880 5422 sospi·
932 5350 964 5403 Et
976 5348 1000 5402 si
1018 5347 1125 5402 cunctis
1147 5347 1318 5418 generaliter
1339 5348 1532 5405 sacerdotibus
1552 5358 1626 5409 recte
1648 5355 1744 5414 diviua

56 5456 105 5506 tes
120 5448 314 5519 quantocitius
333 5447 388 5502 huc
411 5447 523 5513 reverti,
541 5446 682 5501 continuis
703 5444 879 5500 divinitatem
931 5439 1743 5519 tractantibusfideliumconvenitcordasubmitti‚quanto

58 5543 137 5598 vulis
152 5543 322 5613 expetimus,
931 5535 1025 5607 potins
1036 5534 1109 5589 sedis
1119 5534 1194 5589 illius
1207 5535 1320 5606 praesuli
1334 5551 1487 5589 consensus
1500 5539 1542 5590 est
1551 5538 1741 5615 adhibendus,

148 5637 270 5706 Epistola
284 5636 385 5692 delusit
400 5637 438 5691 oct
452 5637 628 5690 Auustusa'um
640 5634 803 5702 Auqrvstum.
932 5644 1018 5700 quem
1034 5626 1143 5683 cunctis
1165 5626 1355 5682 sacerdotibus
1374 5631 1402 5680 et
1423 5626 1554 5684 diviuitas
1569 5647 1680 5689 summa
1693 5652 1742 5692 vo·

100 5728 213 5789 Famuli
230 5732 330 5785 vostra
346 5729 469 5804 pietatis,
484 5727 534 5783 tilii
550 5726 615 5793 mei,
630 5725 779 5781 Faustinus
793 5723 882 5795 magi·
932 5721 986 5777 tuit
996 5719 1158 5795 pervenire,
1172 5724 1201 5776 et
1215 5720 1391 5792 subsequens
1404 5719 1537 5778 Ecclesia
1551 5728 1762 5801 generamus.-
