3870 6150
622 311 861 370 bacharentur
880 312 1073 370 contactio.
1638 319 1690 370 80⁶2

103 440 114 490 ¹,
127 422 156 474 et
170 418 455 476 clementissimorum
470 421 644 494 principum,
657 426 712 478 him
728 427 824 479 sancta
834 443 864 515 Α
874 423 1021 496 privilegio
1036 427 1165 491 oporteat
1179 424 1228 496 jus
1241 424 1391 496 proprium
1405 422 1571 479 reformari.
1586 424 1691 478 Primis

103 530 138 584 cs,
154 518 212 569 tam
232 513 362 585 religiosa
375 515 498 583 devotio,
515 519 547 570 ut
562 516 591 570 in
606 517 646 571 eis
657 533 716 572 non
730 518 822 572 solum
874 522 972 573 autem
983 517 1405 589 Ephesinaesynodicuisanctae
1414 517 1561 573 memoriae
1570 517 1691 589 Cyrillus

103 607 208 674 houm,
229 608 279 662 sed
302 609 389 663 etiam
412 609 618 664 sacerdotalem
643 612 825 683 experiamur
874 610 1022 683 episcopus
1044 614 1112 665 tunc
1135 612 1269 682 praesedit
1294 612 1324 665 in
1347 612 1507 666 Nestorium
1530 611 1690 682 specialiter

103 716 154 756 rm.
174 701 228 766 Qui
248 701 346 773 utique
365 719 417 775 pro
438 702 542 774 pietate
556 720 614 775 qua
627 720 656 760 se
669 705 717 760 llei
729 705 823 761 lamo·
874 707 980 759 statuta
991 709 1187 776 permaneant,
1196 721 1233 759 ne
1246 710 1314 760 tuno
1324 705 1460 760 damnata
1469 705 1611 776 impietas,
1625 704 1690 759 ideo

103 812 122 852 e
142 795 304 867 gloriantur
317 812 419 851 omnes
433 798 628 869 suggestiones
639 804 745 854 vestras
759 800 824 855 fidei
875 798 926 852 sibi
941 799 970 853 in
984 799 1079 870 aliquo
1094 798 1268 866 blandiatur,
1279 798 1346 869 quia
1359 800 1497 870 Eutyches
1513 799 1592 870 justa
1611 814 1689 854 exse-

103 890 155 945 icae
163 889 325 961 profuturas
335 890 489 961 dignanter
499 893 824 967 accipiant,utipsorum
874 893 1000 947 eratione
1012 893 1186 964 percellitur.
1211 891 1321 946 Puritas
1344 892 1422 946 enim
1442 892 1508 946 lidci
1530 897 1615 963 atque
1638 891 1688 946 do-

103 999 124 1039 te
147 1000 200 1055 ope
225 988 253 1038 et
276 1001 331 1055 pax
355 984 518 1041 Christiana
542 987 679 1058 reparari,
694 993 723 1042 et
743 1004 824 1043 error
874 985 984 1054 ctrinae,
1002 1002 1090 1058 quam
1110 985 1209 1040 eodem
1230 1002 1287 1056 quo
1308 985 1398 1039 sancti
1418 986 1515 1040 Patres
1528 985 1620 1040 nostri
1633 986 1689 1056 spi-

103 1093 113 1132 s
134 1078 221 1149 possit
242 1078 360 1134 aboleri.
385 1081 423 1133 Ac
444 1078 525 1134 side
546 1080 689 1152 aliquibus
702 1082 824 1153 amplius
874 1079 931 1134 ritu
952 1080 1151 1152 praedicamus,
1167 1085 1195 1134 et
1217 1079 1413 1134 Nestorinnam
1435 1085 1464 1134 et
1486 1079 1689 1150 Eutychianam

107 1171 334 1238 deliberandum,
345 1173 479 1228 celeriter
492 1174 527 1229 ad
540 1191 593 1229 nos
610 1175 708 1230 relatio
722 1175 824 1247 diriga-
874 1189 939 1229 cum
963 1173 1020 1227 suis
1039 1173 1202 1229 auctoribus
1222 1173 1396 1228 condemnat
1420 1173 1528 1244 pariter
1544 1177 1573 1227 et
1595 1188 1689 1244 perse-

103 1270 307 1337 tpertractata
321 1266 458 1338 qualitate
473 1285 625 1324 causarum
644 1275 741 1325 nostra
756 1270 823 1341 quid
873 1267 971 1338 quitur
996 1267 1175 1338 pravitatem.
1208 1267 1279 1321 Data
1311 1266 1411 1337 quinto
1447 1266 1585 1321 Kalendas
1616 1265 1690 1331 tulii,

103 1360 151 1414 rari
163 1359 267 1415 debeat
278 1360 437 1416 sollicitudo
456 1363 617 1418 constituat.
632 1363 705 1418 Data
724 1364 823 1436 quinto
867 1358 1011 1432 Adelphio
1025 1359 1085 1415 viro
1100 1359 1257 1415 clarissimo
1271 1360 1396 1415 consule.

103 1453 181 1521 lunii,
202 1453 341 1526 adelphio
367 1455 427 1509 viro
449 1456 606 1511 clarissimo
625 1457 751 1523 consule,
767 1474 823 1512 aera
1078 1455 1188 1510 llllVlll.
1205 1455 1299 1510 -Ad
1318 1454 1487 1508 Anatolium.

103 1563 172 1619 ipra.
910 1547 1429 1620 Lsoepiscopusarvaromoepiscopo.

106 1640 204 1696 XXVll.
217 1672 252 1681 —
266 1643 312 1698 Ad
329 1644 462 1712 synodum
477 1643 725 1701 chalcedonensem.
908 1641 1093 1711 ldaniiestato,
1111 1641 1183 1696 sicut
1199 1641 1371 1714 optavimus,
1386 1641 1571 1713 pergratiam
1584 1642 1632 1696 Dei
1646 1643 1689 1697 lu·

121 1739 226 1789 sanctae
250 1736 361 1806 synodo
385 1737 461 1808 apud
486 1738 693 1794 Chalcedonam
716 1740 823 1794 consti·
874 1737 951 1792 mine
970 1735 1140 1806 evangelicae
1160 1735 1294 1802 veritatis,
1309 1740 1338 1789 et
1350 1735 1385 1789 ab
1401 1735 1554 1789 universali
1569 1735 1692 1791 Ecclesia

788 1891 791 1897 ,
835 1821 863 1894 Β
875 1829 1107 1902 perniciosissimi
1127 1829 1230 1884 erroris
1251 1833 1333 1883 nocte
1357 1828 1484 1899 depulsa,
1508 1829 1691 1884 inellahiliter
1789 1841 1793 1849 ⁴

103 1939 215 1978 avaram
230 1923 357 1996 quidem,
373 1925 542 1996 charissimi,
558 1943 609 1998 pro
626 1928 715 1983 nostri
731 1928 822 1983 chari·
874 1923 1283 1994 gaudemusinllominoquod
1293 1921 1689 1994 creditaenobisdispensatio·

103 2016 190 2088 illegii
203 2034 303 2072 omnes
313 2017 425 2073 homini
440 2020 602 2075 sacerdotes
612 2021 641 2075 in
651 2037 711 2076 una
726 2022 821 2077 catho-
875 2019 918 2073 nis
941 2017 1024 2074 labor
1048 2018 1082 2072 ad
1104 2017 1298 2072 desideratum
1313 2017 1445 2089 pervenit
1462 2016 1605 2084 ellectum,
1619 2016 1691 2072 sicut

103 2110 147 2167 dei
155 2111 306 2166 devotione
316 2112 478 2183 persistere,
490 2130 541 2168 nec
551 2131 724 2187 quemqnam
735 2115 824 2187 gratia
874 2112 959 2167 etiam
973 2112 1101 2185 epistolae
1124 2116 1181 2166 tuae
1206 2114 1299 2166 textus
1319 2111 1470 2182 eloquitur,
1487 2115 1520 2166 ut
1536 2112 1689 2166 seeundum

103 2203 225 2259 rmidine
237 2208 412 2277 potestatum
426 2207 607 2263 secularium
621 2208 779 2280 depravari,
794 2215 824 2265 ut
874 2206 1057 2277 apostolicam
1083 2205 1245 2260 doctrinam
1265 2205 1389 2277 idipsum
1406 2204 1533 2259 dicamus
1551 2187 1651 2259 omnes
1663 2211 1692 2260 et

103 2297 225 2353 veritatis
238 2298 411 2354 abscederet.
423 2299 477 2354 Sed
491 2301 560 2370 quia
573 2302 662 2356 multa
673 2318 824 2374 saepeque
875 2316 934 2354 non
942 2299 999 2354 sint
1011 2299 1040 2353 in
1048 2299 1131 2354 nobis
1141 2299 1304 2354 schismata.
1313 2298 1409 2355 Simus
1420 2304 1517 2354 autem
1529 2299 1649 2370 perfecti
1661 2299 1689 2353 in

103 2390 216 2447 udinem
232 2393 341 2462 possint
354 2409 491 2464 generare
505 2395 687 2465 proveniunt,
703 2400 732 2451 et
744 2413 825 2468 supe
875 2393 1691 2464 eodemsensuetineademsententia.lncujusoperisde-

103 2485 174 2557 rlpas
193 2485 421 2557 delinquentium
446 2487 641 2544 misericordia
662 2490 721 2557 llei,
739 2494 824 2562 atque
874 2486 1691 2560 votionegratulamurdilectionemtuanresseconsortem,

103 2579 277 2650 impenditur
293 2580 370 2650 ultio,
384 2583 417 2635 ut
429 2582 518 2653 possit
531 2582 626 2637 locum
638 2583 745 2638 habere
762 2600 822 2639 cor·
875 2585 942 2638 utet
952 2580 1128 2653 corrigendis
1142 2586 1192 2636 tna
1204 2580 1354 2652 prodesset
1366 2580 1513 2650 industria,
1522 2587 1550 2636 et
1564 2581 1600 2636 ab
1613 2581 1692 2636 omni

107 2715 116 2742 ,
137 2674 370 2744 amplectendum
394 2678 436 2729 est
457 2676 670 2731 elementissimi
691 2677 826 2749 principis
875 2683 904 2730 te
923 2675 1100 2731 deviantium
1120 2675 1338 2746 participatione
1354 2678 1383 2730 et
1402 2674 1525 2730 factione
1541 2691 1691 2747 purgares,

103 2783 129 2822 m
146 2768 286 2837 religione
302 2768 464 2838 consilium,
480 2756 535 2841 quo
554 2775 678 2826 sanctam
693 2771 824 2827 fraterni·
875 2769 1023 2825 decessore
1046 2769 1124 2824 enim
1144 2773 1195 2823 tuo
1214 2769 1305 2824 beatae
1318 2770 1466 2823 memoriae
1479 2769 1611 2825 Flaviano
1626 2785 1692 2841 pro·

112 2863 234 2914 vestram
250 2861 285 2915 ad
298 2861 486 2916 destruendas
496 2863 613 2918 insidias
627 2864 732 2920 diaboli
747 2868 776 2920 et
789 2865 825 2920 ad
876 2868 940 2934 pter
952 2862 1150 2918 defensionem
1164 2862 1308 2917 catholicae
1321 2862 1448 2917 veritatis
1460 2863 1628 2934 ejecto,non
1637 2863 1693 2917 im·

103 2953 448 3010 nandamecclesiasticam
458 2972 558 3028 pacem
565 2957 825 3025 voluitcouvenire,
876 2957 979 3011 merito
991 2956 1169 3023 credebatur,
1183 2971 1241 3027 quo
1260 2956 1437 3012 ordinatores
1454 2956 1496 3011 tui
1513 2959 1614 3011 contro
1627 2972 1692 3011 san-

103 3047 169 3103 simi
182 3049 257 3102 Petri
268 3049 433 3120 jurantque
449 3050 559 3105 honore
573 3056 693 3119 serrato,
712 3052 783 3108 adeo
796 3058 827 3108 ut
876 3056 988 3107 ctorum
1000 3066 1144 3106 canonum
1160 3051 1312 3105 constituta
1333 3051 1500 3105 viderentur
1514 3051 1556 3105 sui
1570 3051 1694 3105 similem

103 3157 193 3212 noque
203 3142 261 3196 suis
274 3143 309 3197 ed
328 3143 382 3197 hoc
401 3143 502 3198 litteris
519 3145 828 3212 invitaret,utvenera-
876 3160 1065 3200 consecrasse.
1081 3143 1135 3198 Sed
1151 3143 1243 3198 adluit
1256 3143 1451 3199 misericordia
1469 3145 1518 3198 llei
1542 3145 1572 3198 in
1594 3144 1647 3199 hoc
1667 3149 1694 3199 te

103 3236 182 3291 nodo
196 3241 320 3290 nostram
335 3239 514 3307 praesentiam
534 3240 737 3310 preberemus,
751 3241 827 3312 quod
878 3238 1109 3310 redigerentque
1124 3238 1307 3304 eoutirmans,
1322 3240 1352 3292 ut
1365 3237 1450 3292 malis
1463 3237 1609 3309 principiis
1622 3237 1695 3293 bene

103 3346 129 3384 m
143 3346 195 3384 uec
206 3330 357 3384 necessitas
365 3332 512 3403 temporis,
522 3350 575 3388 nec
586 3333 643 3389 ulla
651 3334 827 3390 consuetudo
878 3331 1011 3400 utereris,
1026 3336 1055 3386 et
1073 3348 1131 3386 non
1156 3336 1184 3386 te
1203 3331 1310 3402 judicio
1324 3331 1486 3400 hominum,
1501 3331 1551 3386 sed
1564 3332 1613 3385 llei
1626 3348 1693 3402 pro·

103 3429 125 3479 rt
137 3423 314 3495 permittere.
330 3425 436 3479 Tamen
451 3426 479 3480 in
498 3427 541 3481 his
559 3427 826 3483 iratribusPascha·
879 3431 990 3481 vectum
1011 3424 1188 3497 benignitate
1212 3429 1379 3480 monstrare.
1399 3424 1479 3488 Quod
1495 3424 1536 3478 ita
1553 3424 1693 3495 accipien-

120 3523 150 3572 et
176 3517 309 3571 lucentio
331 3518 481 3590 episcopis,
507 3520 651 3576 Bonilacio
675 3526 703 3576 et
726 3521 827 3577 Basilio
879 3519 947 3574 dum
962 3523 1014 3587 est,
1030 3519 1053 3573 si
1068 3519 1143 3574 hanc
1161 3519 1249 3574 divini
1263 3518 1389 3573 muneris
1402 3518 1522 3590 gratiam
1536 3517 1591 3573 alia
1603 3517 1693 3573 ollan-

103 3611 198 3682 vtcris,
212 3611 261 3681 qui
275 3612 310 3665 ab
323 3613 477 3682 apostolica
493 3615 565 3669 Sede
581 3615 679 3671 directi
691 3621 767 3682 sunt,
781 3632 828 3670 me
879 3614 958 3669 sione
969 3629 1026 3668 nou
1037 3612 1148 3685 perdas.
1157 3612 1255 3667 Virum
1266 3612 1353 3667 etiam
1363 3612 1535 3667 catholicum
1550 3616 1579 3666 et
1592 3613 1693 3684 prmci·

102 3720 120 3760 o
142 3707 236 3759 vestra
258 3706 420 3760 fraternitas
442 3708 565 3763 mstimet
586 3709 749 3779 praesidere,
770 3726 828 3765 non
879 3724 935 3779 pue
944 3706 1056 3762 Domini
1066 3706 1242 3762 sacerdotem
1256 3706 1329 3761 sicut
1341 3706 1421 3760 nollo
1432 3722 1528 3761 errore
1544 3705 1694 3778 implicari,

103 3803 216 3855 unctas
228 3800 308 3854 vobis
322 3802 605 3874 praesentiameaqui
616 3820 690 3858 nuuc
709 3804 739 3859 in
755 3804 827 3859 vica·
880 3801 919 3857 ita
936 3801 1015 3856 nulla
1028 3804 1142 3873 oportet
1156 3800 1312 3872 cupiditate
1329 3799 1439 3855 violari.
1459 3799 1575 3855 Dicente
1588 3802 1695 3873 qnippe

103 3892 146 3948 eis
153 3893 254 3948 adsum
263 3897 292 3948 et
297 3894 471 3965 jamdudum
486 3897 550 3952 fidei
563 3897 713 3953 catholiea
728 3898 830 3970 praedi-
880 3894 1026 3967 Scriptura
1042 3899 1161 3950 sancta:
1181 3895 1277 3949 «Post
1298 3893 1538 3966 concupiscentias
1551 3898 1615 3950 tuas
1636 3911 1695 3950 non

103 4003 124 4041 e
147 4002 205 4041 non
227 3987 338 4056 desum,
361 3992 393 4043 ut
417 3989 466 4060 qui
486 4007 544 4044 non
563 3993 681 4063 potestis
694 3992 829 4064 ignorare
880 4007 937 4059 eas,
957 3996 986 4045 et
1007 4005 1024 4043 a
1045 3990 1190 4044 voluntate
1213 3992 1262 4043 tua
1283 3991 1376 4043 vetare
1400 3989 1492 4059 (Eroti.
1515 4004 1592 4058 rvur,
1610 3989 1665 4062 30),
1681 4012 1694 4040 ›·

105 4095 141 4136 cx
163 4081 281 4152 antiqua
296 4082 450 4137 traditione
466 4085 626 4151 credamus,
642 4102 701 4141 non
715 4086 830 4158 possitis
880 4084 980 4140 multis
989 4083 1093 4139 muudi
1104 4082 1190 4154 hujus
1199 4083 1352 4149 illecebris,
1360 4082 1456 4137 multis
1468 4083 1640 4137 vanitatibus
1655 4099 1698 4138 re·

103 4189 147 4229 ire
172 4175 241 4244 quid
267 4176 390 4245 cupiam.
418 4177 506 4245 Unde,
530 4177 633 4233 fratres
661 4180 828 4248 charissimi,
880 4175 1698 4249 sistendumest,utverecontinentiaeobtineaturintegri·

103 4269 248 4341 apenitus
258 4269 375 4324 audacia
385 4270 548 4343 disputandi
559 4278 657 4328 contra
665 4274 752 4328 tidem
763 4274 830 4329 divi·
880 4279 934 4343 tas,
946 4272 1026 4344 cuijus
1047 4273 1139 4344 prima
1160 4277 1204 4327 est
1224 4272 1302 4326 labes
1325 4270 1458 4343 superbia
1475 4270 1591 4326 initium
1606 4274 1695 4326 trans·

103 4363 280 4434 inspiratam,
289 4381 360 4418 vana
370 4366 529 4420 errantium
539 4366 689 4423 infidelitas
697 4368 830 4439 conquie-
882 4367 1044 4439 gressionis,
1056 4369 1085 4420 et
1100 4365 1181 4437 origo
1190 4365 1308 4437 peccati.
1321 4365 1460 4429 Quoniam
1471 4381 1552 4419 mens
1561 4365 1696 4436 potentia

102 4472 145 4512 rec
161 4457 245 4512 liceat
263 4457 376 4513 delendi
389 4461 466 4531 quod
485 4477 543 4515 non
564 4461 648 4517 liceat
662 4461 749 4530 credi,
765 4478 830 4518 cum
882 4460 975 4528 avida,
987 4477 1039 4515 nec
1050 4460 1191 4515 abstinere
1202 4459 1282 4514 novit
1291 4476 1308 4513 a
1318 4458 1421 4527 vetitis,
1433 4474 1485 4512 nec
1496 4457 1621 4529 gaudme
1632 4474 1697 4513 con·

103 4550 173 4607 dum
188 4553 366 4622 evangelicas
380 4553 575 4623 auctoritates,
592 4555 747 4611 secundum
765 4572 830 4627 pro·
841 4579 871 4653 D
882 4554 975 4621 cessis,
987 4555 1056 4609 dum
1069 4553 1231 4607 inordinato
1240 4567 1386 4624 pravoque
1399 4567 1530 4622 processu
1545 4551 1698 4622 impunita·

103 4660 233 4700 maroces
243 4646 484 4719 apostolicamque
494 4648 652 4704 doctrinam
665 4650 831 4721 plenissime
883 4666 948 4704 rum
963 4647 1222 4719 transgressionum
1235 4650 1377 4716 augentur
1394 4660 1533 4710 excessus,
1544 4650 1572 4700 et
1590 4645 1699 4701 crebre-

103 4738 231 4795 idissime
244 4757 296 4811 per
308 4742 426 4809 litteras,
442 4758 512 4814 quas
529 4743 565 4797 ad
579 4744 668 4799 beatae
682 4747 831 4801 memoriae
884 4743 1144 4814 scuntculpae,quee
1150 4740 1276 4795 toleratae
1285 4742 1352 4792 sunt
1358 4738 1522 4794 studiotidei
1530 4740 1698 4811 reparandae

103 4849 183 4888 mum
205 4834 369 4906 episcopum
392 4835 531 4905 misimus,
554 4837 640 4892 luerit
659 4839 832 4895 declaratum
885 4843 913 4892 et
922 4852 1022 4892 amore
1032 4834 1201 4890 concordiae.
1211 4834 1277 4888 Post
1285 4831 1436 4904 illaitaque
1446 4831 1633 4888 ordinationis
1643 4838 1698 4890 tuac

103 4926 136 4981 vit
153 4926 187 4981 de
202 4933 381 4983 sacramento
396 4929 600 4985 incarnationis
615 4931 729 4987 Domini
745 4933 832 4988 nostri
883 4947 941 4987 non
964 4931 1079 5001 culpata
1100 4927 1241 5000 principia
1263 4929 1328 4998 post
1347 4927 1586 4982 consecrationem
1600 4929 1697 4984 Antio·

103 5019 204 5076 Christi
222 5022 269 5092 pia
281 5028 309 5078 et
322 5022 432 5078 sincera
447 5024 598 5080 confessio.
612 5025 682 5089 Quia
694 5043 761 5082 vero
776 5043 834 5082 non
884 5025 976 5080 ebrani
991 5022 1117 5096 episcopi
1129 5038 1217 5093 quam
1230 5020 1343 5075 tibimet
1356 5025 1456 5075 contra
1468 5021 1637 5077 canonicam
1652 5038 1698 5076 re·

103 5129 245 5187 amusper
257 5132 359 5187 pravas
369 5118 566 5173 aemulationes
576 5120 733 5175 multarum
743 5121 832 5176 eccle·
884 5119 981 5191 gulam
1003 5115 1163 5181 vindicasti,
1185 5115 1268 5171 doleo
1292 5115 1378 5169 etiam
1400 5113 1430 5170 in
1446 5114 1499 5170 hoc
1517 5115 1698 5171 dilectionem

103 5211 240 5263 natatum
250 5209 336 5265 luisse
352 5211 508 5279 turbatum,
519 5213 713 5286 plurimosque
724 5214 833 5287 episco·
884 5217 965 5269 tuam
979 5227 1041 5267 esse
1055 5211 1233 5283 prolapsam,
1248 5212 1280 5263 ut
1300 5208 1502 5264 sacratissimas
1521 5210 1700 5264 Nicrenorum

103 5301 138 5373 ni
156 5302 288 5358 haeresim
304 5321 363 5360 non
374 5305 725 5378 reciperentsedibussuis
739 5309 835 5380 pulsos
886 5321 1029 5362 munaum
1048 5303 1268 5359 constitutiones
1288 5303 1430 5357 conareris
1451 5302 1618 5372 infringere,
1638 5307 1700 5355 tan·

105 5396 207 5452 exsilia
221 5397 392 5469 deportatos,
403 5404 488 5472 atque
498 5399 529 5454 in
542 5400 637 5456 locum
651 5402 836 5473 superstitum
885 5418 973 5474 quarn
993 5405 1153 5472 opportune
1171 5415 1202 5453 sa
1217 5397 1267 5452 tibi
1284 5398 1338 5453 hoc
1353 5400 1467 5467 tempus
1485 5394 1627 5462 obtulerit,
1643 5410 1700 5466 quo

104 5490 282 5560 substitutos,
293 5493 458 5549 vulneribus
469 5493 513 5548 his
523 5494 656 5566 primitus
665 5494 837 5551 adhibeatur
886 5494 1003 5552 secundi
1014 5494 1131 5549 honoris
1149 5490 1331 5566 privilegium
1346 5489 1427 5544 sedes
1437 5487 1628 5543 Alexandrina
1641 5503 1703 5559 per·

103 5584 165 5642 rina
179 5585 309 5657 justitiae,
323 5604 375 5643 nec
389 5588 540 5660 quisquam
554 5588 593 5644 ita
605 5594 702 5645 careat
714 5590 837 5662 propriis
887 5589 994 5645 diderit
1005 5591 1034 5643 et
1046 5587 1235 5643 Antiocheno
1248 5583 1369 5642 Ecclesia
1387 5580 1590 5653 proprietatem
1610 5583 1701 5637 tertiae

103 5695 140 5737 et
154 5684 253 5736 utatur
266 5681 376 5751 alienis,
393 5698 458 5737 cum
473 5682 505 5750 si,
518 5686 549 5737 ut
561 5683 701 5755 cupimus,
710 5699 837 5739 errorem
887 5682 1034 5756 dignitatis
1048 5681 1185 5751 amiserit,
1201 5678 1289 5734 uthis
1304 5676 1372 5732 locis
1385 5675 1444 5746 juri
1453 5680 1502 5729 tuo
1512 5674 1632 5730 subditis
1642 5690 1703 5731 om-

103 5774 307 5847 srelinquunt,
318 5775 428 5831 nemini
443 5775 560 5849 quidem
572 5777 666 5849 perire
680 5778 773 5834 honor
784 5777 837 5834 de·
888 5793 940 5833 nes
949 5772 1296 5849 metropolitaniepiscopi
1304 5768 1536 5843 propriohonore
1545 5769 1702 5842 priventur.

111 5867 163 5925 aad
180 5867 236 5925 illis
253 5867 304 5942 qui
323 5885 377 5943 pro
392 5869 449 5926 lide
464 5871 664 5928 laboraverunt
678 5887 744 5929 eum
758 5871 839 5929 omui
888 5870 996 5938 Quibus
1005 5867 1143 5925 inauditis
1151 5870 1181 5923 et
1189 5879 1339 5939 nunquam
1353 5867 1421 5919 autc
1434 5861 1553 5920 tenutis
1560 5860 1602 5920 ita
1610 5863 1704 5937 priva·

225 5965 362 6038 Purser..
385 5965 499 6037 Cllllll.
1489 5965 1539 6025 nh
