3870 6150
144 275 194 338 ter
588 276 893 338 neuunausnn.
915 275 1146 335 rr.-·1s1uertr
1166 275 1380 339 anamotus
1777 274 1816 343 su

146 404 300 462 possumus
335 403 455 462 ponere,
466 404 521 449 nec
546 396 678 463 tempora
700 386 829 444 delinire.
856 388 896 442 Ite
919 385 964 442 his
973 397 1004 472 Α
1014 388 1208 444 occasionibus
1224 388 1418 459 absentemur,
1433 389 1525 447 sedin
1539 394 1703 463 preparato
1717 388 1761 445 die
1774 405 1816 463 quo

144 483 305 554 aulamqui
328 486 442 554 accepta
462 486 808 556 poenitcntio,anthuam
833 481 959 536 reconci-
1010 482 1151 552 judicium
1181 483 1275 552 fuerit,
1306 485 1438 540 adunatis
1461 486 1491 540 in
1518 485 1742 558 metropolitana
1764 486 1814 541 sede

144 577 249 634 lientur
259 577 294 632 ab
307 578 362 632 bac
375 576 432 632 rita
448 579 625 648 recesserint,
637 593 804 650 quanquam
817 575 961 630 diuersitas
1012 576 1147 631 omnibus
1158 577 1311 648 provinciae
1323 578 1515 650 pontificibus,
1524 579 1680 635 concilium
1694 579 1753 635 Dee
1761 596 1815 650 pre·

142 675 352 744 praeceptorum
379 671 415 726 dc
441 672 497 728 boc
520 673 644 746 capitulo
671 672 818 727 habeatur.
846 670 960 726 lllomm
1011 670 1814 748 sulecelebrctur.Quisquisuutcmepiscopommexcepla

144 769 243 821 tumen
254 765 337 820 nobis
349 766 491 820 sententia
503 767 611 838 placuit
623 766 672 838 qui
684 763 831 836 multiplici
841 779 962 818 numere
1011 764 1169 821 inevitabili
1190 782 1272 821 causa
1293 768 1337 822 rel
1362 767 1529 824 necessitate
1552 768 1588 823 de
1609 768 1769 842 peragendo
1790 787 1813 826 ss

145 859 179 915 de
190 858 355 931 hujusmodi
365 859 517 914 humanius
531 861 727 930 decreverunt,
741 864 773 913 ut
784 863 812 913 et
822 856 963 912 memoria
1011 857 1130 913 concilio
1145 859 1345 930 absentaverit,
1362 862 1513 934 peronius
1526 862 1594 917 unni
1607 865 1700 917 metas
1714 862 1764 917 erit
1774 879 1812 918 er-

143 953 244 1009 talium
259 953 289 1008 in
304 952 429 1008 ecclesiis
441 955 669 1020 commendetur,
685 959 713 1008 et
726 951 831 1007 oblatio
844 967 897 1023 pro
911 966 961 1006 eo·
1011 952 1541 1026 communicationeplectendus.Quod
1550 956 1573 1010 si
1580 955 1717 1027 deinceps
1725 955 1814 1028 absque

144 1064 208 1104 rum
224 1046 542 1119 delictoapresbyteris
564 1047 729 1120 recipiatur.
1010 1047 1201 1103 celebratione
1223 1049 1336 1105 concilii
1357 1049 1427 1104 anni
1450 1050 1536 1105 unius
1559 1052 1652 1105 metas
1675 1049 1813 1117 transierit,

179 1142 246 1198 llill.
261 1142 335 1195 liene
355 1141 497 1213 siquidem
518 1142 661 1214 majorum
682 1141 789 1214 regulis
812 1138 962 1195 delinitum
1011 1140 1179 1195 omniumin
1188 1158 1340 1199 commune
1353 1143 1519 1215 pontificum
1528 1143 1712 1216 Carthaginis
1720 1143 1816 1215 proriu-

144 1240 197 1305 est,
212 1240 243 1291 ut
256 1233 406 1290 daemoniis
421 1235 540 1308 aliisque
553 1235 733 1307 passionibus
747 1232 862 1289 irretitis
876 1232 960 1287 mini·
1012 1234 1063 1290 ciac
1076 1235 1228 1306 superioris
1242 1253 1370 1293 censurae
1384 1239 1558 1294 sententiam
1570 1237 1711 1293 obnoxius
1724 1236 1815 1293 reduc-

144 1330 231 1386 steria
243 1345 321 1384 sacra
334 1334 453 1385 truciore
466 1346 523 1384 non
538 1330 633 1384 liceat.
649 1331 721 1385 Cum
733 1333 886 1400 praecepto,
896 1343 962 1381 con·
1011 1327 1062 1396 bit,
1077 1328 1104 1382 id
1120 1334 1172 1396 est,
1187 1330 1211 1384 si
1224 1331 1302 1386 nulla
1315 1347 1382 1386 cum
1398 1331 1574 1403 impediente
1588 1330 1728 1403 principis
1739 1335 1817 1403 potes

144 1440 228 1479 censu
240 1421 358 1477 untionis
371 1422 508 1489 adhibito,
518 1422 546 1476 id
556 1421 749 1477 communiter
760 1421 963 1486 delinimus,ut
1011 1427 1068 1477 tate
1083 1423 1126 1477 vel
1143 1423 1318 1492 infirmitate,
1336 1429 1386 1480 aut
1400 1425 1553 1481 inevitabili
1567 1442 1661 1494 causa,
1679 1425 1727 1482 sed
1743 1425 1818 1481 selim

116 1553 120 1559 -
143 1518 238 1573 nullus
252 1516 287 1571 de
301 1515 345 1570 bis
356 1515 405 1588 qui
422 1519 472 1571 aut
487 1516 517 1570 in
533 1521 611 1571 terra
629 1515 767 1586 acceptia
783 1513 961 1569 dromonibus
1010 1517 1136 1588 propriae
1148 1517 1302 1573 voluntatis
1312 1519 1462 1574 libitusese
1469 1520 1503 1576 ad
1517 1520 1725 1576 celebrandum
1736 1520 1816 1575 conci·

142 1612 296 1678 eliduntur,
314 1615 364 1665 aut
380 1610 507 1681 quolibet
525 1610 610 1665 modo
625 1608 782 1664 vexationis
796 1607 960 1662 incursibus
1011 1610 1081 1664 lium
1094 1627 1153 1665 non
1167 1611 1323 1683 collegerit.

143 1705 310 1771 efferuntur,
326 1705 368 1759 vel
381 1704 469 1759 sacris
484 1705 608 1760 audeaut
629 1703 792 1758 ministrare
812 1701 958 1768 altaribus,
1046 1704 1110 1759 xvi.
1128 1705 1175 1758 ilis
1193 1721 1262 1776 ergo
1286 1706 1537 1763 constitutionibus
1559 1707 1667 1762 nostris
1689 1722 1759 1779 quas
1775 1723 1817 1762 ne·

143 1799 187 1854 vel
202 1798 351 1853 indiscussi
370 1814 398 1853 se
414 1797 516 1853 divinis
542 1798 676 1868 ingerant
699 1795 891 1862 sacramentis,
909 1811 960 1850 ex·
970 1773 999 1845 B
1011 1798 1133 1852 cessario
1144 1799 1604 1870 gerendascredidimns,flnelem
1615 1805 1818 1856 manusnestrr

142 1894 230 1966 ceptis
244 1893 297 1947 illis
311 1893 361 1964 qui
380 1893 410 1947 in
425 1892 510 1947 variis
524 1893 652 1964 eorporis
675 1889 961 1947 incommoditatibus
1011 1889 1249 1962 subscriptionem
1264 1893 1435 1963 adJ'ecimus,
1445 1894 1603 1950 immortnli
1616 1895 1678 1950 Dee
1691 1897 1818 1950 norbert

143 1987 230 2043 dediti
243 1987 274 2042 iu
284 1986 423 2058 ejusmodi
436 1986 616 2057 passionibus
629 1986 659 2040 in
671 1990 748 2041 terra
763 1982 962 2056 approbantur
1011 1985 1132 2040 Domino
1146 1985 1308 2056 gloriamsi
1323 1987 1464 2043 honorem
1488 1987 1653 2056 reddentes,
1669 1988 1720 2060 qui
1732 2004 1781 2043 nos
1791 1987 1816 2043 de

142 2081 215 2137 elisi.
229 2080 284 2145 Qui
297 2084 393 2135 tamen
406 2085 435 2135 et
447 2079 500 2151 ipsi
515 2080 615 2135 tandiu
629 2084 715 2134 crunt
728 2079 764 2133 ab
778 2077 864 2133 oflicii
878 2078 921 2132 sui
932 2082 962 2132 et
1010 2079 1398 2136 conventualtcrnoevisionis
1407 2083 1487 2137 laetos
1496 2081 1592 2150 eitieit,
1601 2082 1652 2154 qui
1661 2098 1694 2137 os
1703 2085 1815 2137 nostruin
1849 2112 1851 2121 =

143 2175 243 2230 ordine
257 2179 286 2229 et
299 2174 362 2229 loco
376 2173 515 2244 suspensi,
527 2188 676 2244 quousque
689 2172 775 2228 unius
788 2171 857 2227 anni
871 2171 961 2243 spatio
1011 2173 1041 2227 in
1057 2173 1236 2229 confessione
1248 2174 1338 2229 laudis
1348 2191 1406 2230 suar
1420 2175 1540 2248 aperuit,
1556 2176 1606 2248 qui
1619 2176 1709 2231 etiam
1722 2176 1813 2232 decreta

144 2285 195 2340 per
216 2267 420 2323 discretionem
438 2266 563 2338 episcopi
589 2265 770 2322 inveniantur
789 2265 824 2320 alr
844 2265 961 2320 incursu
1010 2266 1097 2338 hujus
1111 2267 1201 2322 nostri
1214 2267 1325 2322 concilii
1338 2268 1489 2324 honestate
1502 2270 1670 2342 complevit.
1690 2272 1754 2325 Post
1768 2269 1811 2324 tec
1848 2284 1851 2299 ⁴

144 2364 307 2418 daemonum
321 2359 417 2415 alieni.
1011 2360 1143 2432 religioso
1158 2361 1277 2434 Domino
1292 2367 1400 2431 nostro,
1416 2365 1444 2417 et
1459 2363 1574 2418 amabili
1595 2363 1720 2436 principi
1733 2368 1809 2419 noers

177 2455 243 2513 XlV..
258 2456 290 2509 Et
305 2453 375 2508 illud
391 2452 479 2508 divini
492 2453 599 2508 oraculi
613 2453 759 2509 monentis
772 2451 876 2525 singuli
890 2467 961 2523 pree·
1010 2454 1177 2509 vuambano
1203 2455 1264 2526 regi
1291 2455 1450 2526 gratiarum
1478 2456 1605 2512 actiones
1631 2456 1807 2529 persolvimus,

142 2554 267 2618 careant,
283 2565 339 2620 quo
353 2546 499 2614 scribitur;
516 2563 557 2602 vae
578 2547 640 2616 soli,
654 2547 721 2619 quia
742 2563 808 2602 curn
827 2545 962 2601 ceciderit
1010 2548 1090 2619 cujus
1104 2551 1134 2603 et
1145 2548 1241 2603 studio
1263 2549 1415 2620 aggregati
1436 2566 1545 2606 sumus.
1566 2550 1622 2616 Qui
1634 2549 1806 2607 ecclesiastice

143 2642 303 2700 nonhabet
322 2640 519 2695 sublevantem
533 2640 624 2710 (Eccli.
639 2656 676 2707 rr,
696 2642 750 2710 tt).
771 2641 961 2710 Summopere
1010 2640 1169 2713 disciplinae
1182 2642 1285 2697 nostris
1298 2643 1409 2698 saeculis
1418 2660 1510 2698 novus
1522 2650 1674 2717 reparator
1683 2657 1804 2700 occurren

143 2737 299 2793 verendum
309 2734 391 2790 nobis
402 2739 444 2789 est
454 2734 705 2804 etcavendum,ne
715 2733 795 2789 horis
805 2732 860 2788 illis
873 2736 961 2804 atque
1010 2735 1129 2791 omissos
1144 2736 1329 2792 conciliorum
1347 2736 1460 2793 ordines
1475 2754 1532 2793 non
1554 2739 1651 2795 solnm
1673 2743 1804 2795 restaurate

143 2828 330 2902 temporibus,
342 2828 443 2901 quibus
452 2826 572 2882 Domino
582 2827 764 2899 psalliturvel
774 2827 958 2897 sacrificatur,
1009 2827 1142 2895 intendit,
1154 2829 1205 2884 scd
1227 2829 1312 2885 etiam
1336 2831 1439 2885 annuis
1454 2832 1624 2888 recursibus
1648 2829 1803 2888 celebrnrdut
1840 2800 1851 2873 i

142 2922 296 2994 unicuique
309 2921 410 2977 divinis
427 2921 610 2991 singulariter
622 2920 722 2976 officiis
737 2920 877 2976 insistenti
891 2936 958 2992 per·
1010 2920 1139 2988 instituit,
1156 2925 1185 2976 et
1197 2923 1308 2977 alterna
1322 2940 1435 2978 unorum
1449 2924 1625 2981 correctione
1647 2941 1741 2980 annuo
1751 2928 1802 2980 tm·

144 3017 249 3074 niciosa
268 3015 371 3087 passio,
391 3014 436 3070 rel
457 3015 584 3086 corporis
604 3014 739 3086 quelibet
759 3014 890 3070 ualetudo
911 3030 959 3069 oc·
1009 3030 1078 3086 pore
1092 3015 1223 3070 alacriter
1237 3020 1451 3087 concurrentes,
1461 3017 1546 3089 juxta
1568 3016 1801 3090 prophetarentu-

143 3115 248 3179 currat,
270 3126 326 3182 qua
348 3112 397 3164 aut
422 3123 526 3180 corpus
551 3108 645 3163 subito
674 3108 771 3163 subrui
796 3108 890 3175 iaciat,
910 3112 960 3163 aut
970 3145 997 3221 C
1010 3107 1102 3177 nium,
1118 3108 1195 3179 quod
1218 3109 1248 3163 in
1271 3110 1353 3166 nobis
1369 3132 1383 3160 a
1398 3110 1556 3167 detractum
1573 3115 1628 3179 est,
1643 3112 1773 3185 alligetur,
1783 3113 1804 3162 rt

143 3210 271 3263 mentem
283 3203 453 3258 alienatione
468 3201 512 3257 rel
532 3205 640 3258 terrore
653 3201 818 3257 contundat.
833 3201 887 3257 Pro
904 3202 958 3257 hu·
1010 3202 1086 3273 quod
1109 3201 1252 3272 abjectum
1274 3209 1326 3273 cst,
1344 3203 1497 3259 reducatur
1514 3205 1623 3276 (Erech.
1647 3222 1742 3275 xxm,
1754 3205 1801 3267 tl.»

139 3298 268 3374 jusmodi
276 3313 344 3369 ergo
354 3296 468 3353 ausibus
477 3299 671 3367 praecaventes
678 3295 868 3352 necessarium
880 3295 960 3351 duri·
1009 3295 1062 3350 Det
1075 3311 1143 3368 ergo
1156 3295 1247 3352 eidem
1271 3296 1394 3369 principi
1415 3298 1555 3355 Dominus
1569 3316 1624 3371 pro
1644 3300 1728 3372 hujus
1740 3310 1802 3354 aare

142 3410 207 3451 mus
227 3391 386 3459 instituere,
402 3393 434 3446 ut
449 3389 498 3445 nbi
515 3389 655 3462 temporis
671 3390 714 3445 vel
735 3389 798 3458 loci,
813 3389 871 3445 sive
891 3389 959 3445 cleri
1010 3388 1206 3460 sollicitudinis
1219 3394 1283 3445 voto
1296 3394 1326 3446 et
1338 3406 1453 3447 cursum
1474 3394 1625 3464 presentis
1637 3393 1703 3449 ritu
1718 3393 1803 3464 iope

143 3487 225 3562 copia
240 3485 427 3557 suffragatum
441 3482 546 3539 babeat
566 3483 696 3556 quisquis
708 3483 756 3538 ille
773 3498 877 3539 canens
891 3483 958 3551 Deo,
1010 3482 1142 3550 transire,
1158 3487 1263 3554 etpost
1277 3484 1600 3559 diuturuatemporuad
1616 3503 1646 3542 se
1663 3487 1806 3560 inpaecrs·
1846 3528 1851 3569 ÷

143 3585 228 3654 atque
240 3579 402 3635 sacriticcns
412 3582 476 3650 post
489 3593 518 3633 se
528 3577 614 3632 vicini
629 3576 774 3633 solaminis
786 3576 959 3648 adjutorem,
1010 3576 1104 3631 missis
1118 3575 1315 3649 iniquitatibus
1331 3577 1489 3649 pervenire,
1501 3579 1628 3651 qualiter
1638 3586 1669 3637 et
1680 3574 1805 3636 illcielisit

145 3676 207 3731 ntsi
218 3673 313 3746 aliquo
325 3690 392 3729 casu
407 3673 454 3729 ille
465 3672 514 3746 qui
531 3672 623 3728 cilicia
645 3671 816 3743 impleturus
833 3671 958 3740 accedet,
1010 3675 1138 3741 tempora
1152 3668 1247 3739 ducat,
1259 3675 1288 3726 et
1300 3671 1367 3726 felir
1385 3688 1450 3727 cum
1465 3673 1598 3730 omnibus
1612 3674 1716 3747 quibus
1726 3667 1806 3747 prinei·

142 3769 272 3826 turbatus
286 3767 382 3835 tuerit,
393 3767 437 3822 vel
450 3767 488 3823 ad
502 3772 607 3822 terram
622 3765 708 3822 elisus
721 3781 736 3820 a
752 3770 834 3838 tergo
847 3780 962 3838 semper
1010 3762 1140 3836 paturad
1148 3764 1292 3821 Christum
1306 3765 1542 3824 sineconiusione
1552 3768 1711 3841 perveniat,
1721 3762 1804 3836 utqui!

143 3864 255 3932 habeat,
270 3862 319 3934 qui
334 3863 395 3934 ejus
409 3861 500 3917 ricem
514 3864 686 3934 cxseqnutur
699 3858 870 3931 intrepidus.
1012 3874 1063 3931 per
1071 3874 1137 3913 eum
1149 3874 1255 3915 corona
1265 3859 1356 3915 nostri
1368 3860 1515 3916 ordinisin
1528 3862 1634 3918 melius
1643 3861 1803 3923 restauretur,

178 3958 232 4014 XV.
244 3955 367 4012 Peractis
378 3954 513 4010 omnibus
526 3971 588 4026 quse
601 3954 636 4009 ad
650 3953 857 4009 correctionem
871 3953 961 4009 nostri
1012 3967 1147 4007 coronam
1161 3952 1251 4007 futuri
1265 3954 1348 4026 regni
1361 3953 1454 4026 capiat
1467 3971 1499 4011 er
1512 3955 1566 4011 hoc
1579 3956 1611 4012 in
1625 3951 1801 4030 regionarius·

143 4051 250 4108 ordinis
273 4050 303 4104 in
328 4050 381 4105 hoc
402 4048 522 4104 concilio
549 4048 732 4120 promulgata
756 4051 832 4114 sunt,
855 4046 963 4117 placuit
1012 4062 1076 4101 rum
1097 4063 1220 4118 regnans
1244 4063 1310 4102 cum
1333 4032 1445 4105 Christ'o
1470 4049 1499 4104 in
1524 4051 1628 4106 meula
1651 4050 1800 4107 saeculum·

145 4143 275 4210 definire,
299 4148 332 4198 ut
358 4144 485 4215 paternis
513 4141 736 4197 institutionibus
761 4141 960 4214 obsequentes,
1012 4141 1316 4196 Amenlnteriuernnt
1325 4141 1520 4199 huicconcilic
1532 4144 1685 4216 pontifices
1694 4136 1799 4200 timii

145 4237 223 4294 omni
236 4252 311 4291 anno
325 4236 362 4291 ad
375 4234 572 4308 peragendum
596 4235 788 4290 celebritatem
809 4235 918 4290 concilii
932 4236 962 4290 in
1013 4240 1132 4305 septem.
1148 4236 1206 4306 Ego
1223 4235 1365 4305 Quiricus,
1379 4236 1459 4293 urbis
1479 4238 1568 4310 regiae
1592 4236 1798 4312 metropolium

144 4330 366 4404 metropolitana
377 4330 454 4397 sede,
469 4336 668 4400 temporeque
689 4329 826 4400 principis
842 4329 884 4384 rel
898 4345 962 4384 me·
1013 4329 1171 4401 episcopus,
1184 4328 1247 4384 herc
1259 4336 1340 4402 gesta
1352 4330 1488 4403 synodica
1501 4346 1519 4386 a
1532 4330 1616 4389 nobis
1627 4322 1797 4397 delinita&

145 4425 312 4499 tropolitani
325 4423 423 4481 electio
437 4421 587 4492 definierit,
602 4422 709 4479 devotis
727 4439 840 4495 semper
851 4422 962 4478 animo·
1013 4423 1122 4494 scripsi.
1138 4422 1279 4479 Similiter
1290 4429 1320 4481 et
1332 4425 1380 4481 alii
1396 4425 1523 4498 episcopi
1536 4417 1796 4501 subscripseruuttlt·

145 4538 210 4578 rum
226 4519 328 4577 studiis
340 4519 535 4586 conteramus,
552 4533 604 4573 nec
626 4516 798 4588 quibuslibet
821 4516 963 4590 requisitis
1014 4532 1076 4571 cem
1095 4519 1124 4571 et
1139 4523 1258 4590 septem.

302 4838 511 4936 iNClPlT
545 4836 856 4935 CONClLlUM
891 4834 1239 4935 TOLETANUM
1272 4835 1677 4935 DUODEGIMUM.

363 5016 523 5082 Habitum
536 5034 605 5081 aera
619 5034 734 5082 nccrnx
748 5035 835 5082 enne
847 5019 958 5103 primo
972 5014 1109 5100 Erinpii
1121 5016 1218 5100 repis,
1235 5015 1349 5098 quinto
1363 5015 1443 5081 teas
1456 5015 1625 5082 ianuarii.

184 5197 256 5254 Cum
280 5202 323 5248 'ex
354 5188 475 5262 glorioso
501 5188 631 5263 praedicti
656 5188 795 5263 principis
822 5190 905 5261 iussu
934 5188 1004 5277 inl)
1016 5186 1112 5264 134
1124 5186 1295 5261 multiplices
1307 5185 1496 5261 omnipotenti
1511 5187 1633 5245 llomlno
1647 5187 1707 5261 epit
1717 5184 1747 5267 ds
1755 5190 1813 5261 w·

148 5304 239 5348 unum
250 5287 400 5344 finissemus
412 5284 559 5357 aggregati
572 5288 755 5352 conventum,
770 5287 800 5340 et
810 5283 839 5338 in
850 5282 966 5339 basilica
1014 5289 1101 5339 ventu
1110 5281 1223 5339 concilii
1238 5282 1336 5352 totius,
1350 5285 1382 5336 ut
1393 5297 1451 5337 surae
1466 5281 1598 5354 gloriosae
1608 5278 1800 5355 Jusnouncr·

149 5388 315 5445 sanctornm
335 5378 526 5453 apostolorum
549 5377 653 5434 debitis
673 5375 836 5434 insedibus
858 5377 964 5433 locare·
1015 5376 1045 5435 in
1065 5391 1157 5433 unum
1178 5374 1322 5444 adessent,
1336 5375 1517 5448 impleverint
1536 5378 1648 5448 sotum,
1667 5380 1697 5433 st
1713 5372 1801 5431 uun·

150 5496 226 5549 mrrr,
236 5475 326 5533 adfuit
339 5489 436 5531 coram
448 5471 532 5529 nobis
546 5472 623 5527 idem
639 5470 878 5527 clementissimus
890 5470 966 5543 prin·
1015 5471 1132 5527 cisionis
1153 5470 1367 5525 innovationem
1389 5469 1513 5525 iecerint·
1528 5470 1715 5544 gaudiorum,
1725 5454 1803 5524 aaut

150 5590 225 5647 ceps,
247 5567 436 5627 humanitatis
457 5566 548 5638 gratia
571 5564 680 5636 plenus,
701 5571 730 5620 ct
754 5565 831 5621 claro
853 5565 966 5637 pietatis
1015 5565 1151 5636 adjiciens
1173 5565 1211 5620 sic
1234 5580 1320 5621 omne
1340 5563 1493 5619 concilium
1519 5566 1562 5620 est
1586 5564 1745 5622 allocutus:
1760 5554 1804 5615 ltu

150 5667 228 5723 cultu
242 5663 420 5738 perspicuus,
434 5659 483 5730 qni
503 5661 600 5712 nostro
613 5673 642 5711 sc
657 5659 741 5713 coeturi
762 5659 896 5714 reclivem
917 5648 964 5714 isr-
1016 5659 1134 5716 dubium
1149 5664 1201 5728 est,
1216 5657 1384 5714 sanctissimi
1404 5659 1510 5727 Patres,
1524 5656 1604 5731 quod
1617 5642 1806 5732 optimine&

29 5760 32 5764 '
134 5757 244 5816 bibens
257 5754 449 5825 acderctuui,
466 5751 610 5829 imprimis
633 5753 764 5810 omnium
785 5754 965 5812 sacerdotum
1014 5753 1118 5811 tiorum
1132 5753 1274 5827 adJutoria
1289 5751 1384 5809 ruenti
1402 5751 1514 5809 mundo
1532 5738 1809 5824 subventorem

118 5862 155 5904 sc
174 5851 328 5907 commisit
349 5839 490 5925 precibus
513 5849 725 5929 sdJ'uvmdum,
748 5851 853 5911 deinde
875 5856 972 5925 grates
1020 5848 1103 5907 cios'u
1119 5864 1187 5923 qua
1204 5846 1453 5921 corrigendorum
1471 5843 1576 5905 snum
1599 5834 1812 5922 anguore
