3870 6150
750 226 986 284 encaeniatus
1005 227 1198 286 eoeneeuo.

468 387 660 459 EDICTUM
682 388 835 459 DOMINI
857 387 1145 460 CONSTANTINI
1168 389 1473 461 IMPERATORIS.

163 534 194 587 ln
207 533 325 589 nomine
345 538 450 590 sanctas
468 539 496 591 et
519 535 673 592 individuae
690 537 843 607 Trinitatis,
857 537 946 594 Patris
955 547 985 622 Α
994 537 1154 610 virtutibus,
1170 542 1199 594 et
1212 537 1352 593 universis
1365 543 1449 594 terrae
1461 537 1588 595 materiis
1603 538 1650 611 pio
1664 538 1811 612 sapientie

128 626 245 694 scilicet,
259 627 368 697 etFilii,
385 632 414 684 et
429 628 550 701 Spiritus
562 630 662 701 sancti,
677 630 834 700 imperator
848 632 944 689 Cesar
994 648 1053 687 suae
1077 636 1149 687 nutu
1177 631 1214 687 ad
1244 632 1399 703 imaginem
1426 635 1456 687 et
1483 633 1702 690 similitudinem
1729 650 1812 690 suam

129 721 246 776 Fmvrus
265 723 481 793 Cossraurrrvus,
498 722 527 779 iu
539 723 650 780 Christo
673 724 749 794 lesu,
765 742 823 780 uno
844 742 879 782 ex
894 742 943 782 ea·
995 724 1056 799 57
1071 725 1411 797 primumdelimoterrve
1418 727 1686 800 strigenshominem
1694 727 1811 784 hunein

130 815 195 869 dem
207 815 344 871 Trinitate
356 821 464 886 sanem,
475 817 628 888 Salvatore,
641 818 762 875 Domino
776 821 831 876 [leo
847 823 945 878 nostro
993 818 1122 892 paradiso
1142 820 1237 892 posuit
1251 820 1413 892 voluptatis.
1434 821 1526 885 Quem
1541 821 1676 893 antiquus
1693 838 1811 894 serpens

129 907 230 977 tidelis,
245 912 422 980 mansuetus,
443 911 598 984 beneficus,
611 913 821 983 alemannicus,
845 914 944 971 Gothi·
994 915 1024 968 et
1039 913 1127 969 hostis
1141 914 1271 971 invidens
1292 913 1421 969 diabolus
1445 930 1496 986 per
1516 913 1726 970 amarissimum
1738 914 1811 988 ligni

131 1020 186 1073 cus,
210 1004 396 1074 Sarmaticus,
410 1005 602 1074 Germanicus,
623 1007 811 1079 Britannicus,
833 1008 944 1079 unicus,
994 1007 1073 1063 vetiti
1099 1011 1226 1080 gustum,
1256 1009 1382 1064 exsulem
1404 1008 1440 1063 ab
1466 1008 1575 1065 eisdem
1604 1009 1672 1065 fecit
1699 1008 1811 1081 gaudiis

133 1097 401 1169 pins,lelix,victor,
415 1100 659 1172 actriumpbator,
673 1105 943 1174 semperaugustus,
994 1100 1069 1173 (deu.
1086 1119 1105 1171 1,
1126 1103 1165 1172 u),
1187 1118 1279 1174 eoque
1301 1103 1418 1175 expulso
1441 1119 1500 1159 nou
1527 1102 1630 1159 desinit
1651 1119 1703 1159 sua
1725 1119 1809 1159 vene-

132 1191 306 1247 senctissimo
332 1208 364 1247 ac
392 1192 558 1250 beatissimo
586 1194 662 1251 Patri
686 1196 845 1265 Svnvssruo,
865 1195 945 1252 urbis
993 1213 1075 1266 nosa,
1096 1195 1194 1252 multis
1217 1194 1309 1252 modis
1327 1197 1467 1268 protelare
1489 1197 1597 1268 jacula,
1611 1201 1642 1253 ut
1660 1214 1678 1252 a
1698 1197 1742 1253 via
1760 1213 1808 1253 ve-

132 1286 226 1341 Romae
246 1285 381 1359 episcopo
402 1291 432 1343 et
448 1304 539 1361 papae,
554 1291 642 1362 atque
655 1289 788 1346 omnibus
802 1290 864 1363 ejus
877 1306 941 1346 suc·
992 1290 1083 1347 sitatis
1098 1290 1260 1345 humanum
1275 1289 1444 1346 abstrahens
1464 1306 1567 1362 genus,
1588 1290 1733 1347 idolorum
1749 1290 1809 1347 cul·

131 1379 296 1450 cessoribus,
312 1381 362 1454 qui
383 1381 413 1438 in
434 1381 503 1439 sede
516 1381 592 1440 beati
612 1383 688 1440 Petri
714 1383 945 1456 usqueinfinem
992 1387 1076 1456 turae,
1090 1384 1221 1442 videlicet
1233 1387 1380 1456 creature,
1396 1388 1425 1441 et
1445 1401 1506 1441 uon
1529 1385 1658 1443 Creatori
1669 1384 1811 1442 deservire

131 1474 222 1529 seculi
233 1474 339 1531 sessuri
352 1479 428 1543 sunt,
441 1475 623 1548 pontificibus
634 1494 688 1534 nec
696 1494 755 1534 nun
771 1482 799 1534 et
808 1478 944 1536 omnibus
993 1479 1120 1548 suadeat,
1136 1482 1338 1553 quatenusper
1351 1479 1405 1537 bos
1417 1495 1465 1536 eos
1479 1496 1549 1553 quos
1564 1479 1622 1536 suis
1634 1480 1757 1537 voluerit
1769 1479 1809 1536 ir·

130 1567 370 1624 reverendissimis
394 1572 424 1626 et
447 1571 504 1627 Deo
525 1571 695 1627 amabilibus
716 1572 862 1629 catholicis
882 1574 943 1647 epi·
993 1573 1079 1630 retire
1098 1572 1218 1643 insidiis,
1243 1590 1342 1630 seeum
1365 1577 1474 1631 esterno
1496 1573 1601 1632 efficiat
1621 1589 1808 1631 concreman-

129 1661 218 1733 scopis
232 1661 328 1718 eidem
350 1666 534 1720 sacrosancte
555 1665 640 1722 Rom.
660 1665 792 1723 Eeclesioe
804 1683 856 1739 per
869 1668 945 1724 hanc
993 1668 1045 1723 dos
1059 1666 1207 1740 supplicio.
1227 1668 1281 1725 Sed
1296 1669 1372 1725 Deus
1385 1673 1492 1738 noster,
1508 1669 1643 1725 misertus
1663 1668 1811 1742 plasmatis

128 1759 252 1810 nostram
280 1755 457 1830 imperialem
484 1758 718 1817 constitutionem
745 1760 880 1832 subjectis
912 1762 944 1819 in
994 1761 1048 1831 sui,
1062 1761 1188 1833 dirigens
1210 1765 1321 1819 muetos
1344 1778 1410 1819 suos
1431 1763 1592 1835 prophetes,
1608 1779 1661 1836 per
1678 1779 1749 1835 quos
1763 1763 1808 1818 lu·

127 1850 258 1906 universo
273 1850 341 1906 orbe
353 1856 507 1920 terrarum,
524 1869 601 1910 nunc
612 1857 641 1910 et
652 1854 684 1911 in
699 1854 820 1927 posteris
833 1856 943 1913 cunctis
992 1871 1062 1911 men
1074 1855 1179 1912 lutura
1195 1855 1268 1926 vite,
1286 1855 1441 1913 adventum
1454 1856 1585 1912 videlicet
1607 1856 1669 1912 Filii
1687 1856 1732 1912 sui
1751 1857 1808 1912 llo·

128 1947 200 2000 retro
215 1944 394 2017 temporibus
416 1946 585 2017 constitutis,
602 1948 703 2020 gratia,
724 1965 789 2022 pax,
808 1922 1062 2022 charitas,Bmini
1081 1949 1132 2005 bei
1155 1954 1183 2006 ct
1203 1949 1351 2006 salvatoris
1372 1950 1461 2007 nostri
1482 1951 1546 2006 lesu
1567 1949 1680 2018 Christi,
1695 1966 1807 2006 annum

127 2037 277 2110 gavidium,
301 2039 513 2111 longanimitas,
530 2041 733 2111 misericordia,
747 2059 764 2097 a
779 2045 837 2101 Deo
858 2046 941 2101 Patre
991 2042 1066 2099 tians
1078 2042 1156 2101 misit
1167 2044 1303 2100 eumdem
1312 2043 1495 2116 unigenitum
1509 2042 1612 2100 Filium
1623 2059 1707 2099 suum
1720 2047 1749 2099 et
1761 2060 1807 2099 sa-

126 2131 323 2205 omnipotente
344 2136 373 2188 et
394 2133 458 2190 lesu
481 2134 591 2192 Christo
611 2135 683 2192 rivio
704 2136 777 2209 ejus,
792 2139 822 2194 et
835 2136 943 2211 Spiritu
991 2137 1107 2209 pientiae
1118 2137 1254 2194 Verbum.
1271 2137 1338 2208 uui,
1359 2138 1532 2194 descendens
1544 2138 1580 2194 de
1593 2137 1672 2194 coelis
1691 2141 1808 2210 propter

126 2231 220 2282 uncto
234 2242 302 2282 curu
318 2227 452 2283 omuibus
464 2228 554 2284 vobis.
992 2235 1117 2287 nostram
1130 2231 1260 2302 salutem,
1274 2235 1358 2288 natus
1379 2232 1414 2288 de
1436 2231 1542 2304 Spiritu
1560 2234 1659 2288 sancto
1673 2247 1707 2286 ex
1720 2231 1809 2286 tlaria
1864 2277 1867 2281 .

155 2321 197 2375 lie
215 2336 284 2393 quae
305 2321 427 2377 salvator
451 2325 479 2377 et
500 2321 665 2396 redemptor
680 2325 788 2392 noster,
804 2323 943 2381 Dominus
991 2323 1112 2397 virgine,
1128 2326 1246 2382 Verbum
1260 2341 1323 2382 curo
1336 2327 1441 2394 sactum
1454 2330 1503 2388 est,
1518 2329 1544 2382 et
1568 2326 1746 2381 habitabilia
1759 2341 1807 2380 co·

127 2416 223 2470 noster
234 2415 317 2470 lesus
330 2415 457 2471 Christus
469 2415 600 2472 altissimi
612 2417 702 2474 Patris
715 2418 864 2491 Filiusper
878 2434 943 2475 suos
993 2419 1032 2474 bis
1047 2418 1134 2491 (loon.
1149 2435 1169 2486 1,
1184 2418 1237 2488 tt),
1253 2434 1310 2475 non
1333 2418 1430 2474 amisit
1439 2419 1517 2492 quod
1537 2418 1641 2490 iuerat,
1657 2419 1708 2474 sed
1724 2418 1810 2490 coepit

126 2511 236 2563 sanctos
253 2509 394 2580 apostolos
415 2511 533 2566 Petrum
548 2516 576 2568 et
589 2512 718 2582 Paulum,
733 2511 946 2570 interveniente
992 2513 1142 2584 essequod
1162 2529 1221 2567 non
1241 2518 1313 2569 erat.
1330 2513 1422 2569 Deum
1441 2513 1603 2585 perfeetum
1618 2515 1648 2568 et
1660 2512 1809 2567 hominem

126 2603 205 2658 Patre
217 2608 317 2658 nostro
331 2603 475 2672 silvestro,
490 2621 605 2662 summo
618 2605 753 2678 pontifice
777 2609 805 2662 et
825 2606 940 2664 univer·
991 2605 1150 2678 perlectum
1164 2609 1194 2660 ul
1207 2607 1291 2673 Deus,
1300 2605 1443 2661 mirabilia
1456 2606 1617 2678 perficiens,
1633 2608 1662 2661 et
1675 2608 1708 2660 ut
1722 2607 1809 2661 bomo

126 2696 173 2751 sali
193 2713 270 2769 papa
288 2696 459 2754 mirabiliter
475 2698 608 2771 dignatus
629 2702 672 2756 est
695 2700 818 2772 operari,
832 2700 943 2773 liquida
992 2700 1132 2755 humanas
1145 2700 1290 2772 passiones
1305 2699 1456 2771 sustinens,
1471 2701 1511 2755 ita
1524 2699 1647 2755 Verbum
1659 2699 1807 2754 hominem

127 2790 302 2862 umratioue,
313 2808 366 2865 per
373 2791 459 2863 hujus
469 2796 576 2849 nostrae
588 2793 743 2866 imperialis
754 2793 942 2852 institutionis
992 2797 1021 2850 et
1032 2793 1156 2848 Verbum
1168 2794 1269 2862 Deum,
1279 2793 1454 2866 predicante
1467 2794 1550 2849 Patre
1562 2794 1659 2848 nostro
1673 2792 1808 2848 Silvestro

127 2883 270 2956 paginam,
295 2885 333 2941 ad
348 2886 541 2958 cognitionem
564 2888 695 2944 omnium
719 2889 891 2961 populorum
911 2889 943 2946 in
991 2903 1103 2942 summo
1114 2886 1259 2960 pontifice,
1276 2887 1475 2960 intelligimus,
1485 2891 1519 2942 ut
1531 2901 1630 2941 vemm
1644 2886 1744 2952 Deum,
1759 2901 1806 2940 ve-

127 2978 258 3034 universo
277 2980 347 3036 orbe
367 2984 510 3037 terrarum
531 2982 639 3038 studuit
662 2998 822 3055 propagare
843 2984 943 3039 nostra
990 2979 1808 3052 rumhominemiuissenullumodoambigemus.Electis·

127 3073 353 3130 mansuetissima
372 3075 519 3132 serenitas.
534 3076 663 3131 Primum
681 3075 799 3149 quidem
813 3081 941 3133 nostram
991 3092 1048 3147 que
1062 3075 1215 3131 duodecim
1225 3073 1810 3148 apostolis,miraculiscorameisetinnu-

127 3166 217 3236 lidem,
233 3183 323 3239 quam
338 3169 485 3240 apraelato
498 3169 663 3253 beatissimo
679 3171 761 3226 Patre
783 3174 812 3225 et
833 3174 942 3227 oratore
992 3169 1137 3224 morabilis
1150 3169 1249 3242 populi
1261 3168 1446 3225 multitudine
1457 3167 1623 3224 coruscavit.
1636 3166 1810 3223 confitemur
1924 3222 1932 3231 ,

128 3264 221 3316 nostro
244 3261 379 3318 silvestro
401 3263 554 3319 universali
576 3264 711 3335 pontifice
731 3264 808 3321 docti
832 3281 939 3336 sumus,
991 3263 1126 3319 eumdem
1142 3263 1294 3318 Dominum
1308 3265 1404 3318 lesum
1420 3262 1564 3320 Christum
1585 3261 1755 3334 adimplesse
1767 3260 1808 3315 le·

129 3353 225 3410 intima
240 3355 333 3411 cordis
353 3355 531 3413 confessione
555 3357 591 3412 ad
615 3358 796 3414 instruendas
811 3359 941 3415 omnium
992 3373 1057 3429 gem
1080 3362 1109 3412 et
1129 3357 1293 3429 prophetas,
1318 3373 1441 3428 passum,
1466 3356 1633 3411 crucifixum
1653 3353 1811 3410 secundum

129 3453 250 3508 vestrum
260 3450 659 3523 montesprolerentes,etita
672 3451 789 3508 demum
797 3453 846 3509 liei
859 3453 942 3509 mise-
991 3449 1158 3522 Scripturas,
1182 3451 1265 3506 tertia
1287 3450 1333 3506 die
1355 3467 1373 3505 a
1396 3449 1518 3506 mortuis
1538 3448 1736 3517 resurrexisse,
1764 3463 1808 3501 as·

129 3541 277 3597 ricordiem
292 3560 377 3615 super
399 3561 447 3599 vos
469 3542 604 3600 dillusam
626 3545 839 3602 annuntiantes.
854 3547 941 3602 Nosse
990 3548 1139 3615 sumptum
1163 3543 1193 3599 in
1217 3545 1309 3611 coelos,
1336 3547 1422 3616 atque
1443 3543 1589 3599 sedentem
1608 3541 1644 3597 ad
1663 3541 1809 3619 dexteram

128 3634 200 3689 enim
223 3651 273 3690 vos
296 3636 434 3706 volumus,
448 3636 521 3693 sicut
543 3653 594 3709 per
619 3639 793 3694 anteriorem
812 3645 941 3695 nostram
989 3637 1089 3693 Patris.
1115 3636 1184 3693 lude
1207 3641 1359 3692 venturum
1376 3637 1505 3708 judicare
1529 3636 1608 3692 vivos
1625 3639 1654 3692 et
1668 3638 1808 3704 mortuos,

126 3743 231 3784 sacram
245 3730 452 3802 pragmaticam
470 3731 631 3804 jussionem
643 3733 873 3805 significavimus,
889 3750 941 3790 nos
990 3731 1070 3802 cujus
1083 3730 1199 3802 imperii
1215 3747 1275 3787 non
1289 3729 1344 3785 erit
1358 3729 1431 3785 linis.
1445 3731 1510 3785 llaec
1530 3735 1572 3786 est
1586 3731 1663 3786 enim
1675 3728 1744 3784 fides
1757 3744 1809 3783 no-

125 3823 270 3880 sculturis
285 3824 439 3896 idolorum,
456 3825 616 3882 simulacris
632 3828 720 3884 mutis
733 3832 762 3884 et
772 3828 864 3884 surdis
878 3845 939 3883 ma·
991 3827 1058 3892 stra,
1071 3823 1218 3894 catholice,
1233 3822 1596 3893 orthodoxe,abeatissimo
1612 3824 1695 3878 Patre
1709 3825 1809 3877 nostro

124 3917 256 3987 nulactis,
270 3918 415 3975 diabolicis
427 3920 679 3992 compositionibus
697 3925 783 3994 atque
797 3922 832 3978 ab
846 3922 939 3978 omni·
990 3918 1121 3974 Silvesho
1135 3934 1247 3974 summo
1262 3917 1394 3991 pontifice
1408 3916 1489 3973 nobis
1500 3916 1622 3989 prolata.

121 4007 176 4065 bus
190 4012 302 4068 &unta
315 4013 428 4086 pompis
441 4013 599 4082 recessisse,
615 4020 643 4071 et
655 4016 692 4071 ad
706 4017 849 4089 integram
863 4016 942 4073 Chri·
1025 4013 1183 4070 Exhortans
1205 4012 1309 4068 idcirco
1333 4027 1449 4067 omnem
1468 4011 1616 4083 populum,
1636 4014 1665 4066 et
1686 4009 1809 4066 diversas

119 4105 280 4161 stianorum
293 4105 379 4163 fidem
397 4124 462 4180 quta
484 4112 528 4163 est
548 4125 615 4164 vera
627 4110 675 4165 lux
692 4112 722 4164 et
733 4110 791 4167 vita
806 4113 942 4183 perpetua
991 4108 1121 4180 gentium
1132 4107 1263 4164 nationes
1276 4107 1349 4161 banc
1362 4105 1449 4161 iidem
1463 4108 1571 4174 tenere,
1586 4103 1679 4160 colere
1693 4107 1722 4160 ct
1732 4120 1808 4176 prae-

121 4200 298 4270 pervenisse,
314 4201 464 4258 credentes
475 4202 559 4273 juxta
573 4203 603 4258 id
616 4203 696 4275 quod
708 4220 761 4260 nos
775 4204 942 4260 idemalmi-
991 4201 1096 4271 dicare,
1118 4205 1147 4256 et
1168 4200 1200 4255 iu
1223 4204 1329 4256 sancte
1352 4198 1497 4255 Trinitatis
1523 4197 1641 4253 nomine
1662 4196 1809 4270 aptissime

123 4291 203 4360 fieus,
219 4310 350 4350 summus
365 4296 448 4352 Pater
469 4299 498 4351 et
519 4295 617 4351 doctor
632 4301 729 4352 noster
744 4297 880 4354 silvester
894 4298 940 4353 in·
992 4295 1114 4366 gratiam
1123 4295 1270 4367 consequi,
1283 4299 1312 4349 ct
1323 4294 1613 4349 Dominumnostrum
1622 4291 1808 4348 lesumChri·

126 4387 226 4441 struxit
239 4388 377 4458 pontifex,
390 4392 420 4444 in
432 4393 514 4446 Deum
528 4392 637 4447 Patrem
651 4394 867 4461 omnipotentem,
880 4393 940 4460 suc-
957 4398 960 4404 '
991 4391 1066 4443 stum
1084 4387 1263 4456 salvatorem,
1289 4387 1338 4460 qui
1359 4404 1425 4443 cum
1446 4388 1529 4442 Patre
1544 4391 1572 4443 et
1587 4385 1694 4457 Spiritu
1710 4387 1808 4441 sancto

128 4484 207 4536 torem
229 4482 289 4536 cell
311 4485 337 4538 et
359 4487 446 4547 terra,
470 4485 620 4540 edibilium
641 4487 760 4541 omnium
773 4491 798 4541 et
817 4487 939 4542 taobtbi-
991 4499 1042 4555 per
1052 4481 1164 4537 infinita
1177 4482 1280 4537 saecula
1301 4480 1369 4537 vivit
1383 4485 1413 4536 et
1425 4484 1538 4552 regnat.
1554 4480 1645 4545 Quem
1664 4478 1808 4547 Silvester,

128 4573 201 4630 lium.
217 4577 294 4631 Elin
306 4578 398 4632 lesum
419 4576 556 4634 Christum
579 4580 680 4635 lilium
697 4579 754 4650 ejus
772 4581 941 4648 unipenttum
990 4575 1168 4633 beatissimus
1183 4577 1266 4631 Pater
1277 4579 1375 4631 noster
1389 4573 1568 4643 universalis,
1584 4571 1720 4645 praedicat
1733 4587 1807 4644 pon·

127 4670 267 4724 bominum
286 4674 417 4734 nostrum,
436 4687 487 4743 per
502 4688 579 4742 quem
602 4677 694 4728 creatu
713 4677 778 4729 sunt
793 4676 893 4730 omraic.
907 4671 982 4745 EtD
992 4670 1061 4727 tifex
1074 4669 1157 4726 corde
1170 4670 1269 4725 devoto
1283 4669 1409 4725 adorare.
1425 4668 1486 4739 lpse
1500 4667 1577 4723 enim
1591 4665 1731 4722 Dominus
1754 4682 1808 4721 no-

127 4763 153 4816 iu
166 4762 300 4834 Spiritum
313 4771 437 4820 sunctum
450 4769 600 4830 Dominum,
625 4771 650 4822 et
670 4768 864 4837 vivificatorem
877 4770 941 4822 uni·
992 4770 1050 4821 ster
1072 4763 1206 4819 misertus
1226 4762 1299 4818 mibi
1323 4761 1474 4833 peccatori,
1497 4760 1575 4816 misit
1602 4764 1715 4816 sanctos
1743 4776 1809 4816 suos

126 4870 205 4912 trrsae
227 4862 368 4919 uenture.
390 4859 436 4914 bos
459 4862 568 4916 Putrem
589 4865 614 4916 el
628 4861 738 4924 Filium,
760 4866 787 4917 ct
809 4862 943 4932 spiritum
992 4859 1135 4930 apostolos
1146 4856 1183 4911 ad
1192 4855 1363 4912 visitandum
1372 4859 1471 4924 nos,et
1485 4855 1584 4910 lumen
1597 4854 1641 4910 sui
1650 4853 1809 4928 splendoris

124 4954 245 5005 sunctum
258 4955 423 5022 confitemur,
448 4955 489 5008 itu
511 4959 541 5009 ut
563 4957 592 5009 in
619 4956 753 5010 Trinitate
768 4955 901 5024 perfecto,
918 4959 944 5010 et
991 4951 1100 5008 infulsit
1114 4951 1206 5017 uobis,
1228 4953 1257 5005 et
1277 4950 1452 5006 abstractum
1474 4965 1491 5003 a
1517 4947 1645 5004 tenebris
1662 4947 1699 5003 ad
1713 4962 1808 5003 veram

123 5044 264 5113 plenitudo
284 5047 321 5101 sit
336 5046 499 5110 divinitatis,
522 5052 548 5103 ct
568 5050 662 5104 unitos
682 5050 833 5119 potcstatis,
863 5051 944 5105 Pater
992 5047 1086 5102 lucem
1100 5048 1129 5101 et
1140 5044 1318 5116 agnitionem
1332 5059 1379 5099 me
1394 5041 1503 5099 venisse
1517 5041 1807 5114 gratulaminiNam,

125 5139 200 5201 brus,
226 5139 312 5194 Filius
334 5143 415 5203 Deus,
439 5145 464 5195 et
485 5143 604 5213 Spiritus
624 5146 734 5198 sanctus
755 5145 836 5205 Deus,
850 5147 876 5198 et
891 5147 943 5198 tres
992 5140 1062 5196 dum
1076 5139 1170 5196 valida
1188 5137 1326 5212 squaloris
1341 5137 1420 5210 lepra
1438 5140 1528 5193 totam
1544 5136 1603 5192 mci
1619 5135 1749 5208 corporis
1762 5133 1807 5188 in-

124 5246 206 5287 unum
225 5237 290 5288 sunt
308 5235 337 5288 in
358 5236 419 5289 Jcsu
442 5235 557 5292 Christo.
572 5237 639 5291 Tres
658 5235 877 5308 itaquelormae,
894 5237 943 5293 sed
991 5234 1110 5291 vasisset
1130 5249 1257 5302 carnem,
1280 5235 1308 5288 et
1332 5232 1491 5287 multorum
1506 5230 1683 5286 medicorum
1705 5242 1805 5301 conve·

127 5340 179 5379 una
204 5330 341 5398 potestas.
369 5328 441 5383 llam
471 5328 585 5401 sapiens
617 5332 695 5385 retro
728 5345 843 5402 semper
868 5331 943 5387 Deus
991 5328 1134 5385 nientium
1147 5343 1214 5383 cura
1227 5326 1422 5396 adhiberetur,
1438 5341 1491 5382 uec
1504 5325 1590 5381 ullius
1604 5322 1719 5397 quidem
1738 5335 1808 5375 cura

127 5417 211 5474 edidit
237 5435 269 5475 er
293 5437 333 5491 se,
362 5437 416 5493 per
443 5423 522 5494 quod
548 5439 661 5496 semper
685 5427 767 5481 crant
796 5423 942 5497 gignenda
991 5421 1248 5496 promeruissemus
1261 5421 1393 5490 salutem,
1406 5420 1443 5475 ed
1457 5420 1511 5474 hoo
1523 5417 1663 5474 venerunt
1674 5412 1805 5470 sacerdo·

128 5513 245 5580 secula,
273 5514 407 5570 Verbum.
438 5518 490 5584 ut,
523 5517 638 5588 quando
669 5517 771 5574 eodem
795 5518 854 5573 solo
883 5533 942 5574 sue
991 5521 1034 5573 tes
1047 5514 1179 5587 Capitolii
1191 5514 1327 5584 dicentes,
1348 5513 1421 5569 mihi
1442 5511 1545 5568 debere
1565 5508 1629 5565 fieri
1649 5507 1758 5563 iontem
1775 5506 1807 5563 in

129 5605 270 5676 sapientiae
305 5608 396 5664 Verbo
428 5609 592 5667 vmiversem
627 5627 660 5668 ex
687 5611 778 5668 nihilo
809 5611 944 5667 formavit
990 5608 1127 5683 Capitolio
1141 5611 1171 5665 et
1185 5607 1323 5680 compleri
1346 5607 1424 5664 hunc
1443 5602 1640 5661 innocentium
1654 5600 1805 5675 sauguine,

131 5705 303 5770 creaturam,
340 5719 406 5758 cum
443 5723 477 5759 eo
513 5708 575 5760 erat
610 5708 713 5763 cuncta
751 5722 802 5762 suo
839 5720 942 5761 arcano
990 5703 1105 5761 etineo
1118 5703 1227 5759 calente
1247 5701 1310 5758 loco
1331 5716 1378 5756 me
1397 5714 1480 5772 posse
1494 5694 1642 5754 mundari.
1656 5697 1805 5753 Etsecun·
1908 5776 1912 5782 ι

132 5806 300 5865 wmponens
333 5797 488 5868 neuterio,
519 5797 607 5870 igitur
638 5798 773 5872 perlectis
802 5799 940 5857 caluam
990 5797 1060 5857 dum
1073 5813 1176 5859 eorum
1189 5789 1831 5871 dictavsggregahspturimutnnocemhms
