3870 6150
128 49 193 103 llti'f
574 46 713 101 APPEND.
734 47 778 101 hl)
797 46 877 102 SAEG.
899 46 942 101 lx.
957 75 990 85 —-
1011 46 1132 102 lSlbORl
1151 47 1361 104 hshcatoals
1741 57 1798 111 slas

123 155 212 213 tentia
227 157 282 210 [leo
302 157 336 211 ad
359 155 584 212 destructionem
600 156 803 225 munitionum,
824 156 941 213 consilia
951 167 980 242 Α
991 173 1055 212 rum
1068 156 1210 229 principes
1222 159 1446 231 conjungentem
1462 175 1551 232 usque
1570 160 1608 216 ad
1631 177 1798 234 paganorum

124 251 299 305 destruentes
312 254 341 306 et
354 267 470 306 omnem
485 249 687 305 exaltationem
711 251 896 307 extollentem
911 268 941 308 se
991 250 1073 319 lines,
1086 251 1159 307 etin
1172 254 1266 324 partes
1278 253 1511 321 Germanicarum
1525 255 1672 326 gentium,
1683 256 1732 311 ubi
1742 263 1798 314 ante

123 342 417 400 adversusscientiam
442 345 501 411 Dei,
520 346 549 399 in
564 344 757 416 captivitatem
778 345 941 416 redigentes
990 345 1162 416 praedicasti,
1176 350 1317 418 quatenus
1327 348 1367 403 ibi
1377 348 1473 404 sedem
1484 350 1738 421 metropolitanam
1747 369 1799 423 per·

124 454 238 495 omnem
252 439 438 507 intellectum,
455 443 483 493 et
497 433 612 494 omnem
627 439 832 509 cogitationem
847 440 877 494 in
893 440 940 495 oh·
991 443 1077 510 petuo
1105 443 1234 513 tempore
1261 441 1367 498 habere
1398 442 1513 512 debeas,
1540 448 1574 499 ut
1600 443 1671 498 inde
1696 449 1799 500 catores

122 533 252 606 sequium
269 533 371 588 Christi
391 533 578 605 perducentes
597 533 633 602 (ll
651 533 710 588 Cor.
728 550 753 602 x,
770 535 796 602 ι,
815 537 850 604 5).
866 555 882 584 u
899 534 940 589 De
991 533 1135 605 episcopos
1150 534 1185 589 ad
1198 534 1272 590 viam
1287 535 1440 593 instrueres
1454 536 1647 607 rectitudinis,
1668 542 1697 594 el
1710 544 1799 610 postte

124 630 237 696 caetero,
255 627 364 696 fratres,
382 627 580 682 confortamini
594 627 623 681 in
635 625 753 681 llomino
764 631 793 682 et
802 627 831 681 in
841 630 940 699 poten·
991 627 1032 682 tui
1045 644 1220 684 successores
1236 632 1373 701 perpetuo
1383 631 1450 701 jure
1462 631 1650 703 possideaut3
1669 633 1723 687 hoc
1735 634 1799 705 quod

123 721 162 776 tia
173 721 349 776 fortitudinis
361 722 431 793 ejus.
446 723 503 776 Pax
518 721 595 776 vohis
608 721 698 776 multa
714 725 742 776 et
755 720 847 793 gratia
857 737 874 776 a
884 721 940 776 [leo
991 721 1177 778 decreverunt
1190 724 1256 777 lato
1268 739 1318 778 nos
1331 724 1500 797 suscipimus
1513 726 1626 793 animo,
1643 742 1679 782 eo
1694 728 1765 798 qnod
1774 744 1800 783 ex

124 821 152 870 et
164 815 282 871 Domino
298 817 394 871 nostro
408 817 475 870 lesu
487 815 599 869 Christo
614 814 801 870 ministretur.
812 815 941 887 Amplec·
991 815 1040 871 [lei
1058 819 1130 870 nutu
1149 816 1320 888 factumest,
1335 817 1379 873 vel
1392 819 1415 873 si
1433 819 1552 890 quidem
1566 820 1632 874 falsi
1646 821 1800 887 sacerdotes,

121 909 210 964 tirnur
224 914 253 964 et
268 910 439 978 osculamur,
456 909 522 964 acsi
539 913 695 981 presentes
714 908 882 964 charitatem
894 926 939 963 ve·
991 913 1019 964 et
1045 909 1214 966 schismatici
1242 912 1295 967 hoc
1316 912 1457 984 impedire
1480 914 1574 968 eonati
1598 919 1676 981 sunt,
1692 932 1802 987 quorum

121 1007 211 1059 stram
224 1003 253 1059 in
266 1004 407 1059 unitatem
423 1002 555 1075 Spiritus,
572 1003 601 1058 in
615 1002 726 1057 vinculo
740 1002 818 1075 pacis
833 1007 861 1058 et
875 1003 940 1058 cha·
990 1019 1095 1057 vanum
1119 1020 1242 1075 agonem
1266 1006 1404 1062 [lominus
1423 1006 1583 1078 dissipabit,
1608 1012 1638 1062 et
1660 1008 1709 1063 illa
1731 1009 1803 1064 tedet

122 1098 214 1152 ritatis
226 1098 338 1153 Christi.
351 1100 423 1153 [leus
433 1114 481 1152 vos
493 1097 650 1153 incolumes
660 1097 809 1167 custodiat,
821 1096 940 1153 dilectis
990 1096 1115 1152 stabilita
1126 1114 1191 1170 quae
1205 1103 1368 1155 sanctornm
1379 1101 1495 1156 Petrum
1509 1101 1628 1157 statutis
1641 1104 1804 1157 conveniunt

123 1192 189 1246 simi
202 1191 294 1247 nobis.
991 1190 1175 1247 concordare.
1197 1194 1230 1248 Et
1248 1193 1315 1265 quia
1336 1194 1455 1266 tibiipsi
1477 1196 1626 1267 principes
1642 1197 1804 1251 Francorum

344 1287 473 1355 Ejusdem
485 1286 522 1341 ud
537 1288 717 1354 Bonilacdum.
989 1286 1020 1340 in
1042 1285 1094 1341 hoe
1120 1286 1209 1342 etiam
1235 1286 1379 1358 adjutores
1397 1289 1576 1358 exstiterunt,
1601 1290 1744 1346 retribuat
1759 1291 1807 1346 illis

159 1380 404 1436 Reverendissimo
425 1384 454 1435 et
474 1380 651 1436 sanctissimo
673 1379 765 1449 fratri,
792 1380 939 1435 Boursncro
990 1379 1171 1451 omnipotens
1199 1381 1272 1435 Deus
1288 1382 1490 1438 vicissitudinis
1509 1384 1672 1455 praemium
1694 1386 1806 1440 etiann-

122 1474 298 1546 coepiscopo,
313 1476 477 1541 chasarm,
495 1490 591 1530 servus
607 1490 755 1528 servorum
771 1473 831 1527 Dei.
990 1488 1071 1528 mera
1104 1473 1242 1545 largiatur
1266 1474 1352 1530 hona.
1375 1477 1446 1530 Nam
1471 1476 1610 1531 similiter
1629 1476 1666 1532 de
1685 1477 1732 1532 illo
1746 1479 1806 1533 falso

159 1569 229 1623 Cum
241 1567 322 1623 nobis
333 1538 979 1638 sanctissimafraternitatistuaesyltahade·B
991 1566 1135 1639 episcopo,
1152 1583 1239 1639 quem
1254 1568 1351 1624 dixisti
1362 1569 1514 1625 adulterati
1526 1569 1638 1637 elerici,
1655 1576 1682 1627 et
1696 1571 1803 1626 homici-

124 1664 187 1719 latae
199 1662 329 1730 fuissent,
344 1667 428 1735 atque
441 1679 493 1734 per
503 1663 615 1734 singula
627 1661 715 1732 relegi
729 1660 902 1728 fecissemus,
913 1664 942 1715 et
991 1659 1034 1715 das
1048 1661 1138 1716 filium
1151 1677 1182 1716 ae
1196 1661 1224 1716 in
1239 1662 1380 1717 adulterio
1394 1666 1503 1730 natum,
1525 1669 1554 1719 et
1570 1665 1683 1737 absque
1696 1665 1804 1737 discipli·

127 1757 331 1830 reperissemus
346 1757 375 1811 in
390 1756 558 1812 earumdem
569 1755 729 1811 litterarum
745 1757 857 1809 tuarum
870 1754 942 1809 serie
992 1771 1030 1808 na
1043 1754 1194 1823 nutritum,
1209 1760 1238 1809 et
1247 1759 1350 1811 caetera
1363 1757 1447 1827 mala,
1464 1760 1494 1812 et
1507 1757 1671 1825 horribilia,
1686 1775 1749 1831 quae
1760 1776 1803 1831 per

124 1851 440 1924 quodpeccatisnostris
447 1849 704 1920 facientibus,dum
711 1848 849 1903 [lominici
856 1846 941 1903 tritici
992 1848 1106 1919 singula
1124 1849 1273 1916 enarrasti,
1288 1866 1321 1904 ac
1336 1865 1386 1921 per
1400 1851 1464 1920 hoc,
1484 1855 1513 1906 et
1528 1851 1573 1906 sui
1596 1851 1705 1908 similes
1723 1870 1802 1908 sacer·

125 1946 233 2000 semina
247 1960 391 2016 quaereres
408 1943 564 2010 elaborare,
586 1943 622 1997 ad
639 1942 799 2014 augendam
815 1944 942 2013 segetem
992 1942 1071 1997 dotes
1095 1942 1276 2011 consecravit,
1300 1943 1336 1998 de
1359 1944 1413 1999 hoc
1436 1944 1569 2000 meminit
1593 1950 1643 2001 tua
1662 1948 1802 2002 reverenda

124 2038 282 2111 spiritalem
312 2038 405 2093 subito
437 2036 545 2092 inimici
579 2035 807 2108 superseminant
836 2034 942 2090 zizania
991 2036 1152 2091 fraternitas
1175 2036 1252 2109 quod
1269 2037 1360 2092 trihus
1375 2037 1438 2109 jam
1458 2037 1567 2093 vicibus
1587 2041 1761 2113 scripsimus,
1777 2046 1801 2096 ιιι

124 2133 233 2204 (Mutet.
248 2149 306 2202 xru,
323 2133 368 2203 25)
391 2136 421 2186 ut
440 2131 617 2187 sanctitatem
633 2133 709 2185 tuam
724 2129 840 2185 inbono
854 2145 942 2200 opere
994 2129 1088 2185 nullus
1110 2130 1261 2200 homicida,
1283 2132 1379 2186 nullus
1401 2131 1526 2201 adulter,
1550 2134 1651 2189 nullus
1662 2135 1800 2191 fornicator

125 2226 293 2299 impediant.
313 2226 370 2282 Sed
393 2230 441 2281 tua
468 2229 563 2281 sancta
585 2224 744 2281 fraternitas
770 2224 943 2278 incessanter
993 2239 1105 2279 sacrum
1129 2223 1318 2280 ministerium
1342 2225 1445 2281 debeat
1463 2225 1641 2297 obtrectare,
1660 2228 1798 2301 sedneque

124 2321 246 2377 orationi
268 2321 363 2390 instet,
400 2320 506 2392 pariter
528 2335 593 2374 cum
620 2318 756 2374 tratribus
778 2317 826 2390 qui
846 2333 942 2373 secum
993 2317 1144 2390 poenitens,
1161 2323 1212 2374 aut
1225 2319 1289 2374 talis
1304 2320 1418 2392 qualem
1431 2320 1504 2376 sacri
1519 2337 1648 2379 canorms
1661 2323 1797 2395 prohibent

125 2416 268 2484 laborant,
284 2420 321 2470 et
341 2414 483 2486 spiritales
503 2414 628 2469 sarculos
640 2416 818 2481 construens,
839 2411 943 2466 zizania
992 2428 1052 2468 esse
1067 2412 1250 2469 sacerdotem.

125 2509 272 2564 eradicans
281 2506 791 2580 deportetadeomhurendum(leid,
804 2504 944 2575 acquisit
1029 2508 1067 2560 lle
1097 2505 1246 2578 baptizatis
1271 2507 1307 2562 ab
1334 2507 1391 2574 illo,
1421 2524 1472 2563 seu
1495 2509 1625 2565 ecclesiis
1648 2511 1796 2566 consecratis

125 2605 225 2658 heatus
239 2603 393 2673 Gregorius
406 2617 479 2673 papa
496 2618 502 2655 :
520 2601 632 2655 Bonum
648 2599 737 2667 enim,
753 2598 857 2670 inquit,
872 2614 943 2670 opus
993 2599 1121 2671 requirat
1133 2604 1182 2655 tua
1197 2601 1370 2669 fraternitas,
1387 2601 1409 2656 si
1431 2605 1481 2657 aut
1498 2601 1636 2660 ecclesias
1653 2604 1684 2660 in
1699 2607 1796 2660 nonnae

127 2696 208 2751 nobis
223 2696 260 2750 sit
273 2695 300 2750 in
310 2695 457 2750 voluntate
472 2713 479 2748 ι
495 2710 562 2748 nam
579 2709 613 2747 ex
627 2692 722 2747 divino
734 2690 876 2763 adjutorio
889 2692 944 2746 erit
993 2692 1138 2748 Trinitatis
1157 2694 1331 2749 consecravit
1348 2698 1399 2750 aut
1417 2697 1550 2767 parvulos
1570 2697 1707 2755 similiter
1727 2699 1797 2771 bapti-

128 2791 158 2846 in
171 2788 356 2862 perfectione.
369 2788 416 2841 llis
424 2787 464 2842 ita
472 2803 501 2840 se
512 2785 692 2856 habentibus,
704 2785 869 2840 charissime
885 2784 942 2839 fra·
994 2787 1074 2855 zarit,
1088 2787 1158 2842 dum
1170 2787 1326 2844 sacerdotio
1339 2788 1533 2861 fungebatur,
1556 2792 1588 2845 et
1607 2792 1647 2846 sic
1666 2799 1696 2848 et
1716 2810 1796 2848 eona-

125 2890 179 2955 ter,
194 2883 354 2938 confortare
369 2881 398 2936 in
412 2881 542 2948 homino,
558 2881 658 2952 etipse
671 2879 725 2935 erit
738 2879 850 2951 adjutor
865 2881 942 2934 tuus.
995 2880 1081 2936 oratio
1095 2880 1278 2937 ecclesiarum
1298 2885 1325 2938 et
1340 2884 1525 2954 paruulorum
1539 2884 1687 2956 baptisma
1699 2887 1734 2942 sit
1746 2903 1797 2942 con-

127 2980 166 3033 tle
183 2976 344 3032 incursione
359 2980 456 3032 autem
472 2974 613 3046 gentium,
628 2990 691 3045 quae
706 2974 735 3029 in
747 2973 802 3029 tuis
816 2973 944 3045 plebibus
994 2975 1151 3030 firmatum.
1169 2976 1202 3031 Et
1217 2975 1270 3030 hoc
1284 2976 1391 3047 pariter
1406 2977 1576 3050 suggessisti
1591 2981 1670 3051 quod
1684 2980 1722 3036 illi
1738 2982 1799 3052 quia

127 3072 203 3126 facta
218 3073 270 3137 est,
286 3069 466 3124 moerendum
481 3067 563 3122 nohis
579 3071 623 3122 est
634 3083 641 3122 ε
653 3067 703 3123 sed
717 3067 777 3122 haec
791 3066 945 3122 adversitas
994 3073 1022 3123 te
1036 3068 1152 3140 projecti
1165 3071 1232 3123 sunt
1241 3069 1411 3140 sacerdotes,
1422 3087 1438 3124 a
1448 3070 1530 3126 nobis
1539 3070 1689 3130 absolutos
1700 3090 1728 3130 se
1740 3071 1799 3146 apud

127 3166 289 3220 nullatenus
313 3168 393 3218 tuam
417 3161 627 3217 fraternitatem
652 3161 811 3231 conturbet,
835 3160 902 3232 quia
916 3163 945 3216 et
995 3162 1172 3217 Francorum
1195 3162 1369 3234 provinciam
1389 3163 1547 3236 divulgent,
1577 3167 1656 3238 quod
1680 3171 1727 3223 tua
1749 3184 1799 3222 san-

128 3262 256 3316 Romana
280 3257 378 3312 civitas
407 3273 440 3312 ex
470 3255 663 3311 accidentibus
689 3254 862 3310 facinoribus
890 3270 943 3309 sae-
995 3259 1040 3311 cta
1065 3255 1228 3311 fraternitas
1252 3257 1332 3312 nullo
1355 3257 1440 3313 modo
1462 3259 1573 3328 credat,
1599 3261 1800 3334 quiaquodiu·

127 3354 190 3425 pius
216 3356 258 3407 est
283 3351 464 3423 depopulata,
490 3354 519 3405 et
542 3353 638 3405 tamen
661 3348 871 3420 omnipotentia
893 3364 945 3403 sua
995 3349 1127 3422 possibile
1150 3355 1202 3419 est,
1227 3350 1249 3404 si
1270 3351 1325 3406 hoc
1346 3351 1521 3420 fecissemus,
1538 3358 1599 3409 tusa
1619 3356 1748 3411 charitati
1765 3370 1801 3427 per

127 3446 264 3502 Dominus
298 3462 333 3500 ex
369 3444 501 3516 supernis
533 3459 596 3498 earn
633 3442 767 3514 dignatus
802 3444 845 3497 est
879 3458 946 3497 con·
994 3445 1106 3498 nostras
1120 3442 1323 3499 indicassemus
1333 3445 1453 3500 litteras.
1467 3445 1520 3502 Sed
1534 3445 1604 3515 hoc,
1619 3449 1699 3520 quod
1712 3450 1799 3521 impes·

128 3539 221 3596 solari.
252 3540 307 3594 Sed
340 3538 452 3610 populis
476 3536 527 3592 tibi
563 3536 732 3603 commissis,
766 3536 943 3592 reverendis·
995 3536 1139 3606 sibileest,
1160 3538 1341 3593 nullomodo
1355 3539 1463 3609 credas,
1478 3541 1528 3613 qui
1541 3558 1603 3597 non
1617 3543 1698 3598 aliud
1712 3543 1800 3616 pradi-

127 3635 198 3689 sime
220 3632 320 3706 290
345 3632 445 3700 frater,
474 3630 600 3703 praedica
622 3630 778 3702 jejunium,
809 3629 945 3702 supplica·
995 3647 1102 3699 earnm,
1119 3635 1149 3686 et
1162 3631 1240 3686 aliud
1254 3632 1378 3704 agimus,
1403 3636 1453 3688 ant
1472 3633 1629 3706 dirigimus
1647 3642 1682 3693 ut
1701 3620 1824 3710 illigar-¹

128 3728 220 3784 tiones
243 3727 318 3799 apud
348 3725 500 3781 Dominum
528 3723 707 3793 litaniarum,
736 3727 764 3778 et
788 3723 945 3796 superemi·
995 3725 1082 3795 riunl,
1104 3725 1164 3796 sed,
1186 3725 1343 3782 auxiliante
1359 3728 1427 3794 Deo,
1445 3727 1516 3783 illud
1535 3730 1801 3802 quodpraedieamus

127 3838 198 3878 nens
215 3821 276 3893 ejus
289 3818 438 3876 clementia
451 3818 596 3890 adjuvabit
608 3821 646 3873 te.
659 3819 696 3873 Te
710 3823 816 3885 autem,
830 3821 863 3872 ut
875 3834 946 3889 prae·
995 3819 1135 3875 finetenus
1150 3819 1360 3875 observandum
1377 3837 1534 3877 censemus.
1551 3823 1613 3879 Hoc
1633 3830 1731 3882 autem
1749 3841 1799 3880 san·

127 3916 263 3984 diximus,
288 3915 449 3970 nullatenus
475 3913 594 3968 adversa
627 3911 806 3984 perturbent.
835 3910 888 3967 Sed
916 3912 944 3966 in
996 3913 1121 3969 etitatem
1141 3917 1220 3969 tuam
1244 3913 1407 3970 firmissime
1428 3920 1462 3971 ιιι
1480 3919 1580 3972 teneas
1602 3919 1761 3986 hortamur,
1778 3922 1799 3971 ιι

127 4011 202 4064 bono
217 4024 303 4081 opere
321 4007 397 4080 quod
414 4006 521 4078 coepisti
543 4005 621 4060 nullo
645 4005 729 4060 modo
751 4004 874 4060 deficias.
891 4005 946 4060 Nos
995 4011 1158 4063 sanctorum
1173 4008 1287 4063 Petrum
1299 4008 1444 4076 institutis,
1466 4013 1494 4064 et
1512 4012 1652 4067 consultis
1675 4026 1801 4068 sacrorum

128 4120 206 4174 vero,
222 4102 289 4156 lieet
300 4099 437 4156 immeriti
451 4104 479 4155 et
490 4104 655 4172 peccatores
665 4097 829 4161 existamus,
841 4097 946 4154 uostris
996 4116 1140 4156 canonum
1155 4101 1322 4157 omnimodo
1336 4102 1454 4175 obsequi
1466 4102 1583 4172 debeas,
1599 4106 1670 4179 quia
1686 4124 1736 4163 nos
1750 4105 1801 4162 nul·

129 4197 260 4270 precibus
278 4197 322 4250 vel
337 4193 570 4250 consacerdotum
589 4195 764 4260 nostrorum,
776 4193 946 4265 inquantum
996 4196 1110 4250 latenus
1122 4194 1199 4249 aliud
1213 4195 1398 4267 predicamus
1416 4198 1445 4252 et
1456 4195 1536 4252 aliud
1554 4199 1684 4270 agimus.
1700 4202 1765 4256 Nam
1776 4199 1801 4253 dc

128 4307 288 4365 possumus,
304 4289 348 4361 adj
354 4305 479 4344 uramus.
496 4289 535 4343 lle
548 4286 657 4359 synodo
667 4290 763 4341 autem
773 4290 947 4358 congregata
957 4286 986 4359 [)
997 4303 1030 4343 eo
1044 4288 1121 4360 quod
1134 4288 1297 4350 obsecrasti.
1315 4294 1345 4345 ut
1359 4289 1532 4346 Francorum
1547 4292 1730 4366 principibus
1747 4292 1802 4350 sui·

128 4382 582 4458 apudFrancorumprovinciam,
592 4379 784 4436 mediantibus
796 4380 948 4452 Pippinoet
997 4382 1142 4449 heremus,
1167 4383 1210 4437 rel
1235 4383 1343 4438 ceteris
1369 4384 1492 4453 Francis,
1515 4388 1548 4440 ut
1571 4387 1683 4459 petisti,
1710 4390 1750 4445 eis
1769 4401 1805 4460 per

128 4481 333 4545 carlomanno,
362 4475 606 4533 excellentissimis
634 4475 699 4530 filiis
724 4474 841 4540 nostris,
865 4474 948 4545 juxa
997 4476 1108 4548 singula
1120 4475 1286 4548 scripsimus
1298 4482 1330 4532 ul
1344 4477 1396 4532 tibi
1411 4482 1439 4533 et
1451 4477 1535 4534 amici
1550 4480 1621 4549 sint,
1635 4488 1666 4538 et
1678 4482 1806 4554 adjutores

130 4573 302 4643 syllabarum
323 4575 482 4627 nostrarum
506 4569 772 4638 commonitionem,
793 4570 946 4639 peragente
998 4570 1026 4624 in
1048 4569 1195 4625 Dominico
1217 4587 1303 4642 opere
1326 4571 1460 4626 existant.
1487 4573 1525 4628 De
1550 4589 1641 4630 censu
1656 4590 1805 4648 vemexpt·

129 4669 225 4721 nostra
240 4665 310 4732 vice,
331 4671 379 4720 toa
399 4664 541 4720 sanctifica
556 4663 679 4735 qualiter
692 4663 797 4733 egisses
810 4660 946 4734 cognovi·
997 4662 1093 4729 tendo,
1114 4678 1148 4718 eo
1167 4663 1244 4736 quod
1258 4663 1414 4735 impetrare
1426 4681 1444 4719 a
1458 4665 1573 4721 Francis
1589 4668 1628 4723 ad
1642 4670 1806 4726 reddendum

130 4776 204 4825 raus,
219 4761 246 4814 et
260 4758 450 4828 omnipotenti
463 4759 520 4813 fleo
535 4762 633 4813 nostro
647 4756 750 4828 gratias
763 4755 884 4827 egimus,
898 4754 947 4827 qui
998 4756 1121 4812 ecclesiis
1133 4757 1178 4812 vel
1189 4757 1371 4813 monasteriis
1387 4774 1446 4815 non
1465 4759 1598 4830 potuisti,
1613 4780 1705 4835 quam
1717 4769 1749 4820 ιιι
1760 4778 1806 4819 ver·

130 4870 230 4909 eorum
245 4851 329 4907 eorda
345 4851 536 4919 confirmavit,
550 4854 582 4906 ut
594 4851 625 4905 in
641 4851 693 4905 hoc
708 4850 756 4923 pio
769 4866 855 4922 opere
869 4849 948 4921 adju·
998 4854 1075 4907 tento
1093 4867 1168 4906 anno
1188 4851 1223 4906 ab
1243 4868 1419 4924 unoquoque
1432 4854 1571 4926 conjugio
1588 4872 1741 4916 servorum
1755 4859 1807 4914 dno

130 4954 206 5004 tores
218 4946 381 5014 existerent,
397 4946 426 4999 et
440 4945 537 5000 omnia
547 4945 666 5016 optime,
681 4948 709 5001 et
723 4944 855 5000 canonice
868 4960 948 5016 pere·
997 4945 1089 5000 decim
1102 4944 1213 5000 denarii
1236 4945 1406 5016 reddantur,
1427 4950 1456 5003 et
1472 4947 1526 5003 hoc
1543 4950 1655 5020 gratias
1676 4950 1808 5025 Iteqqub

131 5042 210 5115 gisli,
239 5045 297 5096 tam
323 5039 360 5094 de
385 5038 462 5093 falsis
487 5038 634 5111 episcopis,
665 5043 694 5095 et
718 5038 894 5108 fornicariis,
919 5040 948 5093 et
997 5037 1115 5112 potuisti
1134 5037 1301 5111 impetrare,
1320 5043 1350 5094 et
1369 5040 1508 5097 Dominus
1521 5041 1676 5102 donaverit
1687 5048 1807 5121 quietem

130 5133 333 5199 schismaticis,
362 5147 505 5206 quamque
532 5131 619 5187 etiam
644 5138 673 5187 et
697 5132 726 5187 in
746 5132 871 5204 'reliquis
895 5147 947 5187 no·
997 5135 1145 5206 augentur
1171 5135 1200 5188 et
1226 5132 1380 5189 luminaria
1407 5138 1572 5192 sauchsrum
1602 5156 1658 5211 pro
1687 5157 1722 5199 so
1748 5137 1809 5214 quod

130 5230 208 5285 mine
229 5228 422 5284 sacerdotibus
441 5229 541 5283 contra
557 5242 701 5281 canonum
714 5226 843 5281 instituta
861 5242 948 5298 agen·
997 5243 1073 5283 nunc
1089 5226 1236 5282 tribulatio
1254 5227 1359 5283 accidit
1381 5228 1606 5301 Saracenorum,
1624 5232 1809 5293 manumve]

132 5324 214 5391 libus,
229 5323 273 5378 vel
288 5326 386 5378 contra
398 5320 567 5378 catholicam
581 5319 640 5387 Dei,
658 5323 686 5374 et
702 5320 883 5391 apostolicam
895 5321 946 5375 lic·
997 5320 1158 5391 Frisonum,
1172 5320 1245 5376 sicut
1259 5326 1290 5377 tu
1302 5321 1361 5394 ipsa
1370 5322 1451 5378 uobis
1464 5323 1630 5384 innotuisti.
1644 5329 1688 5387 lle
1700 5346 1735 5387 eo
1747 5343 1809 5386 nane

129 5417 257 5485 alesiam,
272 5418 307 5473 de
321 5416 424 5489 quibus
436 5415 594 5473 secundum
607 5419 686 5470 tuam
700 5413 882 5485 relationem,
896 5430 948 5486 per
998 5431 1054 5487 que
1063 5415 1138 5489 quod
1151 5414 1346 5488 interrogasti,
1355 5417 1432 5490 quod
1442 5417 1545 5491 illiqui
1558 5420 1689 5495 depositi
1699 5430 1809 5496 suntpru

130 5511 241 5582 singula
253 5511 470 5583 respondemus.
486 5513 525 5566 lle
541 5526 574 5565 eo
593 5524 718 5580 namque
737 5508 813 5579 quod
828 5525 946 5581 sugges·
997 5508 1164 5581 capitalibus
1179 5510 1301 5582 peccatis
1321 5511 1356 5567 de
1376 5511 1468 5584 gradu
1487 5515 1674 5588 mcendotali,
1696 5519 1810 5576 dumea

118 5604 191 5675 sisti,
210 5607 288 5679 quod
299 5606 450 5681 elegerunt
462 5604 608 5665 civitatem
619 5619 705 5662 tinam
715 5618 815 5660 omues
826 5603 945 5659 Franco·
997 5603 1151 5676 reperisses
1170 5604 1325 5675 adulteros,
1347 5605 1517 5680 homicidas,
1532 5612 1569 5666 ut
1583 5627 1639 5670 nce
1653 5614 1808 5672 sacerdota.
