3870 6150
124 265 179 318 ass
742 230 1191 319 necnsrsnnnconse'no.
1758 272 1809 324 coo

123 387 155 425 se
167 371 310 442 lacrymas
325 370 506 442 gemitusque
521 369 678 442 negligere,
693 386 759 424 cum
777 370 869 442 ipsam
882 387 940 441 pce·
953 368 1072 455 AUnde
1084 370 1167 424 beata
1178 370 1232 424 erit
1245 371 1529 441 perseverantia,nisi
1541 372 1575 427 de
1586 373 1691 431 virtute
1699 375 1810 445 patien-

123 464 277 519 nitentiam
291 480 326 518 ex
340 463 548 519 Deicredamus
561 462 750 535 inspiratione
765 469 942 535 conceptam,
994 462 1063 518 ties?
1085 463 1154 517 Nam
1178 462 1335 518 secundum
1359 465 1545 534 apostolicam
1567 466 1809 537 praedicationem,

123 556 943 628 dicenteltpostolo:«Nefortedetillislleuspoenitentiam
996 556 1811 631 uomnisquirclueritpievivcreinChristoJesnpersecar-

123 649 369 720 utrcsipiscanta
386 650 732 722 diabolilaqneis,aquo
755 651 943 722 captitencn·
993 649 1101 703 tionem
1115 648 1284 720 patieturtll
1294 651 1474 721 limante).
1484 649 1581 724 220
1593 652 1662 717 Quae
1674 653 1810 709 nonineo
1884 703 1888 710 ,

123 750 173 799 tur
184 742 221 796 ad
234 742 323 813 ipsius
333 743 510 798 voluntatem
519 743 557 812 (ll
566 745 668 810 fimat,
679 746 734 813 ιθ).
747 763 761 794 ιι
772 742 852 798 Unde
862 758 945 813 opor·
996 745 1105 796 tantum
1115 743 1403 814 computando,qnod
1417 748 1517 798 contra
1527 745 1715 800 Christianam
1727 747 1811 818 pieta·

124 839 167 889 tet
178 851 417 906 unumquemque
432 835 626 891 Christianum
640 835 819 890 conscientiae
829 851 888 889 suae
897 835 945 890 ha·
995 838 1113 890 ternant
1126 835 1215 904 ferro,
1230 841 1280 890 aut
1291 836 1406 907 ignibus
1418 836 1523 908 agitur,
1533 843 1583 893 aut
1594 838 1811 912 quibuscunque

122 928 192 982 bere
202 928 352 999 judicium,
369 944 405 983 ne
425 929 552 984 converti
571 928 610 983 ad
631 928 781 983 Dominum
800 928 835 984 de
853 928 899 983 die
913 929 944 982 in
994 928 1149 1000 suppliciis,
1157 945 1222 983 cum
1232 930 1464 1000 persecutionum
1475 931 1611 986 saevitiam
1624 933 1812 1004 suppleantet

122 1021 202 1076 diem
220 1021 342 1091 differat,
356 1038 409 1076 nec
427 1022 627 1077 satisfactionis
642 1021 696 1076 sibi
716 1025 831 1094 tempus
845 1022 874 1076 in
888 1021 944 1077 fine
996 1021 1809 1093 dissimilitudinesmorum‚etcontumacieinobcdientia,

122 1113 257 1168 vitaesuae
271 1114 434 1182 constituat,
446 1131 532 1187 quem
544 1115 706 1187 periculose
722 1115 881 1186 ignorantia
894 1114 945 1169 hu·
995 1119 1024 1169 et
1037 1114 1230 1185 malignarum
1244 1116 1299 1170 tela
1312 1115 1490 1187 linguarum,
1506 1117 1609 1188 quibus
1626 1118 1810 1173 conflictatio-

122 1223 213 1261 mana
225 1207 381 1274 concludit,
391 1214 424 1262 ut
439 1207 476 1262 ad
488 1224 643 1279 paucarum
657 1209 792 1263 horarum
809 1225 839 1262 se
853 1224 943 1262 reser-
994 1207 1509 1280 nibuscumomniasempertcctesiae
1518 1210 1647 1264 membra
1653 1211 1810 1282 pulsentur,

122 1304 170 1355 vet
193 1301 346 1371 incertum,
362 1304 391 1355 et
412 1317 476 1356 cum
498 1302 586 1372 possit
607 1302 734 1372 pleniore
754 1301 944 1357 satisfactione
995 1306 1022 1355 et
1034 1301 1115 1355 nulla
1128 1302 1240 1372 piorum
1256 1302 1349 1373 portio
1360 1302 1406 1356 hic
1418 1319 1434 1357 a
1448 1302 1608 1358 tentatione
1618 1302 1762 1371 sitlibera,
1772 1304 1812 1359 ita

123 1393 336 1465 indulgentiam
358 1395 526 1465 promereri,
542 1394 617 1449 illius
641 1395 779 1466 temporis
799 1394 945 1466 angustias
994 1400 1027 1449 ut
1041 1394 1172 1465 periculis
1186 1410 1238 1449 nec
1253 1396 1310 1450 otia
1323 1399 1449 1464 careant,
1464 1412 1516 1450 nec
1527 1396 1648 1451 labores.
1659 1397 1727 1462 Quis
1738 1397 1813 1452 inter

121 1489 221 1558 eligat,
237 1503 294 1559 quo
309 1487 352 1541 vix
364 1487 491 1543 inveniat
506 1488 632 1559 spatium
645 1490 688 1544 rel
701 1488 841 1543 confessio
857 1488 945 1559 poeni·
994 1487 1096 1542 fluctus
1110 1488 1197 1542 maris
1210 1504 1297 1543 naves
1310 1488 1419 1560 dirigit,
1434 1488 1457 1542 si
1472 1489 1650 1560 gubernator
1662 1488 1813 1546 abscedat?

121 1580 213 1634 tentis
228 1580 273 1634 vel
293 1562 486 1636 reconciliatio
506 1580 671 1635 sacerdotis.
694 1582 806 1650 Verum,
824 1586 856 1636 ut
874 1581 943 1649 dixi,
994 1580 1062 1645 Quis
1075 1581 1110 1636 ab
1125 1580 1233 1636 insidiis
1247 1582 1382 1652 luporum
1402 1598 1469 1636 oves
1490 1583 1638 1652 custodiet,
1652 1583 1675 1638 si
1691 1584 1813 1655 pastoris

122 1673 214 1727 etiem
227 1673 326 1728 talium
339 1674 501 1729 necessitati
515 1674 553 1728 ita
571 1674 769 1729 auxiliandum
782 1678 834 1742 est,
848 1680 881 1729 ut
891 1690 945 1729 nec
995 1690 1062 1728 cura
1070 1691 1126 1729 non
1139 1674 1259 1745 vigilet?
1271 1674 1339 1739 Quis
1352 1674 1475 1746 denique
1486 1675 1643 1730 latronibus
1656 1677 1774 1732 obsistet
1783 1683 1813 1733 et

121 1766 199 1820 ectio
214 1766 270 1821 illis
283 1768 467 1838 poenitentiae,
483 1783 536 1822 nee
557 1767 766 1823 communionis
783 1768 873 1840 gratia
892 1766 942 1823 de·
954 1753 982 1824 Β
994 1767 1105 1822 furibus
1120 1768 1142 1822 si
1157 1769 1367 1838 speculatorem
1381 1768 1410 1822 io
1430 1774 1582 1840 conspectu
1605 1770 1812 1842 explorationis

123 1864 260 1931 negetur,
275 1861 298 1915 si
313 1876 377 1915 earn
391 1861 477 1916 etiam
491 1861 595 1915 amisso
609 1861 684 1915 vocis
698 1861 792 1915 officio
804 1877 857 1932 per
866 1860 941 1932 judi·
993 1860 1127 1930 locatum,
1152 1862 1188 1915 ab
1209 1861 1369 1916 intentione
1391 1861 1588 1917 sollicitudinis
1608 1878 1689 1917 amor
1708 1863 1813 1935 quietis

123 1953 204 2007 cium
216 1953 321 2025 integri
335 1969 434 2009 sensus
447 1970 577 2026 querere
590 1954 822 2026 comprobentur,
833 1953 910 2026 quod
921 1953 944 2008 si
992 1951 1132 2008 abducat?
1147 1953 1374 2009 Permanendnm
1390 1970 1459 2025 ergo
1468 1955 1498 2009 in
1513 1971 1597 2027 opere
1613 1961 1656 2010 est
1667 1955 1773 2011 credito
1784 1960 1814 2011 et
1915 2000 1918 2005 .

122 2046 223 2117 aliqua
236 2047 266 2100 in
282 2046 452 2118 egritudine
466 2048 506 2102 ita
520 2047 630 2102 fuerint
649 2046 806 2119 aggravati,
822 2050 854 2101 ut
868 2047 943 2118 quod
993 2045 1023 2101 in
1038 2046 1133 2102 labore
1154 2053 1294 2118 suscepto.
1309 2047 1479 2103 Constantes
1492 2048 1618 2103 tenenda
1632 2052 1675 2104 est
1689 2048 1810 2119 justitia,

124 2140 212 2210 paulo
226 2146 292 2194 ante
314 2140 479 2211 poscebant,
494 2140 546 2195 sub
562 2140 713 2211 praesentia
736 2139 886 2195 sacerdotis
906 2141 941 2195 si·
993 2139 1567 2212 etbenignepraestandaclementia.Odio
1576 2141 1740 2197 habeantur
1749 2158 1812 2214 pec-

123 2232 264 2304 gnificare
280 2250 337 2287 non
351 2232 473 2303 valcant,
490 2233 653 2289 testimonia
676 2233 717 2287 eis
738 2233 865 2288 fidelium
887 2233 942 2288 cir·
994 2238 1055 2288 cata
1072 2250 1130 2289 non
1148 2234 1289 2289 homines.
1311 2235 1390 2289 Nunc
1412 2235 1605 2306 corripiantur
1618 2235 1721 2305 timidi,
1736 2252 1812 2292 nunc

123 2327 331 2381 cumstantinm
351 2326 486 2398 prodesse
502 2327 655 2394 debebunt,
669 2330 702 2381 ut
715 2327 799 2382 simul
812 2329 842 2381 et
852 2327 942 2398 poeni·
993 2326 1152 2382 tolerentur
1167 2327 1274 2381 infirmi
1288 2332 1316 2382 et
1328 2327 1403 2399 quod
1415 2328 1444 2382 in
1457 2329 1579 2400 pcccatis
1593 2329 1718 2384 severius
1728 2327 1811 2384 casti·

125 2420 227 2474 tentiae
239 2424 267 2475 et
279 2420 520 2476 reconciliationis
535 2420 705 2475 beneficium
720 2425 942 2492 consequantur,
994 2436 1061 2491 gare
1076 2436 1191 2475 necesse
1202 2425 1253 2487 est,
1266 2436 1325 2476 non
1340 2420 1483 2475 sarientis
1495 2422 1638 2493 plectatur
1651 2422 1748 2478 animo
1762 2422 1811 2477 sed

124 2517 239 2568 servata
261 2517 359 2568 tamen
375 2515 475 2585 regula
496 2530 639 2570 canonum
664 2520 849 2585 paternorum
869 2514 944 2569 circa
993 2514 1145 2569 medentis.
1161 2516 1197 2569 Αι
1216 2515 1241 2568 si
1255 2514 1452 2569 vehementior
1471 2514 1615 2571 tribulatio
1641 2515 1811 2585 incubuerit,

123 2602 229 2662 eoruin
242 2623 377 2678 personas
390 2607 439 2679 qui
452 2606 481 2662 in
495 2608 584 2662 Deum
598 2607 682 2662 elide
699 2606 872 2662 discedendo
882 2623 944 2679 pec-
994 2607 1104 2662 nonita
1119 2623 1337 2677 expavescamus
1355 2608 1438 2679 qnasi
1455 2608 1495 2662 illi
1510 2608 1673 2663 adversitati
1690 2608 1812 2681 propriis

124 2707 239 2755 cerunt.
256 2701 320 2755 liaec
333 2704 441 2770 autern,
453 2701 553 2770 frater,
567 2718 630 2773 quae
641 2701 678 2756 ad
690 2700 943 2773 interrogationem
995 2701 1030 2755 sit
1038 2700 1145 2754 viribus
1154 2701 1354 2770 resistendum,
1363 2717 1429 2755 cum
1443 2705 1472 2756 et
1484 2701 1635 2757 consilium
1646 2708 1773 2758 nostrum
1785 2709 1813 2759 et

124 2794 288 2848 dilectionis
298 2800 365 2863 tuae,
375 2795 439 2849 ideo
453 2795 597 2866 respondi,
607 2810 643 2849 ne
651 2794 758 2866 aliquid
769 2795 943 2849 contrarium
997 2793 1134 2849 fortitudo
1152 2793 1188 2848 sit
1205 2794 1343 2861 Christus,
1359 2799 1401 2863 ut,
1415 2795 1476 2849 sine
1490 2812 1547 2866 quo
1564 2794 1636 2850 nibil
1648 2812 1811 2866 possumus,

125 2887 179 2941 sub
192 2887 361 2957 ignorantiae
375 2888 557 2943 excusatione
573 2891 723 2959 gereretur
735 2887 764 2942 in
779 2887 943 2959 metropoli·
994 2904 1045 2959 per
1059 2888 1154 2960 ipsum
1167 2890 1269 2942 cuncta
1282 2889 1432 2959 possimus,
1443 2889 1511 2960 quia
1526 2889 1699 2944 confirmans
1712 2889 1814 2961 proedi·

125 2979 238 3034 tanitui
250 2981 380 3035 notitiam
393 2982 478 3036 facies
488 2982 647 3053 pervenire,
658 2986 691 3036 ut
700 2981 722 3036 si
735 2982 784 3052 qni
795 2982 868 3036 forte
878 2984 944 3035 sunt
993 2985 1102 3036 catores
1136 2981 1293 3052 Evangelii,
1323 2985 1352 3035 et
1381 2986 1626 3037 sacramentorum
1658 2983 1813 3039 ministros.

124 3075 248 3128 fratrum
261 3074 357 3145 quide
370 3074 415 3128 his
430 3078 513 3130 antea
534 3078 702 3147 putaverant
726 3073 942 3146 ambigendum,
996 3095 1010 3123 α
1021 3075 1090 3129 Ecce
1104 3090 1169 3145 ego,
1181 3075 1284 3146 inquit,
1298 3074 1445 3130 vobiscum
1457 3093 1520 3130 snm
1534 3092 1623 3148 usquc
1636 3076 1672 3130 ad
1682 3092 1814 3132 consum·

125 3167 285 3238 peripsum
300 3166 335 3222 de
351 3168 484 3223 omnibus
498 3186 563 3240 quae
581 3168 618 3223 ad
632 3175 658 3223 te
680 3168 785 3240 scripta
805 3171 882 3236 sunt,
899 3167 942 3221 in·
994 3166 1150 3222 mationem
1172 3166 1266 3221 saeculi
1280 3167 1386 3236 (Matri.
1405 3184 1501 3234 rxvrrr,
1522 3171 1577 3239 20).
1594 3192 1607 3217 ιι
1627 3171 1661 3226 Ει
1684 3170 1811 3225 iterum:

124 3265 284 3316 struantur.
996 3283 1010 3310 ιι
1023 3261 1097 3327 llaec,
1112 3260 1215 3331 inquit,
1231 3261 1340 3314 locutus
1361 3277 1425 3315 snm
1438 3261 1518 3316 vobis
1537 3267 1567 3315 ut
1587 3263 1617 3316 in
1642 3278 1688 3317 me
1715 3280 1814 3334 pacem

162 3355 238 3410 LXX.
254 3386 287 3395 -
301 3356 346 3411 Ad
365 3358 504 3411 Rusticum
525 3357 725 3413 Narbonensem
746 3359 907 3426 episcopum.
994 3353 1131 3408 habeatis.
1153 3355 1184 3407 ln
1197 3353 1305 3408 mundo
1323 3357 1420 3407 autem
1437 3354 1636 3409 tribulationes
1658 3354 1811 3424 habebitis,

162 3449 220 3504 Leo
234 3448 390 3520 episcopus,
404 3450 522 3504 Rrsrrco
536 3449 714 3504 Narbonensi
727 3449 870 3520 episcopo.
994 3447 1044 3501 sed
1065 3446 1142 3501 bono
1164 3446 1261 3501 animo
1294 3450 1393 3515 estote,
1417 3447 1484 3518 quia
1507 3463 1561 3517 ego
1588 3447 1642 3502 vici
1671 3449 1812 3504 mundum

163 3542 303 3613 Epistolas
316 3543 500 3598 fraternitatis
513 3547 570 3597 tuae
585 3559 655 3614 quas
670 3543 787 3597 Hermes
801 3541 943 3596 archidia-
994 3543 1082 3611 (Joun.
1099 3557 1153 3608 xri,
1170 3541 1224 3611 35).
1241 3561 1255 3589 ιι
1272 3539 1340 3604 Quae
1362 3540 1581 3612 pollicitationes
1602 3540 1667 3612 qnia
1684 3542 1744 3597 sine
1759 3543 1812 3597 du-

126 3653 218 3692 conus
231 3639 298 3691 tuus
317 3636 419 3691 detulit
431 3637 555 3690 libenter
567 3637 674 3707 accepi,
689 3636 865 3691 diversarum
881 3634 942 3705 qui·
994 3634 1131 3690 bitatione
1146 3633 1305 3688 manifestae
1318 3639 1393 3701 sunt,
1410 3634 1496 3688 nullis
1519 3633 1658 3689 debemus
1672 3635 1813 3691 scandalis

127 3730 195 3784 dem
210 3746 361 3784 causarum
381 3730 556 3785 connexione
577 3729 757 3801 multiplices,
771 3729 891 3783 sednon
904 3727 945 3782 ita
995 3727 1134 3782 infirmari
1156 3744 1192 3782 ne
1212 3727 1344 3783 electioni
1366 3727 1416 3782 llei
1433 3727 1583 3783 videamur
1602 3728 1718 3801 ingrati,
1733 3729 1814 3800 cujus

126 3823 277 3894 patientiae
286 3839 419 3878 onerosas
430 3828 461 3877 ut
475 3823 581 3895 aliquid
596 3839 696 3878 earum
707 3822 945 3894 perincurrentes
995 3824 1054 3876 tam
1076 3819 1202 3893 potentia
1216 3824 1283 3876 sunt
1303 3820 1446 3892 adjutoria
1468 3837 1554 3892 quarn
1576 3837 1643 3876 vera
1662 3820 1811 3893 promissa.

128 3916 258 3988 undique
277 3916 482 3972 sollicitudines
503 3917 589 3972 fuerit
608 3915 844 3989 praetermissum.
864 3914 945 3970 Unde
994 3917 1033 3971 lle
1048 3913 1303 3969 consultationibus
1317 3916 1415 3968 eutem
1432 3913 1592 3969 dilectionis
1608 3918 1665 3969 lure
1683 3931 1754 3986 quas
1768 3932 1812 3969 se-

128 4011 218 4066 totins
236 4011 376 4066 sermonis
398 4010 439 4066 tui
462 4011 633 4082 allegatione
652 4013 798 4082 comperta
815 4014 844 4064 et
861 4009 946 4081 gestis
995 4007 1119 4081 paratim
1129 4007 1301 4078 conscriptas
1313 4006 1531 4062 archidiaconus
1539 4011 1606 4063 tuns
1621 4007 1733 4075 detulit,
1744 4008 1814 4079 qnid

126 4120 193 4177 quae
206 4105 236 4159 in
250 4104 448 4176 episcoporum
462 4105 724 4176 honoratorumque
739 4103 871 4159 examine
881 4118 946 4157 con·
996 4100 1180 4156 sentiendum
1190 4100 1305 4155 sitinter
1312 4106 1468 4172 praesentes
1477 4101 1668 4172 opportunius
1676 4116 1815 4172 querere·
1873 4089 1885 4172 J

130 4200 206 4254 fecta
221 4202 287 4252 sunt
298 4199 454 4267 recensitis,
469 4198 621 4254 saviniano
634 4204 662 4252 et
674 4197 759 4252 Leoni
775 4195 947 4268 presbyteris
995 4198 1043 4250 tur
1056 4195 1079 4249 si
1096 4194 1179 4249 nobis
1197 4194 1239 4248 tui
1260 4197 1427 4265 conspectus
1446 4195 1530 4265 copia
1552 4195 1723 4266 proveniret.
1745 4197 1815 4251 Nam

127 4291 249 4348 actionis
263 4308 321 4347 suae
335 4292 525 4347 intelleximus
544 4291 677 4347 fiduciam
695 4289 826 4357 defuisse,
839 4305 891 4344 nec
907 4289 946 4343 eis
995 4288 1207 4360 cumquaedam
1220 4288 1457 4359 interrogationes
1472 4288 1590 4343 modum
1604 4288 1760 4360 diligentiae
1773 4289 1814 4344 vi·

124 4388 237 4458 jrrstam
252 4402 401 4458 superesse
421 4385 630 4457 querimoniam
652 4384 702 4456 qni
717 4400 747 4438 se
760 4383 795 4438 ab
808 4382 947 4438 inchoatis
997 4380 1120 4436 deantur
1140 4381 1286 4450 excedere,
1309 4380 1438 4452 intelligo
1458 4397 1506 4436 eas
1525 4381 1671 4453 colloquiis
1693 4381 1816 4453 aptiores

129 4479 384 4551 disceptationibus
415 4485 515 4550 sponte
548 4478 741 4533 subduxerint.
769 4476 848 4532 Circa
874 4489 1059 4568 quosDesse
1077 4489 1166 4545 quam
1189 4473 1309 4544 scriptis.
1325 4473 1397 4536 Ouia
1416 4473 1489 4527 sicut
1511 4473 1642 4544 quaedam
1664 4480 1730 4529 sunt
1752 4490 1816 4545 quaa

130 4590 220 4646 mam
236 4574 355 4628 formem
367 4589 488 4645 quemve
504 4588 669 4627 mensuram
684 4572 785 4627 debeas
795 4575 891 4625 tenere
902 4570 947 4641 ju·
997 4567 1075 4620 nulla
1085 4571 1204 4637 possunt
1214 4565 1366 4620 traditione
1379 4565 1507 4631 convelli,
1518 4565 1557 4619 ita
1567 4566 1657 4621 multa
1669 4571 1816 4638 stantque

129 4667 215 4722 stitia
230 4668 417 4738 tuorelinquo
431 4665 631 4733 moderamini,
642 4665 763 4720 suadens
776 4670 872 4719 tamen
883 4664 948 4718 cha·
998 4663 1048 4714 aut
1062 4676 1114 4730 pro
1129 4657 1355 4714 consideratione
1374 4662 1501 4725 aetatum,
1514 4663 1563 4713 aut
1584 4674 1636 4729 pro
1656 4659 1814 4715 necessitu-

129 4762 224 4815 ritatis
233 4761 347 4815 hortatu
354 4763 387 4816 ut
396 4757 802 4832 sanandisngrisspiritualem
811 4757 948 4812 adbibere
998 4753 1064 4807 dine
1079 4761 1176 4806 renim
1197 4755 1330 4822 oporteat
1344 4751 1507 4823 temperari,
1523 4751 1571 4806 illa
1584 4768 1698 4824 semper
1716 4754 1815 4808 condi-

129 4853 236 4908 debeas
246 4853 428 4921 medicinam,
443 4859 471 4909 et
483 4853 594 4908 dicente
609 4851 751 4923 Scriptura
764 4870 771 4906 ι
784 4873 798 4900 «
810 4849 871 4905 Noli
886 4865 947 4904 esse
998 4847 1075 4900 tione
1099 4850 1218 4911 servata,
1234 4849 1267 4899 ut
1287 4844 1318 4897 in
1338 4844 1383 4898 his
1399 4860 1463 4916 quae
1479 4845 1522 4899 vel
1537 4845 1623 4900 dubia
1642 4847 1751 4902 luerint
1766 4851 1816 4903 aut

130 4947 256 5002 nimium
265 4947 360 5018 justus
377 4948 467 5015 (Ereti.
483 4964 541 5014 ιιι,
556 4947 599 5016 20)
613 4968 627 4995 »
644 4943 739 4999 mitius
749 4961 816 5015 agas
830 4960 896 4998 cum
907 4943 948 4997 cis
997 4939 1125 5006 obscura,
1138 4938 1165 4992 id
1180 4936 1343 4992 noverimus
1356 4938 1544 5010 sequendum,
1553 4939 1631 5011 quod
1643 4954 1695 4995 nec
1710 4956 1817 5013 praece·

130 5042 181 5113 qui
203 5041 390 5112 impudicitiae
414 5040 475 5094 zelo
500 5039 634 5094 videntur
655 5038 772 5093 modurn
800 5037 948 5092 excessisse
998 5033 1054 5105 ptis
1065 5030 1236 5102 evangelicis
1254 5030 1438 5098 contrarium,
1453 5045 1505 5085 nec
1519 5031 1640 5086 decretis
1653 5037 1814 5095 sanctorum

130 5135 276 5204 vindicte,
285 5152 321 5190 ne
335 5134 463 5190 diabolus
477 5135 525 5205 qui
542 5134 655 5204 decepit
668 5133 812 5187 adulteros
825 5129 859 5186 dc
872 5130 949 5185 adul-
999 5127 1116 5180 Patrnm
1129 5123 1291 5179 inveniatur
1306 5122 1468 5179 adversum.

130 5228 669 5285 teritexsuttetuttoribus.ttircrautem
680 5224 948 5280 dilectioncmtuam

129 5324 160 5378 in
184 5327 294 5377 tantum
319 5323 517 5378 scandalorum
541 5337 712 5393 quacunque
731 5319 877 5375 occasione
894 5333 947 5372 no·

130 5418 272 5471 scentiam
287 5417 457 5472 adversitate
470 5414 591 5483 turbari,
606 5417 638 5468 ut
651 5414 828 5469 vacationem
841 5411 877 5466 ab
891 5410 949 5483 epi-

1066 5288 1198 5343 lsctrtt'sr
1217 5303 1252 5340 tn
1273 5302 1475 5348 tnottsmonntt
1495 5302 1610 5343 ElUSlllilf
1631 5300 1749 5341 calseum

1261 5392 1390 5433 elimacis
1410 5393 1554 5433 RESPONSA.

131 5515 267 5582 scopatus
279 5510 422 5565 laboribus
435 5514 535 5582 optare
548 5511 576 5562 te
592 5508 680 5573 dicas,
695 5512 723 5562 et
735 5507 810 5561 male
824 5507 853 5560 in
866 5504 949 5559 silen·
1000 5507 1079 5570 Quod
1094 5522 1149 5561 uon
1162 5506 1313 5562 iubeantur
1326 5509 1452 5578 episcopi,
1467 5519 1532 5575 quos
1546 5520 1595 5559 nec
1615 5505 1703 5560 clerus
1725 5505 1814 5574 clepit,

130 5598 950 5675 tioatqneotiovitamdcgere,quaminhisquaetibicom.
1035 5593 1083 5632 nec
1110 5577 1227 5647 populus
1251 5580 1406 5648 exquisivit,
1424 5592 1472 5631 nec
1494 5576 1675 5644 provinciales
1699 5581 1817 5650 episcopi·

131 5692 951 5768 missasuntpermansre.Dicentererobonrino:«Beatus
1035 5653 1235 5704 ⁰⁰²²⁸⁶⁰mm¹³²·

130 5793 182 5872 qui
192 5792 415 5866 permansissent
427 5790 555 5863 usquein
564 5790 650 5847 linem
666 5789 772 5856 tlfottli.
785 5803 859 5851 xxrr,
870 5787 924 5850 13).
936 5803 949 5836 ιι
1037 5782 1118 5836 Nulla
1132 5781 1203 5837 ratio
1216 5783 1337 5854 sinit,ut
1346 5783 1423 5837 iuter
1432 5780 1851 5852 episnpnsnabsesxnna,sxxix
