3870 6150
87 268 189 333 ,sss
486 248 488 253 ’
590 268 893 325 termemeno.
916 227 1378 326 ιι.-ἰειιιοιιιιιειιιιιοιιιε
1480 293 1482 296 -
1774 272 1823 324 ssa

139 393 204 434 esre
218 389 275 432 non
287 381 382 448 potest
395 392 402 430 ι
417 376 533 431 tametsi
547 375 655 432 dictum
670 380 714 431 est
726 392 876 449 nunquam
892 393 954 432 esse
964 386 995 462 Α
1005 381 1089 449 gente
1103 376 1267 432 iudeorum
1279 375 1353 432 adeo
1366 376 1454 431 etiam
1471 391 1523 448 per
1537 377 1637 431 isaiam
1652 377 1824 448 pmpbetem

137 469 306 528 solvendum
320 469 470 526 manifesta
482 469 593 525 ratione
609 473 789 526 monstrante
803 470 871 542 quia
884 488 956 526 nun·
1005 469 1199 542 peremptorie
1212 471 1301 526 vetuti
1312 468 1532 542 pronuntiatum
1542 466 1708 544 est2236
1720 469 1821 526 «cuu-

125 548 224 636 'quam
242 563 280 619 sit
301 563 419 619 omniuo
437 563 596 632 solvendus,
619 564 643 619 si
657 563 721 619 talis
741 563 834 635 qualis
851 564 956 636 ligatus
1005 563 1040 619 de
1054 564 1150 620 oculos
1165 580 1277 631 eorum,
1290 566 1319 618 ει
1332 563 1650 631 obturaaureseorum,
1661 563 1824 621 stridentes

139 673 199 714 esse
219 655 362 728 persistat,
382 657 427 713 vel
447 657 513 712 talis
529 657 628 729 utique
643 673 792 729 nunquam
807 658 957 714 solvendus
1006 673 1063 712 non
1071 656 1197 726 videant,
1211 661 1240 712 et
1248 656 1398 713 audientes
1408 672 1468 711 non
1478 656 1600 712 audiant
1608 656 1684 727 (leui.
1695 672 1736 725 vi,
1746 659 1821 728 ld),»

137 750 229 824 qualis
243 756 285 807 εει
296 750 447 822 obligatus.
461 751 524 806 Non
535 750 645 822 abjecto
661 756 757 807 autem
773 751 859 807 etiam
872 751 895 806 si
910 766 954 807 re·
1005 766 1041 806 ne
1055 751 1171 823 quando
1184 750 1362 823 intelligant,
1375 754 1405 805 et
1415 749 1523 806 obdura
1542 767 1593 806 eor
1610 750 1713 823 populi
1728 749 1821 823 lustjus,

138 845 250 916 sipiscet
264 847 293 900 ει
309 844 442 916 corrigat,
458 847 557 917 patere
582 860 699 916 prorsus
716 850 745 901 et
759 844 883 901 liberum
896 861 956 901 non
1005 860 1043 899 ne
1055 860 1184 916 unquam
1200 847 1413 915 convertantur,
1429 848 1459 900 ει
1472 860 1573 899 sanem
1585 844 1661 900 illos.
1677 844 1728 900 llio
1739 845 1821 901 etiem

23 932 24 936 ’
138 938 260 994 dubium
271 938 317 1007 sit,
329 943 360 993 ut
373 954 432 993 non
446 937 511 993 talis
522 935 639 993 effectus
648 937 740 1010 qualis
751 954 901 1011 nunquam
910 939 954 995 di·
1006 937 1142 994 correctio
1153 943 1181 994 et
1189 937 1355 995 emendatio
1362 938 1514 994 interdicta
1523 940 1716 1007 monstratur,
1725 942 1755 994 ει
1762 940 1822 994 reei-

140 1037 210 1102 ctus,
220 1047 371 1105 nunquam
379 1048 440 1086 esse
449 1031 609 1109 solreudus
619 1031 668 1087 sed
678 1031 740 1087 talis
747 1033 840 1104 qualis
847 1049 905 1088 non
913 1037 957 1088 est
1005 1031 1133 1104 piscendi
1151 1047 1264 1104 quoque
1283 1048 1347 1104 spes
1363 1048 1479 1105 pmrsus
1494 1031 1683 1088 abscinditur.
1709 1032 1750 1088 De
1769 1048 1823 1105 quo

139 1125 230 1182 dietus
246 1141 394 1198 nunquam
413 1141 474 1180 esse
494 1124 656 1194 solvendus,
675 1125 705 1180 id
719 1129 762 1181 est
773 1130 916 1182 correctus
927 1130 956 1182 et
1006 1124 1072 1180 inde
1085 1126 1190 1197 populo
1203 1126 1344 1197 apostolos
1358 1128 1388 1181 et
1407 1125 1560 1181 Ecclesiam
1573 1124 1754 1196 primitivam
1772 1142 1822 1181 no·

140 1220 309 1276 emendatus
319 1224 529 1290 consequenter
537 1220 807 1291 correctusetpossit
816 1219 896 1276 solvi.
904 1221 956 1276 No·
1006 1218 1096 1273 vimus
1108 1217 1286 1290 processisse,
1299 1221 1328 1273 et
1341 1221 1385 1274 tot
1398 1219 1487 1274 millia
1499 1218 1726 1274 hominumune
1734 1218 1780 1274 die
1790 1219 1822 1275 de

139 1313 262 1370 tandum
282 1312 359 1384 quod
380 1313 510 1384 quolibet
525 1328 631 1384 genere
651 1312 912 1384 blasphemantibus
924 1315 955 1370 in
1005 1311 1176 1383 baptismate
1194 1311 1279 1368 luisse
1295 1312 1410 1368 salvata.
1425 1314 1495 1369 Ecce
1515 1317 1543 1369 et
1561 1311 1591 1367 iu
1608 1312 1823 1383 persistentibus

140 1406 279 1479 Spiritum
289 1412 417 1463 sanctum
425 1406 448 1462 si
454 1407 623 1479 resipiscant
630 1412 659 1462 et
666 1407 818 1479 corrigant,
826 1410 856 1462 et
863 1408 909 1463 hic
916 1408 956 1464 eis
1005 1409 1097 1481 qualis
1111 1415 1154 1466 εει
1172 1409 1221 1464 illa
1234 1410 1376 1466 sententia
1389 1409 1570 1482 promulgata
1583 1410 1761 1482 permansit,
1775 1426 1823 1466 nee

139 1499 955 1574 etinfuturosaeculoremittatur,necindepossitllomini
1005 1502 1041 1558 ad
1062 1503 1266 1559 correctionem
1284 1519 1401 1575 pmrsus
1428 1503 1526 1559 venire
1552 1503 1686 1559 sanitatis
1712 1497 1830 1559 admissi

139 1594 244 1649 rnirtari
257 1594 409 1664 sententia,
423 1611 487 1666 quae
500 1594 575 1650 circa
587 1595 656 1650 tales
672 1595 769 1667 utique
782 1610 954 1667 permanen·
1005 1599 1080 1665 sunt,
1089 1597 1139 1651 sed
1150 1595 1304 1668 adjudicati
1316 1595 1480 1652 suntinsua
1490 1595 1621 1668 nequitia
1631 1595 1778 1668 deperire,
1787 1602 1824 1668 et,

139 1691 181 1742 tes
194 1703 366 1759 permanere
380 1688 454 1743 dicta
466 1693 518 1757 est,
529 1705 587 1743 non
596 1688 669 1743 circa
679 1704 736 1744 non
750 1689 820 1744 tales
829 1688 954 1744 effectos.
1006 1692 1139 1744 manente
1148 1689 1244 1745 divina
1253 1689 1403 1757 sententia,
1411 1705 1471 1745 non
1480 1705 1531 1761 per
1539 1689 1673 1761 ipsorum
1680 1690 1824 1762 propriam

138 1780 269 1847 Orraudiu
285 1784 382 1837 autern
397 1782 425 1836 iu
440 1783 493 1838 hoc
508 1785 637 1850 manent,
653 1782 722 1838 tales
732 1788 809 1850 sunt,
821 1763 994 1856 qualibusB
1006 1782 1240 1839 emendationem
1258 1800 1366 1856 suoque
1381 1783 1527 1839 intellectu
1543 1782 1586 1839 vel
1606 1787 1705 1851 motu,
1723 1799 1824 1857 suaque

138 1874 410 1931 nonremittendum
423 1892 484 1932 esse
497 1876 646 1948 praefixum
662 1880 715 1932 est.
728 1877 798 1932 Cum
812 1881 907 1932 autem
919 1876 955 1932 ab
1004 1876 1108 1932 virtute
1121 1876 1165 1932 vel
1177 1876 1364 1949 possibilitate
1374 1875 1503 1933 conversi
1513 1880 1591 1948 sunt,
1600 1881 1637 1932 ut
1645 1881 1823 1946 sanarentur,

137 1968 190 2023 hoc
210 1968 387 2037 recesserint,
407 1986 465 2025 uon
478 1970 547 2025 tales
561 1970 731 2039 efllciuutur,
747 1970 878 2042 qualibus
897 1987 954 2025 non
1005 1970 1055 2025 sed
1069 1986 1121 2041 per
1134 1970 1255 2042 gratiam
1269 1970 1358 2025 saneti
1379 1975 1455 2038 sunt,
1473 1973 1506 2025 ut
1520 1971 1824 2026 converterentumlle

138 2062 342 2118 remittendum
352 2079 412 2118 esse
426 2064 575 2134 praelixam
591 2068 643 2118 est.
658 2064 692 2118 Et
701 2064 766 2119 ideo
780 2080 839 2119 non
852 2063 955 2119 talibus
1004 2066 1215 2132 convertantur,
1229 2063 1331 2135 iuquit,
1352 2066 1381 2118 ει
1394 2080 1491 2119 εειειιι
1505 2079 1564 2133 εοε,
1583 2080 1624 2119 ne
1640 2080 1695 2119 sua
1718 2068 1822 2136 sponte,

137 2154 244 2211 effectis
258 2158 352 2228 potest
367 2159 396 2210 et
409 2156 454 2211 hic
467 2159 495 2212 et
511 2156 540 2211 in
550 2156 646 2212 frrturo
656 2156 759 2213 saeculo
766 2157 828 2228 jam
838 2157 953 2212 dimitti.
1004 2173 1040 2212 ue
1055 2156 1254 2228 suisoperibus
1264 2156 1474 2229 quibusutique
1485 2156 1684 2226 confidebant,
1701 2173 1740 2214 ιιε
1749 2173 1823 2213 suam

137 2249 280 2322 Alioquin,
296 2249 372 2322 quod
381 2249 463 2317 absit,
480 2251 585 2306 trustra
598 2250 711 2306 videtur
725 2250 846 2306 Ecclesia
858 2250 955 2322 hujus·
1002 2249 1142 2321 justitiam
1163 2253 1313 2321 sectantes,
1332 2249 1450 2321 justitie
1469 2251 1519 2306 uei
1541 2266 1602 2305 non
1628 2249 1822 2307 debeantesse

139 2343 218 2398 modi
231 2360 283 2399 sua
296 2343 522 2400 reconciliatione
537 2344 688 2417 suscipere.
704 2344 776 2410 Quia
788 2344 954 2400 autemlru·
1005 2342 1135 2414 subjecti,
1155 2342 1191 2398 de
1208 2343 1266 2398 suis
1284 2343 1391 2400 viribus
1407 2344 1591 2410 confidentes,
1605 2359 1667 2399 nou
1683 2343 1786 2400 divinas
1796 2360 1822 2401 se

140 2437 224 2492 strari
238 2453 297 2493 non
311 2441 414 2509 potest,
430 2439 484 2494 hoc
502 2438 677 2494 intellectum
698 2438 790 2494 modis
811 2439 954 2509 omuibus,
1005 2436 1200 2492 misericordia
1210 2436 1472 2509 illuminationique
1483 2436 1650 2493 subdentes.
1661 2438 1701 2492 Et
1709 2438 1773 2494 ideo
1781 2438 1820 2494 in·

140 2531 214 2586 salva
234 2531 344 2587 Dourini
360 2532 513 2602 sententia,
529 2532 745 2605 praedicandum
760 2536 804 2588 est
818 2537 955 2605 quantum
1005 2529 1120 2585 hibetur
1129 2530 1170 2585 eis
1179 2530 1308 2602 superbae
1323 2531 1555 2603 presumptionis
1567 2530 1703 2601 effectus,
1715 2548 1820 2588 necun-

138 2624 175 2680 ad
189 2642 240 2680 nos
255 2625 388 2698 pertinet,
406 2627 527 2681 omnino
539 2643 597 2682 nou
614 2642 708 2698 posse.
719 2626 792 2681 Talis
807 2625 895 2697 igitur
911 2625 954 2681 di·
1005 2623 1821 2697 vertantursuisintentionibus,suisnisibus,utputarant,

138 2719 199 2770 ctus
218 2720 261 2771 est
282 2717 401 2771 Aeacius
422 2717 513 2789 qualis
537 2717 642 2788 ligatus
664 2722 707 2772 est
723 2732 873 2788 nunquam
894 2733 955 2771 esse
1005 2721 1034 2773 et
1046 2733 1145 2772 sanem
1156 2734 1215 2786 eos,
1228 2734 1264 2773 ne
1280 2734 1379 2774 eorum
1390 2717 1471 2791 quasi
1485 2735 1518 2774 ex
1526 2718 1651 2787 meritis,
1663 2735 1702 2775 ex
1715 2720 1821 2793 proprie

140 2808 299 2864 solvendus.
315 2810 388 2865 Talis
397 2826 488 2882 usque
499 2810 529 2864 in
542 2811 630 2865 finem
641 2810 808 2882 permansit,
822 2810 885 2865 talis
894 2825 955 2866 esse
1005 2811 1138 2868 facultate
1150 2810 1330 2868 venientibus
1344 2811 1475 2867 salratrix
1490 2812 1584 2883 gratia
1595 2811 1729 2880 daretur,
1742 2816 1821 2887 atque

139 2922 198 2962 uon
214 2906 329 2975 destitit,
346 2906 385 2962 ita
399 2908 461 2962 talis
469 2913 512 2963 est
524 2906 611 2963 hodie
622 2907 714 2980 qualis
728 2910 771 2963 est
785 2907 956 2963 dictus.Non
1006 2904 1044 2959 ita
1064 2903 1159 2976 gratia
1175 2905 1236 2976 jam
1258 2922 1316 2961 non
1328 2909 1403 2961 esset
1417 2905 1520 2977 gratia,
1545 2905 1568 2960 si
1583 2922 1643 2962 nou
1658 2907 1749 2979 gratis
1760 2907 1820 2964 dare

137 2999 200 3054 talis
216 3016 277 3055 esse
287 2999 348 3071 jam
365 3016 423 3055 non
435 3003 539 3072 potest,
556 3001 801 3073 uunquamigitur
814 3001 954 3074 talisper·
1006 3002 1080 3053 esset
1089 2998 1250 3069 immeritis,
1266 2999 1316 3054 sed
1329 3014 1437 3054 merces
1454 3002 1596 3071 tauquam
1615 3001 1732 3057 meritis
1745 3001 1817 3056 resti·

138 3093 281 3149 manendo
296 3093 448 3149 solvendus
468 3098 520 3162 est,
535 3094 602 3166 quia
620 3093 644 3149 si
662 3094 724 3149 talis
737 3110 796 3150 esse
810 3095 957 3150 desisteret
1005 3096 1075 3148 tuta.
1089 3093 1150 3147 Non
1165 3107 1234 3164 ergo
1249 3091 1302 3164 ipsi
1317 3095 1525 3161 convertantur,
1545 3097 1576 3148 et
1588 3109 1693 3148 sanem
1707 3111 1765 3164 eos,
1778 3094 1817 3150 sed

137 3203 196 3242 non
213 3186 242 3242 in
256 3204 313 3242 non
327 3187 376 3242 tuli
391 3188 606 3259 permansisset,
621 3193 650 3244 ει
659 3205 808 3261 nunquam
823 3205 884 3244 esse
898 3188 954 3244 sol-
1006 3186 1096 3242 sanati
1114 3202 1166 3257 per
1184 3186 1307 3258 gratiam
1322 3183 1445 3258 qualiter
1457 3186 1492 3242 ad
1504 3186 1705 3244 bumilitatem
1726 3187 1815 3245 Christi

137 3279 273 3350 vandum,
295 3281 434 3354 quianon
448 3282 512 3337 talis
531 3282 622 3354 qualis
634 3282 726 3338 dictus
738 3287 790 3350 est,
805 3299 954 3356 nunquam
1004 3282 1216 3349 convertantur,
1231 3283 1398 3350 agnoscant.
1415 3281 1454 3334 lta
1465 3278 1496 3334 in
1508 3279 1654 3353 ubisqne,
1664 3281 1723 3337 hoc
1736 3284 1815 3351 estet

136 3390 198 3441 ‚asse
211 3375 299 3447 possit
312 3375 431 3445 absolvi,
445 3378 475 3430 ει
490 3393 547 3431 uon
559 3375 610 3431 tali
631 3392 777 3450 nunquam
791 3377 860 3432 solvi
873 3393 953 3433 reae·
1004 3373 1033 3427 iu
1046 3389 1079 3428 eo
1091 3373 1364 3446 permanentibusin
1375 3389 1433 3445 quo
1445 3373 1532 3429 talem
1544 3375 1725 3431 sententiam
1735 3390 1814 3447 perce·

137 3468 226 3537 deret,
240 3473 269 3524 et
282 3468 347 3524 ideo
361 3473 394 3524 ut
406 3469 477 3524 solvi
493 3474 588 3542 posset
607 3470 761 3525 amederet.
778 3470 858 3534 Quod
872 3471 955 3526 sedes
1004 3470 1119 3538 perant,
1135 3471 1163 3521 et
1172 3466 1201 3521 in
1217 3466 1330 3522 salvatis
1342 3466 1444 3522 exinde
1455 3468 1602 3522 sententia
1614 3468 1812 3524 Dominicelin

137 3562 291 3634 apostoliea
306 3578 365 3618 non
380 3563 532 3632 consensit,
549 3580 625 3619 nunc
638 3563 795 3636 imperator
809 3564 953 3635 imposuit,
1004 3560 1172 3632 permansit,
1189 3565 1218 3632 et
1239 3564 1333 3616 umen
1352 3576 1419 3616 cum
1435 3566 1627 3632 permanente
1647 3563 1690 3618 sic
1703 3561 1811 3618 eismiu

138 3673 190 3711 nec
203 3656 349 3712 Anatolius
363 3657 519 3729 usurpavit.
536 3659 705 3729 Totumque,
727 3660 760 3712 ut
782 3657 953 3727 dictumest,
1005 3670 1111 3725 genere
1126 3653 1231 3710 sanitas
1248 3654 1411 3710 introducta
1427 3657 1479 3725 εει,
1494 3657 1526 3713 ιιι
1540 3653 1591 3710 illa
1608 3657 1754 3712 sententia
1766 3670 1810 3710 nou

138 3751 167 3805 in
192 3749 266 3805 sedis
287 3750 448 3823 apostolieae
471 3754 621 3823 potestate.
642 3753 682 3807 lla
698 3750 774 3822 quod
788 3749 910 3807 ιὶιιιιειιι
923 3751 953 3806 in
1004 3750 1114 3803 mutata
1127 3747 1280 3818 videretur,
1290 3748 1340 3804 sed
1350 3747 1453 3804 eadem
1461 3749 1638 3820 perdurante
1651 3750 1809 3806 sanitaanon

137 3843 247 3913 synodo
270 3844 350 3900 sedes
372 3844 536 3916 apostolica,
557 3845 612 3899 boc
625 3843 715 3900 robur
729 3843 862 3915 obtinuit,
878 3845 954 3918 quod
1004 3857 1104 3897 eorum
1117 3840 1298 3909 confidentia,
1322 3842 1372 3897 sed
1389 3840 1486 3898 divino
1505 3858 1628 3898 munere
1649 3843 1808 3915 proveniret

138 3937 273 3993 ιειιιιενίι
283 3938 451 3993 haberenon
460 3937 737 4011 potuittirmilatem,
750 3939 954 3994 etsolareseiu-
1003 3935 1083 3999 Quod
1097 3935 1120 3990 si
1132 3935 1194 3991 baec
1208 3940 1315 3992 tentare
1329 3934 1496 4006 formident,
1511 3951 1564 3991 nee
1576 3935 1616 3991 ad
1628 3953 1692 3992 suas
1702 3935 1809 4010 pertine

136 4031 188 4102 dit,
202 4032 282 4103 quod
296 4037 399 4103 prater
412 4032 542 4088 ordinem
556 4031 740 4104 congregatio
754 4032 889 4104 synodica
900 4049 952 4104 pu·
1004 4045 1036 4083 re
1045 4032 1222 4101 cognoscunt
1231 4029 1379 4085 modulum
1386 4029 1541 4102 potestatis,
1554 4029 1601 4085 cui
1607 4034 1726 4087 tantum
1732 4030 1763 4086 de
1770 4029 1809 4083 bu

136 4128 245 4180 leverat
259 4125 464 4196 usurpandum.
476 4125 538 4180 Non
548 4124 759 4196 promulgatrix
768 4125 878 4180 iteratae
889 4142 951 4180 sen·
1005 4124 1097 4178 manis
1106 4122 1192 4178 rebus
1201 4123 1374 4194 permissum
1389 4127 1441 4192 est,
1457 4123 1613 4179 nonetiam
1624 4141 1694 4181 eam
1704 4137 1807 4198 preesse

139 4217 246 4283 tentia,
260 4217 308 4272 sed
324 4233 389 4272 cum
412 4218 566 4289 apostolica
583 4219 648 4273 sede
660 4218 764 4274 icteris
784 4219 952 4273 exsecutrix.
1004 4216 1116 4285 divisis,
1131 4216 1278 4288 quomodo
1294 4215 1329 4273 da
1344 4218 1389 4272 his
1401 4234 1453 4289 per
1464 4216 1645 4290 quosdivina
1660 4219 1808 4275 ministren-

139 4311 194 4365 lloc
207 4313 305 4364 tamen
325 4310 401 4381 quod
417 4310 453 4365 de
471 4327 528 4365 uno
543 4312 701 4384 eodemque
716 4311 832 4367 bomine
846 4312 953 4367 dictum
1002 4316 1050 4367 tur
1059 4311 1187 4383 judicare
1205 4311 1406 4383 presumunt?
1426 4311 1543 4366 Fuerint
1563 4312 1627 4368 hese
1641 4317 1712 4369 ante
1722 4312 1808 4368 odren·

136 4409 188 4471 est,
202 4402 260 4459 sire
274 4404 321 4458 tali
342 4404 512 4476 persistente
533 4405 626 4476 qualis
644 4405 815 4461 sententiam
834 4421 952 4477 cumpe-
1003 4408 1063 4460 tum
1076 4404 1190 4474 Christi,
1206 4409 1239 4459 ut
1251 4405 1369 4476 quidem
1386 4404 1553 4476 figuraliter,
1568 4405 1668 4462 adbuc
1681 4403 1810 4463 tamenin

139 4503 232 4554 tenter
246 4497 365 4570 accepit,
380 4497 437 4553 sive
450 4515 508 4554 non
522 4499 571 4554 tali
582 4498 682 4554 effecto
694 4502 722 4554 et
734 4498 769 4553 ab
778 4500 826 4554 illa
838 4503 953 4555 senten·
963 4503 994 4575 Β
1005 4497 1278 4554 camelibusaetibus
1286 4498 1441 4565 constituti,
1449 4498 1555 4570 pariter
1563 4515 1651 4572 reges
1659 4500 1809 4563 existerent

138 4593 177 4647 tia
190 4608 254 4665 quae
269 4609 326 4647 non
340 4593 391 4648 tuli
406 4608 464 4648 non
479 4592 553 4648 dicta
565 4598 608 4649 est
627 4592 768 4661 absoluto,
792 4597 821 4648 et
840 4594 869 4649 in
883 4610 952 4649 una-
1005 4597 1034 4647 et
1052 4592 1158 4664 pariter
1176 4592 1343 4648 sacerdotes.
1363 4590 1444 4657 Quod
1465 4596 1599 4648 sanctum
1617 4588 1811 4650 ldelcbisedeeb

138 4701 252 4758 queque
262 4686 376 4741 civitate
388 4686 639 4759 legitur,similiter
648 4702 709 4743 esse
720 4687 877 4758 praefixum,
888 4687 954 4744 etin
1004 4685 1091 4740 luisse
1102 4700 1179 4739 sacra
1190 4685 1286 4757 prodit
1295 4684 1422 4740 historia.
1436 4684 1518 4749 Quod
1529 4684 1561 4741 in
1571 4686 1632 4742 suis
1640 4703 1756 4762 quoque
1765 4684 1811 4740 die

138 4779 243 4851 populo
255 4795 288 4834 ac
304 4780 391 4835 simul
407 4783 492 4852 geute
506 4781 708 4852 depromptum
724 4779 829 4851 potius,
845 4796 910 4851 quae
924 4781 954 4836 in
1005 4778 1086 4834 bolus
1095 4777 1223 4835 imitatus
1233 4783 1285 4848 est,
1296 4782 1395 4851 utpote
1405 4779 1656 4854 quisemperquae
1665 4775 1813 4838 divinoml·

136 4877 195 4928 totu
209 4872 277 4928 orbe
295 4873 387 4945 portio
405 4877 456 4928 est.
479 4874 556 4929 ldem
573 4873 651 4929 enim
671 4873 795 4929 muudus
809 4873 913 4945 estqui
927 4877 961 4930 et
1005 4872 1045 4927 tui
1056 4873 1240 4929 convenirent
1252 4872 1366 4929 sibimet
1381 4873 1530 4946 tyrannico
1547 4873 1666 4946 spiritui
1685 4873 1812 4931 vindicare

137 4966 279 5037 periturus
291 4972 334 5023 est
348 4967 450 5034 motus,
467 4971 496 5022 et
513 4983 609 5022 sermo
626 4967 677 5022 llei
696 4983 756 5022 non
770 4970 865 5039 potest
877 4967 954 5024 exei-
1004 4967 1159 5039 contendit,
1175 4968 1321 5039 utpagani
1336 4967 1522 5038 imperatores
1544 4967 1638 5024 iidem
1659 4974 1690 5025 et
1710 4962 1812 5025 marini

136 5062 216 5129 dere,
231 5063 259 5116 et
272 5060 301 5115 in
320 5061 383 5132 ipso
394 5061 503 5116 mundo
519 5060 706 5116 nihilominus
720 5077 737 5117 a
752 5060 845 5133 pravis
858 5061 953 5117 inten·
1005 5059 1152 5131 pontifices
1167 5060 1338 5116 dicerentur.

137 5155 260 5211 tionibus
275 5154 426 5210 recedente
444 5170 503 5210 non
516 5155 668 5227 promitur.
683 5154 728 5211 Sic
740 5156 829 5227 Tyrus
841 5160 870 5212 ει
879 5155 955 5211 Βειι·
1040 5152 1095 5209 Sed
1114 5170 1179 5209 cum
1202 5154 1240 5209 ad
1262 5170 1361 5210 rerum
1376 5158 1493 5210 ventum
1507 5159 1561 5225 est,
1575 5155 1717 5213 cumdem
1730 5167 1812 5228 regen

136 5256 185 5305 ton
206 5265 286 5321 gaza,
310 5252 339 5304 et
357 5250 493 5321 AEgyptus
515 5247 709 5320 pronuntiatae
732 5252 799 5304 sunt
818 5248 954 5320 perituros
1003 5251 1088 5319 atque
1102 5248 1265 5319 pontitlcem
1281 5249 1355 5303 ultra
1369 5247 1423 5303 sibi
1437 5264 1490 5303 uec
1502 5247 1670 5320 imperator
1685 5243 1813 5324 pontilicis

135 5360 206 5415 quas
217 5347 317 5416 postea
329 5359 381 5414 per
394 5343 579 5414 Evangelium
595 5341 728 5398 novimus
743 5358 805 5397 essa
821 5341 952 5397 salvatas.
1005 5357 1110 5396 nomen
1125 5340 1272 5413 imposuit,
1285 5358 1337 5397 uec
1347 5340 1474 5413 pontifex
1487 5342 1588 5414 regale
1598 5342 1750 5418 fastigium
1761 5355 1812 5396 eeu

135 5435 954 5510 Perieruntitequeduplicimodo:autpermanentesineo
1005 5434 1117 5491 dicavit.
1138 5436 1272 5500 Quamvis
1290 5435 1367 5491 enim
1384 5435 1515 5492 membra
1528 5434 1634 5508 ipsius,
1653 5438 1687 5494 id
1699 5442 1750 5505 eet,
1765 5430 1811 5490 sed

136 5531 211 5601 quud
229 5531 315 5587 talem
331 5531 502 5587 sententiam
515 5532 713 5602 susceperunt,
727 5534 776 5584 aut
794 5527 954 5585 deficientes
1003 5527 1081 5601 regis
1107 5532 1192 5602 etque
1216 5529 1358 5601 pontilicis
1386 5528 1544 5585 secundum
1572 5530 1810 5606 participatione!

135 5624 170 5678 ab
184 5641 217 5679 eo
229 5641 285 5695 quo
298 5626 366 5681 tales
378 5625 508 5693 lucrant;
523 5623 627 5696 quibus
640 5628 683 5679 est
703 5622 750 5678 illa
759 5622 906 5703 'sententia
925 5626 955 5677 ιιι
1004 5623 1153 5694 magnillus
1163 5627 1317 5696 utrumque
1327 5623 1356 5679 in
1368 5639 1448 5679 sacra
1460 5623 1662 5696 generositate
1671 5621 1809 5699 nupti*

135 5724 343 5789 eonseqaentar
351 5718 388 5773 ad
398 5734 455 5774 uon
465 5718 538 5773 tales
548 5733 607 5773 non
616 5716 775 5790 pertineret
783 5716 833 5773 illa
843 5721 955 5773 senten·
1004 5717 1146 5787 dicuntur,
1161 5724 1193 5773 ut
1204 5717 1288 5773 simul
1303 5718 1400 5790 regale
1415 5733 1507 5789 genus
1521 5722 1551 5775 et
1570 5718 1749 5777 seuerdoffl
1759 5711 1810 5770 sulr

120 5805 160 5863 lia
173 5824 241 5883 ‘111ae
252 5827 314 5868 non
330 5812 437 5872 talibus
448 5812 565 5890 praefixa
576 5829 636 5874 non
649 5811 753 5872 fueret.
766 5809 813 5870 Sic
822 5809 911 5870 etiam
920 5810 957 5870 ds
1004 5810 1116 5880 sistant,
1132 5811 1268 5885 quoniam
1284 5810 1410 5868 Christus
1420 5826 1531 5868 memor
1544 5811 1712 5889 maginensis
1723 5811 1808 5869 berre·
