<?xml version="1.0" encoding="UTF-8"?>
<!DOCTYPE html PUBLIC "-//W3C//DTD XHTML 1.0 Transitional//EN"
    "http://www.w3.org/TR/xhtml1/DTD/xhtml1-transitional.dtd">
<html xmlns="http://www.w3.org/1999/xhtml" xml:lang="en" lang="en">
 <head>
  <title>
</title>
<meta http-equiv="Content-Type" content="text/html;charset=utf-8" />
  <meta name='ocr-system' content='tesseract 3.04.00' />
  <meta name='ocr-capabilities' content='ocr_page ocr_carea ocr_par ocr_line ocrx_word'/>
</head>
<body>
  <div class='ocr_page' id='page_1' title='image "./patrologiaecurs03unkngoog_0133.png"; bbox 0 0 3870 6150; ppageno 0'>
   <div class='ocr_carea' id='block_1_1' title="bbox 131 252 1843 337">
    <p class='ocr_par' dir='ltr' id='par_1_1' title="bbox 131 252 1843 337">
     <span class='ocr_line' id='line_1_1' title="bbox 131 252 1843 337; baseline 0.001 -2"><span class='ocrx_word' id='word_1_1' title='bbox 131 277 181 336; x_wconf 81' lang='lat' dir='ltr'>an</span> <span class='ocrx_word' id='word_1_2' title='bbox 580 280 720 335; x_wconf 78' lang='lat' dir='ltr'>aeruna.</span> <span class='ocrx_word' id='word_1_3' title='bbox 741 278 785 334; x_wconf 76' lang='lat' dir='ltr'>so</span> <span class='ocrx_word' id='word_1_4' title='bbox 804 281 883 335; x_wconf 77' lang='lat' dir='ltr'>aaa.</span> <span class='ocrx_word' id='word_1_5' title='bbox 905 280 948 332; x_wconf 85' lang='lat' dir='ltr'>n.</span> <span class='ocrx_word' id='word_1_6' title='bbox 964 307 998 318; x_wconf 89' lang='lat'>-</span> <span class='ocrx_word' id='word_1_7' title='bbox 1017 278 1140 333; x_wconf 81' lang='lat' dir='ltr'>rsrnonr</span> <span class='ocrx_word' id='word_1_8' title='bbox 1160 278 1370 334; x_wconf 79' lang='lat' dir='ltr'>nancsroats</span> <span class='ocrx_word' id='word_1_9' title='bbox 1758 279 1812 337; x_wconf 77' lang='lat' dir='ltr'>an</span> <span class='ocrx_word' id='word_1_10' title='bbox 1842 252 1843 256; x_wconf 48' lang='lat'>‘</span> 
     </span>
    </p>
   </div>
   <div class='ocr_carea' id='block_1_2' title="bbox 113 383 1813 5482">
    <p class='ocr_par' dir='ltr' id='par_1_2' title="bbox 113 383 1813 5482">
     <span class='ocr_line' id='line_1_2' title="bbox 132 383 1812 470; baseline -0.001 -27"><span class='ocrx_word' id='word_1_11' title='bbox 132 403 181 443; x_wconf 88' lang='lat' dir='ltr'>sus</span> <span class='ocrx_word' id='word_1_12' title='bbox 209 383 367 458; x_wconf 89' lang='lat' dir='ltr'>eademque</span> <span class='ocrx_word' id='word_1_13' title='bbox 397 401 518 457; x_wconf 88' lang='lat' dir='ltr'>persona</span> <span class='ocrx_word' id='word_1_14' title='bbox 545 386 590 454; x_wconf 90' lang='lat' dir='ltr'>sit,</span> <span class='ocrx_word' id='word_1_15' title='bbox 619 387 822 442; x_wconf 76' lang='lat' dir='ltr'><strong>exaltationem</strong></span> <span class='ocrx_word' id='word_1_16' title='bbox 850 391 947 441; x_wconf 91' lang='lat' dir='ltr'>tamen</span> <span class='ocrx_word' id='word_1_17' title='bbox 958 387 1094 470; x_wconf 59' lang='lat' dir='ltr'>Aomnia</span> <span class='ocrx_word' id='word_1_18' title='bbox 1106 388 1210 441; x_wconf 85' lang='lat' dir='ltr'>saccula</span> <span class='ocrx_word' id='word_1_19' title='bbox 1224 389 1441 457; x_wconf 88' lang='lat' dir='ltr'>percurrentem</span> <span class='ocrx_word' id='word_1_20' title='bbox 1456 384 1812 442; x_wconf 81' lang='lat' dir='ltr'>mundussitlleorecon-</span> 
     </span>
     <span class='ocr_line' id='line_1_3' title="bbox 132 478 1810 553; baseline -0.001 -17"><span class='ocrx_word' id='word_1_21' title='bbox 132 496 220 553; x_wconf 88' lang='lat' dir='ltr'>quam</span> <span class='ocrx_word' id='word_1_22' title='bbox 240 480 329 548; x_wconf 88' lang='lat' dir='ltr'>illum,</span> <span class='ocrx_word' id='word_1_23' title='bbox 346 479 419 535; x_wconf 91' lang='lat' dir='ltr'>sicut</span> <span class='ocrx_word' id='word_1_24' title='bbox 435 480 534 536; x_wconf 85' lang='lat' dir='ltr'>doctor</span> <span class='ocrx_word' id='word_1_25' title='bbox 548 480 698 551; x_wconf 77' lang='lat' dir='ltr'>gentilium</span> <span class='ocrx_word' id='word_1_26' title='bbox 721 480 801 549; x_wconf 84' lang='lat' dir='ltr'>dixit,</span> <span class='ocrx_word' id='word_1_27' title='bbox 816 480 947 536; x_wconf 72' lang='lat' dir='ltr'>exaltavit</span> <span class='ocrx_word' id='word_1_28' title='bbox 996 480 1105 534; x_wconf 89' lang='lat' dir='ltr'>ciliatus</span> <span class='ocrx_word' id='word_1_29' title='bbox 1122 479 1152 534; x_wconf 90' lang='lat' dir='ltr'>in</span> <span class='ocrx_word' id='word_1_30' title='bbox 1164 479 1284 549; x_wconf 87' lang='lat' dir='ltr'>Christo,</span> <span class='ocrx_word' id='word_1_31' title='bbox 1301 482 1339 547; x_wconf 89' lang='lat' dir='ltr'>ut,</span> <span class='ocrx_word' id='word_1_32' title='bbox 1355 478 1409 533; x_wconf 90' lang='lat' dir='ltr'>nisi</span> <span class='ocrx_word' id='word_1_33' title='bbox 1423 478 1548 533; x_wconf 81' lang='lat' dir='ltr'>Verbum</span> <span class='ocrx_word' id='word_1_34' title='bbox 1563 479 1730 550; x_wconf 82' lang='lat' dir='ltr'>dignaretur</span> <span class='ocrx_word' id='word_1_35' title='bbox 1744 497 1810 535; x_wconf 90' lang='lat' dir='ltr'>caro</span> 
     </span>
     <span class='ocr_line' id='line_1_4' title="bbox 133 572 1811 645; baseline 0 -17"><span class='ocrx_word' id='word_1_36' title='bbox 133 575 205 630; x_wconf 85' lang='lat' dir='ltr'>[leus</span> <span class='ocrx_word' id='word_1_37' title='bbox 220 576 249 629; x_wconf 92' lang='lat' dir='ltr'>et</span> <span class='ocrx_word' id='word_1_38' title='bbox 260 573 376 629; x_wconf 81' lang='lat' dir='ltr'>donavit</span> <span class='ocrx_word' id='word_1_39' title='bbox 390 573 431 629; x_wconf 91' lang='lat' dir='ltr'>illi</span> <span class='ocrx_word' id='word_1_40' title='bbox 447 589 553 629; x_wconf 86' lang='lat' dir='ltr'>noman</span> <span class='ocrx_word' id='word_1_41' title='bbox 565 573 642 645; x_wconf 90' lang='lat' dir='ltr'>quod</span> <span class='ocrx_word' id='word_1_42' title='bbox 655 577 697 629; x_wconf 91' lang='lat' dir='ltr'>est</span> <span class='ocrx_word' id='word_1_43' title='bbox 709 589 793 645; x_wconf 91' lang='lat' dir='ltr'>super</span> <span class='ocrx_word' id='word_1_44' title='bbox 805 590 889 629; x_wconf 91' lang='lat' dir='ltr'>omne</span> <span class='ocrx_word' id='word_1_45' title='bbox 898 589 946 627; x_wconf 78' lang='lat' dir='ltr'>no</span> <span class='ocrx_word' id='word_1_46' title='bbox 995 572 1065 641; x_wconf 88' lang='lat' dir='ltr'>fieri,</span> <span class='ocrx_word' id='word_1_47' title='bbox 1073 573 1152 628; x_wconf 92' lang='lat' dir='ltr'>nulla</span> <span class='ocrx_word' id='word_1_48' title='bbox 1162 578 1258 643; x_wconf 89' lang='lat' dir='ltr'>posset</span> <span class='ocrx_word' id='word_1_49' title='bbox 1268 589 1332 627; x_wconf 91' lang='lat' dir='ltr'>caro</span> <span class='ocrx_word' id='word_1_50' title='bbox 1343 573 1451 627; x_wconf 81' lang='lat' dir='ltr'>salvari.</span> <span class='ocrx_word' id='word_1_51' title='bbox 1463 574 1551 628; x_wconf 87' lang='lat' dir='ltr'>Omne</span> <span class='ocrx_word' id='word_1_52' title='bbox 1562 573 1639 628; x_wconf 90' lang='lat' dir='ltr'>enim</span> <span class='ocrx_word' id='word_1_53' title='bbox 1651 590 1811 628; x_wconf 88' lang='lat' dir='ltr'>sacramen-</span> 
     </span>
     <span class='ocr_line' id='line_1_5' title="bbox 132 665 1812 739; baseline -0.003 -14"><span class='ocrx_word' id='word_1_54' title='bbox 132 683 208 734; x_wconf 89' lang='lat' dir='ltr'>meu,</span> <span class='ocrx_word' id='word_1_55' title='bbox 221 667 331 722; x_wconf 89' lang='lat' dir='ltr'>adeam</span> <span class='ocrx_word' id='word_1_56' title='bbox 343 665 528 737; x_wconf 78' lang='lat' dir='ltr'>intelligimus</span> <span class='ocrx_word' id='word_1_57' title='bbox 543 665 686 737; x_wconf 91' lang='lat' dir='ltr'>pertinere</span> <span class='ocrx_word' id='word_1_58' title='bbox 699 667 824 722; x_wconf 85' lang='lat' dir='ltr'>formam</span> <span class='ocrx_word' id='word_1_59' title='bbox 833 683 897 739; x_wconf 84' lang='lat' dir='ltr'>quae</span> <span class='ocrx_word' id='word_1_60' title='bbox 906 666 947 721; x_wconf 90' lang='lat' dir='ltr'>di·</span> <span class='ocrx_word' id='word_1_61' title='bbox 995 671 1057 722; x_wconf 93' lang='lat' dir='ltr'>tum</span> <span class='ocrx_word' id='word_1_62' title='bbox 1067 666 1234 722; x_wconf 72' lang='lat' dir='ltr'>Christianae</span> <span class='ocrx_word' id='word_1_63' title='bbox 1243 665 1309 722; x_wconf 90' lang='lat' dir='ltr'>fidei</span> <span class='ocrx_word' id='word_1_64' title='bbox 1317 665 1471 738; x_wconf 81' lang='lat' dir='ltr'>magnotut</span> <span class='ocrx_word' id='word_1_65' title='bbox 1479 665 1604 721; x_wconf 82' lang='lat' dir='ltr'>haeretici</span> <span class='ocrx_word' id='word_1_66' title='bbox 1612 666 1812 736; x_wconf 76' lang='lat' dir='ltr'>voluntldeco-</span> 
     </span>
     <span class='ocr_line' id='line_1_6' title="bbox 131 758 1812 831; baseline -0.001 -16"><span class='ocrx_word' id='word_1_67' title='bbox 131 762 220 817; x_wconf 82' lang='lat' dir='ltr'>tanda</span> <span class='ocrx_word' id='word_1_68' title='bbox 234 765 295 818; x_wconf 86' lang='lat' dir='ltr'>erat</span> <span class='ocrx_word' id='word_1_69' title='bbox 306 764 393 815; x_wconf 77' lang='lat' dir='ltr'>anta</span> <span class='ocrx_word' id='word_1_70' title='bbox 409 759 618 831; x_wconf 88' lang='lat' dir='ltr'>glorificationis</span> <span class='ocrx_word' id='word_1_71' title='bbox 629 763 791 831; x_wconf 90' lang='lat' dir='ltr'>augmento.</span> <span class='ocrx_word' id='word_1_72' title='bbox 806 762 838 816; x_wconf 92' lang='lat' dir='ltr'>ln</span> <span class='ocrx_word' id='word_1_73' title='bbox 854 760 946 815; x_wconf 85' lang='lat' dir='ltr'>forma</span> <span class='ocrx_word' id='word_1_74' title='bbox 994 760 1104 815; x_wconf 90' lang='lat' dir='ltr'>loratur</span> <span class='ocrx_word' id='word_1_75' title='bbox 1113 759 1241 829; x_wconf 90' lang='lat' dir='ltr'>obscuro,</span> <span class='ocrx_word' id='word_1_76' title='bbox 1254 759 1277 813; x_wconf 91' lang='lat' dir='ltr'>si</span> <span class='ocrx_word' id='word_1_77' title='bbox 1286 760 1332 814; x_wconf 95' lang='lat' dir='ltr'>lux</span> <span class='ocrx_word' id='word_1_78' title='bbox 1341 758 1466 815; x_wconf 86' lang='lat' dir='ltr'>veritatis</span> <span class='ocrx_word' id='word_1_79' title='bbox 1475 760 1526 814; x_wconf 89' lang='lat' dir='ltr'>suh</span> <span class='ocrx_word' id='word_1_80' title='bbox 1537 760 1684 815; x_wconf 88' lang='lat' dir='ltr'>mendacio</span> <span class='ocrx_word' id='word_1_81' title='bbox 1695 764 1812 831; x_wconf 85' lang='lat' dir='ltr'>putatur</span> 
     </span>
     <span class='ocr_line' id='line_1_7' title="bbox 131 851 1811 927; baseline -0.002 -17"><span class='ocrx_word' id='word_1_82' title='bbox 131 855 237 927; x_wconf 85' lang='lat' dir='ltr'>quippe</span> <span class='ocrx_word' id='word_1_83' title='bbox 252 853 300 909; x_wconf 83' lang='lat' dir='ltr'>[lei</span> <span class='ocrx_word' id='word_1_84' title='bbox 314 852 433 925; x_wconf 75' lang='lat' dir='ltr'>equalis</span> <span class='ocrx_word' id='word_1_85' title='bbox 451 855 512 907; x_wconf 88' lang='lat' dir='ltr'>erat</span> <span class='ocrx_word' id='word_1_86' title='bbox 533 852 619 907; x_wconf 79' lang='lat' dir='ltr'>Filius</span> <span class='ocrx_word' id='word_1_87' title='bbox 632 851 718 922; x_wconf 89' lang='lat' dir='ltr'>Patri,</span> <span class='ocrx_word' id='word_1_88' title='bbox 733 855 762 907; x_wconf 91' lang='lat' dir='ltr'>et</span> <span class='ocrx_word' id='word_1_89' title='bbox 773 853 850 908; x_wconf 90' lang='lat' dir='ltr'>inter</span> <span class='ocrx_word' id='word_1_90' title='bbox 863 853 944 924; x_wconf 90' lang='lat' dir='ltr'>geni·</span> <span class='ocrx_word' id='word_1_91' title='bbox 994 853 1108 907; x_wconf 90' lang='lat' dir='ltr'>latuisse</span> <span class='ocrx_word' id='word_1_92' title='bbox 1117 852 1334 924; x_wconf 76' lang='lat' dir='ltr'>phantasmatis.</span> <span class='ocrx_word' id='word_1_93' title='bbox 1345 853 1406 906; x_wconf 89' lang='lat' dir='ltr'>Non</span> <span class='ocrx_word' id='word_1_94' title='bbox 1412 868 1481 923; x_wconf 89' lang='lat' dir='ltr'>ergo</span> <span class='ocrx_word' id='word_1_95' title='bbox 1492 852 1643 924; x_wconf 89' lang='lat' dir='ltr'>quisquam</span> <span class='ocrx_word' id='word_1_96' title='bbox 1650 852 1703 906; x_wconf 88' lang='lat' dir='ltr'>sibi</span> <span class='ocrx_word' id='word_1_97' title='bbox 1710 851 1811 907; x_wconf 85' lang='lat' dir='ltr'>erube-</span> 
     </span>
     <span class='ocr_line' id='line_1_8' title="bbox 129 944 1811 1018; baseline -0.002 -15"><span class='ocrx_word' id='word_1_98' title='bbox 129 952 220 1003; x_wconf 91' lang='lat' dir='ltr'>torem</span> <span class='ocrx_word' id='word_1_99' title='bbox 230 951 315 1018; x_wconf 87' lang='lat' dir='ltr'>atque</span> <span class='ocrx_word' id='word_1_100' title='bbox 325 946 507 1017; x_wconf 88' lang='lat' dir='ltr'>unigenitum</span> <span class='ocrx_word' id='word_1_101' title='bbox 516 946 594 1001; x_wconf 86' lang='lat' dir='ltr'>nulla</span> <span class='ocrx_word' id='word_1_102' title='bbox 604 949 664 1001; x_wconf 88' lang='lat' dir='ltr'>erat</span> <span class='ocrx_word' id='word_1_103' title='bbox 673 945 702 1000; x_wconf 93' lang='lat' dir='ltr'>in</span> <span class='ocrx_word' id='word_1_104' title='bbox 713 945 834 1001; x_wconf 90' lang='lat' dir='ltr'>essentia</span> <span class='ocrx_word' id='word_1_105' title='bbox 844 946 945 1001; x_wconf 81' lang='lat' dir='ltr'>disere</span> <span class='ocrx_word' id='word_1_106' title='bbox 995 944 1130 999; x_wconf 90' lang='lat' dir='ltr'>scendum</span> <span class='ocrx_word' id='word_1_107' title='bbox 1145 944 1288 999; x_wconf 83' lang='lat' dir='ltr'>existimet</span> <span class='ocrx_word' id='word_1_108' title='bbox 1299 944 1474 999; x_wconf 84' lang='lat' dir='ltr'>Christianus</span> <span class='ocrx_word' id='word_1_109' title='bbox 1485 944 1521 1000; x_wconf 91' lang='lat' dir='ltr'>de</span> <span class='ocrx_word' id='word_1_110' title='bbox 1541 945 1630 999; x_wconf 88' lang='lat' dir='ltr'>nostri</span> <span class='ocrx_word' id='word_1_111' title='bbox 1651 945 1682 999; x_wconf 91' lang='lat' dir='ltr'>in</span> <span class='ocrx_word' id='word_1_112' title='bbox 1698 944 1811 999; x_wconf 83' lang='lat' dir='ltr'>Christo</span> 
     </span>
     <span class='ocr_line' id='line_1_9' title="bbox 132 1037 1810 1110; baseline -0.002 -17"><span class='ocrx_word' id='word_1_113' title='bbox 132 1040 182 1108; x_wconf 91' lang='lat' dir='ltr'>tio,</span> <span class='ocrx_word' id='word_1_114' title='bbox 199 1039 278 1095; x_wconf 90' lang='lat' dir='ltr'>nulla</span> <span class='ocrx_word' id='word_1_115' title='bbox 295 1039 325 1093; x_wconf 91' lang='lat' dir='ltr'>in</span> <span class='ocrx_word' id='word_1_116' title='bbox 347 1039 495 1109; x_wconf 89' lang='lat' dir='ltr'>majestate</span> <span class='ocrx_word' id='word_1_117' title='bbox 508 1039 665 1108; x_wconf 87' lang='lat' dir='ltr'>diversitas,</span> <span class='ocrx_word' id='word_1_118' title='bbox 682 1055 733 1094; x_wconf 89' lang='lat' dir='ltr'>nec</span> <span class='ocrx_word' id='word_1_119' title='bbox 746 1055 797 1110; x_wconf 90' lang='lat' dir='ltr'>per</span> <span class='ocrx_word' id='word_1_120' title='bbox 815 1039 943 1093; x_wconf 89' lang='lat' dir='ltr'>incarna·</span> <span class='ocrx_word' id='word_1_121' title='bbox 995 1037 1120 1107; x_wconf 90' lang='lat' dir='ltr'>corporis</span> <span class='ocrx_word' id='word_1_122' title='bbox 1132 1037 1261 1104; x_wconf 85' lang='lat' dir='ltr'>veritate,</span> <span class='ocrx_word' id='word_1_123' title='bbox 1276 1037 1343 1109; x_wconf 88' lang='lat' dir='ltr'>quia</span> <span class='ocrx_word' id='word_1_124' title='bbox 1355 1053 1454 1093; x_wconf 92' lang='lat' dir='ltr'>omnes</span> <span class='ocrx_word' id='word_1_125' title='bbox 1466 1038 1587 1108; x_wconf 90' lang='lat' dir='ltr'>apostoli</span> <span class='ocrx_word' id='word_1_126' title='bbox 1599 1038 1810 1109; x_wconf 89' lang='lat' dir='ltr'>apostolorum·</span> 
     </span>
     <span class='ocr_line' id='line_1_10' title="bbox 131 1129 1811 1204; baseline -0.002 -18"><span class='ocrx_word' id='word_1_127' title='bbox 131 1133 216 1188; x_wconf 92' lang='lat' dir='ltr'>tionis</span> <span class='ocrx_word' id='word_1_128' title='bbox 228 1131 397 1204; x_wconf 83' lang='lat' dir='ltr'>mysterium</span> <span class='ocrx_word' id='word_1_129' title='bbox 412 1131 518 1203; x_wconf 90' lang='lat' dir='ltr'>aliquid</span> <span class='ocrx_word' id='word_1_130' title='bbox 537 1132 697 1189; x_wconf 86' lang='lat' dir='ltr'>decesserat</span> <span class='ocrx_word' id='word_1_131' title='bbox 709 1131 806 1198; x_wconf 90' lang='lat' dir='ltr'>verbo,</span> <span class='ocrx_word' id='word_1_132' title='bbox 823 1132 900 1203; x_wconf 91' lang='lat' dir='ltr'>quod</span> <span class='ocrx_word' id='word_1_133' title='bbox 918 1131 945 1186; x_wconf 92' lang='lat' dir='ltr'>ci</span> <span class='ocrx_word' id='word_1_134' title='bbox 996 1148 1051 1203; x_wconf 87' lang='lat' dir='ltr'>qua</span> <span class='ocrx_word' id='word_1_135' title='bbox 1074 1131 1211 1202; x_wconf 90' lang='lat' dir='ltr'>discipuli,</span> <span class='ocrx_word' id='word_1_136' title='bbox 1226 1136 1254 1185; x_wconf 90' lang='lat' dir='ltr'>et</span> <span class='ocrx_word' id='word_1_137' title='bbox 1276 1130 1403 1202; x_wconf 79' lang='lat' dir='ltr'>praeclari</span> <span class='ocrx_word' id='word_1_138' title='bbox 1424 1130 1611 1186; x_wconf 86' lang='lat' dir='ltr'>Ecclesiarum</span> <span class='ocrx_word' id='word_1_139' title='bbox 1633 1130 1742 1202; x_wconf 89' lang='lat' dir='ltr'>quique</span> <span class='ocrx_word' id='word_1_140' title='bbox 1764 1129 1811 1184; x_wconf 94' lang='lat' dir='ltr'>do·</span> 
     </span>
     <span class='ocr_line' id='line_1_11' title="bbox 130 1222 1812 1295; baseline -0.002 -16"><span class='ocrx_word' id='word_1_141' title='bbox 130 1225 220 1281; x_wconf 88' lang='lat' dir='ltr'>Patris</span> <span class='ocrx_word' id='word_1_142' title='bbox 234 1241 356 1280; x_wconf 91' lang='lat' dir='ltr'>munere</span> <span class='ocrx_word' id='word_1_143' title='bbox 370 1224 547 1280; x_wconf 85' lang='lat' dir='ltr'>redderetur.</span> <span class='ocrx_word' id='word_1_144' title='bbox 566 1226 667 1279; x_wconf 85' lang='lat' dir='ltr'>Forma</span> <span class='ocrx_word' id='word_1_145' title='bbox 684 1228 778 1280; x_wconf 89' lang='lat' dir='ltr'>autem</span> <span class='ocrx_word' id='word_1_146' title='bbox 795 1225 877 1294; x_wconf 87' lang='lat' dir='ltr'>servi,</span> <span class='ocrx_word' id='word_1_147' title='bbox 894 1241 946 1295; x_wconf 89' lang='lat' dir='ltr'>per</span> <span class='ocrx_word' id='word_1_148' title='bbox 995 1228 1086 1280; x_wconf 90' lang='lat' dir='ltr'>ctores</span> <span class='ocrx_word' id='word_1_149' title='bbox 1097 1225 1146 1295; x_wconf 88' lang='lat' dir='ltr'>qui</span> <span class='ocrx_word' id='word_1_150' title='bbox 1158 1224 1194 1279; x_wconf 89' lang='lat' dir='ltr'>ad</span> <span class='ocrx_word' id='word_1_151' title='bbox 1208 1224 1337 1295; x_wconf 91' lang='lat' dir='ltr'>martyrii</span> <span class='ocrx_word' id='word_1_152' title='bbox 1352 1240 1488 1279; x_wconf 91' lang='lat' dir='ltr'>coronam</span> <span class='ocrx_word' id='word_1_153' title='bbox 1500 1224 1545 1278; x_wconf 87' lang='lat' dir='ltr'>vel</span> <span class='ocrx_word' id='word_1_154' title='bbox 1567 1224 1603 1279; x_wconf 92' lang='lat' dir='ltr'>ad</span> <span class='ocrx_word' id='word_1_155' title='bbox 1623 1222 1812 1278; x_wconf 82' lang='lat' dir='ltr'>confessionis</span> 
     </span>
     <span class='ocr_line' id='line_1_12' title="bbox 131 1316 1813 1390; baseline -0.002 -18"><span class='ocrx_word' id='word_1_156' title='bbox 131 1335 217 1390; x_wconf 91' lang='lat' dir='ltr'>quam</span> <span class='ocrx_word' id='word_1_157' title='bbox 231 1317 413 1389; x_wconf 88' lang='lat' dir='ltr'>impassibilis</span> <span class='ocrx_word' id='word_1_158' title='bbox 427 1318 519 1372; x_wconf 87' lang='lat' dir='ltr'>Deitas</span> <span class='ocrx_word' id='word_1_159' title='bbox 531 1323 743 1372; x_wconf 89' lang='lat' dir='ltr'>sacramentum</span> <span class='ocrx_word' id='word_1_160' title='bbox 755 1334 869 1389; x_wconf 78' lang='lat' dir='ltr'>magnae</span> <span class='ocrx_word' id='word_1_161' title='bbox 884 1317 943 1388; x_wconf 90' lang='lat' dir='ltr'>pie·</span> <span class='ocrx_word' id='word_1_162' title='bbox 996 1321 1164 1373; x_wconf 91' lang='lat' dir='ltr'>meruerunt</span> <span class='ocrx_word' id='word_1_163' title='bbox 1177 1318 1296 1389; x_wconf 88' lang='lat' dir='ltr'>gloriam</span> <span class='ocrx_word' id='word_1_164' title='bbox 1311 1317 1468 1388; x_wconf 89' lang='lat' dir='ltr'>pervenire,</span> <span class='ocrx_word' id='word_1_165' title='bbox 1483 1317 1513 1371; x_wconf 94' lang='lat' dir='ltr'>in</span> <span class='ocrx_word' id='word_1_166' title='bbox 1526 1316 1612 1387; x_wconf 87' lang='lat' dir='ltr'>hujus</span> <span class='ocrx_word' id='word_1_167' title='bbox 1624 1316 1692 1371; x_wconf 88' lang='lat' dir='ltr'>ildei</span> <span class='ocrx_word' id='word_1_168' title='bbox 1702 1316 1813 1370; x_wconf 89' lang='lat' dir='ltr'>lumine</span> 
     </span>
     <span class='ocr_line' id='line_1_13' title="bbox 130 1409 1809 1484; baseline -0.002 -19"><span class='ocrx_word' id='word_1_169' title='bbox 130 1410 340 1483; x_wconf 89' lang='lat' dir='ltr'>tatisimplevit,</span> <span class='ocrx_word' id='word_1_170' title='bbox 348 1411 474 1466; x_wconf 87' lang='lat' dir='ltr'>humana</span> <span class='ocrx_word' id='word_1_171' title='bbox 484 1411 633 1465; x_wconf 89' lang='lat' dir='ltr'>humilitas</span> <span class='ocrx_word' id='word_1_172' title='bbox 640 1415 692 1481; x_wconf 91' lang='lat' dir='ltr'>est,</span> <span class='ocrx_word' id='word_1_173' title='bbox 701 1411 730 1465; x_wconf 92' lang='lat' dir='ltr'>in</span> <span class='ocrx_word' id='word_1_174' title='bbox 739 1412 832 1484; x_wconf 90' lang='lat' dir='ltr'>gloria</span> <span class='ocrx_word' id='word_1_175' title='bbox 842 1411 945 1465; x_wconf 86' lang='lat' dir='ltr'>dirinae</span> <span class='ocrx_word' id='word_1_176' title='bbox 994 1410 1202 1483; x_wconf 88' lang='lat' dir='ltr'>splenduerunt</span> <span class='ocrx_word' id='word_1_177' title='bbox 1214 1410 1346 1465; x_wconf 91' lang='lat' dir='ltr'>consonis</span> <span class='ocrx_word' id='word_1_178' title='bbox 1361 1411 1459 1481; x_wconf 86' lang='lat' dir='ltr'>utique</span> <span class='ocrx_word' id='word_1_179' title='bbox 1472 1409 1620 1464; x_wconf 88' lang='lat' dir='ltr'>sententiis</span> <span class='ocrx_word' id='word_1_180' title='bbox 1633 1409 1809 1476; x_wconf 86' lang='lat' dir='ltr'>intonantes,</span> 
     </span>
     <span class='ocr_line' id='line_1_14' title="bbox 130 1501 1811 1576; baseline -0.002 -18"><span class='ocrx_word' id='word_1_181' title='bbox 130 1503 243 1575; x_wconf 91' lang='lat' dir='ltr'>pietatis</span> <span class='ocrx_word' id='word_1_182' title='bbox 255 1507 352 1559; x_wconf 80' lang='lat' dir='ltr'>erecta</span> <span class='ocrx_word' id='word_1_183' title='bbox 366 1507 417 1572; x_wconf 90' lang='lat' dir='ltr'>est,</span> <span class='ocrx_word' id='word_1_184' title='bbox 432 1505 461 1558; x_wconf 90' lang='lat' dir='ltr'>in</span> <span class='ocrx_word' id='word_1_185' title='bbox 472 1507 553 1559; x_wconf 89' lang='lat' dir='ltr'>tanta</span> <span class='ocrx_word' id='word_1_186' title='bbox 563 1503 719 1560; x_wconf 85' lang='lat' dir='ltr'>unitateab</span> <span class='ocrx_word' id='word_1_187' title='bbox 734 1504 794 1576; x_wconf 86' lang='lat' dir='ltr'>ipso</span> <span class='ocrx_word' id='word_1_188' title='bbox 807 1505 945 1575; x_wconf 86' lang='lat' dir='ltr'>conceptu</span> <span class='ocrx_word' id='word_1_189' title='bbox 996 1504 1070 1574; x_wconf 91' lang='lat' dir='ltr'>quod</span> <span class='ocrx_word' id='word_1_190' title='bbox 1086 1504 1115 1558; x_wconf 93' lang='lat' dir='ltr'>in</span> <span class='ocrx_word' id='word_1_191' title='bbox 1130 1504 1250 1558; x_wconf 85' lang='lat' dir='ltr'>Domino</span> <span class='ocrx_word' id='word_1_192' title='bbox 1264 1505 1329 1558; x_wconf 86' lang='lat' dir='ltr'>lesu</span> <span class='ocrx_word' id='word_1_193' title='bbox 1344 1502 1455 1558; x_wconf 82' lang='lat' dir='ltr'>Christo</span> <span class='ocrx_word' id='word_1_194' title='bbox 1474 1501 1585 1556; x_wconf 86' lang='lat' dir='ltr'>deitatis</span> <span class='ocrx_word' id='word_1_195' title='bbox 1600 1505 1628 1557; x_wconf 90' lang='lat' dir='ltr'>et</span> <span class='ocrx_word' id='word_1_196' title='bbox 1640 1501 1737 1556; x_wconf 90' lang='lat' dir='ltr'>carnis</span> <span class='ocrx_word' id='word_1_197' title='bbox 1755 1518 1811 1555; x_wconf 88' lang='lat' dir='ltr'>una</span> 
     </span>
     <span class='ocr_line' id='line_1_15' title="bbox 131 1593 1811 1667; baseline -0.001 -19"><span class='ocrx_word' id='word_1_198' title='bbox 131 1596 253 1667; x_wconf 88' lang='lat' dir='ltr'>Virginis</span> <span class='ocrx_word' id='word_1_199' title='bbox 266 1597 370 1653; x_wconf 89' lang='lat' dir='ltr'>deitate</span> <span class='ocrx_word' id='word_1_200' title='bbox 384 1599 412 1652; x_wconf 88' lang='lat' dir='ltr'>et</span> <span class='ocrx_word' id='word_1_201' title='bbox 425 1597 601 1652; x_wconf 88' lang='lat' dir='ltr'>humanitate</span> <span class='ocrx_word' id='word_1_202' title='bbox 616 1600 755 1666; x_wconf 91' lang='lat' dir='ltr'>conserta,</span> <span class='ocrx_word' id='word_1_203' title='bbox 771 1601 804 1653; x_wconf 97' lang='lat' dir='ltr'>ut</span> <span class='ocrx_word' id='word_1_204' title='bbox 816 1613 869 1652; x_wconf 90' lang='lat' dir='ltr'>nec</span> <span class='ocrx_word' id='word_1_205' title='bbox 884 1597 944 1651; x_wconf 89' lang='lat' dir='ltr'>sine</span> <span class='ocrx_word' id='word_1_206' title='bbox 995 1597 1032 1650; x_wconf 91' lang='lat' dir='ltr'>sit</span> <span class='ocrx_word' id='word_1_207' title='bbox 1041 1596 1200 1651; x_wconf 87' lang='lat' dir='ltr'>confitenda</span> <span class='ocrx_word' id='word_1_208' title='bbox 1214 1612 1347 1666; x_wconf 90' lang='lat' dir='ltr'>persona.</span> <span class='ocrx_word' id='word_1_209' title='bbox 1360 1595 1420 1660; x_wconf 86' lang='lat' dir='ltr'>Qua</span> <span class='ocrx_word' id='word_1_210' title='bbox 1435 1597 1533 1650; x_wconf 91' lang='lat' dir='ltr'>autem</span> <span class='ocrx_word' id='word_1_211' title='bbox 1547 1595 1665 1649; x_wconf 91' lang='lat' dir='ltr'>rationis</span> <span class='ocrx_word' id='word_1_212' title='bbox 1679 1593 1811 1649; x_wconf 89' lang='lat' dir='ltr'>similitu·</span> 
     </span>
     <span class='ocr_line' id='line_1_16' title="bbox 130 1676 1811 1762; baseline -0.002 -19"><span class='ocrx_word' id='word_1_213' title='bbox 130 1689 245 1744; x_wconf 91' lang='lat' dir='ltr'>homine</span> <span class='ocrx_word' id='word_1_214' title='bbox 270 1690 373 1759; x_wconf 86' lang='lat' dir='ltr'>divina,</span> <span class='ocrx_word' id='word_1_215' title='bbox 387 1706 439 1746; x_wconf 88' lang='lat' dir='ltr'>nec</span> <span class='ocrx_word' id='word_1_216' title='bbox 462 1690 522 1745; x_wconf 90' lang='lat' dir='ltr'>sine</span> <span class='ocrx_word' id='word_1_217' title='bbox 545 1691 603 1746; x_wconf 87' lang='lat' dir='ltr'>Dco</span> <span class='ocrx_word' id='word_1_218' title='bbox 627 1694 782 1762; x_wconf 87' lang='lat' dir='ltr'>agerentur</span> <span class='ocrx_word' id='word_1_219' title='bbox 805 1690 943 1745; x_wconf 90' lang='lat' dir='ltr'>humana.</span> <span class='ocrx_word' id='word_1_220' title='bbox 995 1689 1071 1757; x_wconf 88' lang='lat' dir='ltr'>dine,</span> <span class='ocrx_word' id='word_1_221' title='bbox 1085 1706 1142 1760; x_wconf 88' lang='lat' dir='ltr'>qua</span> <span class='ocrx_word' id='word_1_222' title='bbox 1155 1689 1316 1744; x_wconf 82' lang='lat' dir='ltr'>divinornm</span> <span class='ocrx_word' id='word_1_223' title='bbox 1328 1688 1506 1743; x_wconf 87' lang='lat' dir='ltr'>voluminum</span> <span class='ocrx_word' id='word_1_224' title='bbox 1525 1687 1657 1758; x_wconf 83' lang='lat' dir='ltr'>portione</span> <span class='ocrx_word' id='word_1_225' title='bbox 1674 1676 1811 1742; x_wconf 75' lang='lat' dir='ltr'>haeretica</span> 
     </span>
     <span class='ocr_line' id='line_1_17' title="bbox 166 1757 1811 1854; baseline -0.002 -18"><span class='ocrx_word' id='word_1_226' title='bbox 166 1785 285 1853; x_wconf 88' lang='lat' dir='ltr'>Propter</span> <span class='ocrx_word' id='word_1_227' title='bbox 303 1784 380 1853; x_wconf 92' lang='lat' dir='ltr'>quod</span> <span class='ocrx_word' id='word_1_228' title='bbox 398 1783 469 1838; x_wconf 87' lang='lat' dir='ltr'>sicut</span> <span class='ocrx_word' id='word_1_229' title='bbox 494 1783 631 1838; x_wconf 86' lang='lat' dir='ltr'>[lominus</span> <span class='ocrx_word' id='word_1_230' title='bbox 659 1783 815 1854; x_wconf 89' lang='lat' dir='ltr'>majestatis</span> <span class='ocrx_word' id='word_1_231' title='bbox 842 1757 983 1838; x_wconf 83' lang='lat' dir='ltr'>diciturB</span> <span class='ocrx_word' id='word_1_232' title='bbox 994 1781 1127 1853; x_wconf 89' lang='lat' dir='ltr'>impietas</span> <span class='ocrx_word' id='word_1_233' title='bbox 1140 1797 1169 1837; x_wconf 88' lang='lat' dir='ltr'>se</span> <span class='ocrx_word' id='word_1_234' title='bbox 1187 1781 1310 1836; x_wconf 78' lang='lat' dir='ltr'>aestimat</span> <span class='ocrx_word' id='word_1_235' title='bbox 1329 1780 1466 1853; x_wconf 86' lang='lat' dir='ltr'>adjuvari,</span> <span class='ocrx_word' id='word_1_236' title='bbox 1478 1796 1543 1851; x_wconf 83' lang='lat' dir='ltr'>quae</span> <span class='ocrx_word' id='word_1_237' title='bbox 1558 1779 1706 1835; x_wconf 82' lang='lat' dir='ltr'>veritatem</span> <span class='ocrx_word' id='word_1_238' title='bbox 1725 1783 1811 1850; x_wconf 88' lang='lat' dir='ltr'>negat</span> 
     </span>
     <span class='ocr_line' id='line_1_18' title="bbox 131 1871 1809 1948; baseline -0.003 -19"><span class='ocrx_word' id='word_1_239' title='bbox 131 1874 291 1944; x_wconf 86' lang='lat' dir='ltr'>crucifixus,</span> <span class='ocrx_word' id='word_1_240' title='bbox 305 1876 344 1930; x_wconf 90' lang='lat' dir='ltr'>ita</span> <span class='ocrx_word' id='word_1_241' title='bbox 355 1877 404 1947; x_wconf 85' lang='lat' dir='ltr'>qui</span> <span class='ocrx_word' id='word_1_242' title='bbox 417 1892 449 1930; x_wconf 92' lang='lat' dir='ltr'>ex</span> <span class='ocrx_word' id='word_1_243' title='bbox 460 1876 685 1947; x_wconf 87' lang='lat' dir='ltr'>sempiternitate</span> <span class='ocrx_word' id='word_1_244' title='bbox 700 1875 819 1948; x_wconf 76' lang='lat' dir='ltr'>equalis</span> <span class='ocrx_word' id='word_1_245' title='bbox 832 1879 875 1930; x_wconf 88' lang='lat' dir='ltr'>ost</span> <span class='ocrx_word' id='word_1_246' title='bbox 887 1876 943 1930; x_wconf 83' lang='lat' dir='ltr'>[leo</span> <span class='ocrx_word' id='word_1_247' title='bbox 994 1875 1119 1945; x_wconf 91' lang='lat' dir='ltr'>corporis</span> <span class='ocrx_word' id='word_1_248' title='bbox 1138 1874 1253 1941; x_wconf 80' lang='lat' dir='ltr'>Christi,</span> <span class='ocrx_word' id='word_1_249' title='bbox 1264 1890 1329 1928; x_wconf 91' lang='lat' dir='ltr'>cum</span> <span class='ocrx_word' id='word_1_250' title='bbox 1350 1874 1424 1929; x_wconf 90' lang='lat' dir='ltr'>hanc</span> <span class='ocrx_word' id='word_1_251' title='bbox 1446 1889 1503 1928; x_wconf 91' lang='lat' dir='ltr'>non</span> <span class='ocrx_word' id='word_1_252' title='bbox 1524 1874 1570 1928; x_wconf 90' lang='lat' dir='ltr'>lex</span> <span class='ocrx_word' id='word_1_253' title='bbox 1583 1871 1737 1939; x_wconf 79' lang='lat' dir='ltr'>testificari,</span> <span class='ocrx_word' id='word_1_254' title='bbox 1750 1887 1809 1926; x_wconf 90' lang='lat' dir='ltr'>non</span> 
     </span>
     <span class='ocr_line' id='line_1_19' title="bbox 113 1964 1808 2047; baseline -0.002 -26"><span class='ocrx_word' id='word_1_255' title='bbox 113 1967 234 2047; x_wconf 37' lang='lat' dir='ltr'>&#39;dicitur</span> <span class='ocrx_word' id='word_1_256' title='bbox 248 1969 394 2036; x_wconf 89' lang='lat' dir='ltr'>exaltatus,</span> <span class='ocrx_word' id='word_1_257' title='bbox 410 1969 478 2040; x_wconf 86' lang='lat' dir='ltr'>quia</span> <span class='ocrx_word' id='word_1_258' title='bbox 491 1969 717 2040; x_wconf 87' lang='lat' dir='ltr'>inseparabiliter</span> <span class='ocrx_word' id='word_1_259' title='bbox 731 1973 865 2024; x_wconf 90' lang='lat' dir='ltr'>manente</span> <span class='ocrx_word' id='word_1_260' title='bbox 879 1968 943 2022; x_wconf 92' lang='lat' dir='ltr'>uni·</span> <span class='ocrx_word' id='word_1_261' title='bbox 994 1968 1132 2038; x_wconf 86' lang='lat' dir='ltr'>propheta</span> <span class='ocrx_word' id='word_1_262' title='bbox 1145 1968 1309 2037; x_wconf 70' lang='lat' dir='ltr'>praecinere,</span> <span class='ocrx_word' id='word_1_263' title='bbox 1323 1983 1381 2022; x_wconf 93' lang='lat' dir='ltr'>non</span> <span class='ocrx_word' id='word_1_264' title='bbox 1391 1966 1545 2038; x_wconf 85' lang='lat' dir='ltr'>Evangelia</span> <span class='ocrx_word' id='word_1_265' title='bbox 1555 1965 1668 2033; x_wconf 91' lang='lat' dir='ltr'>docere,</span> <span class='ocrx_word' id='word_1_266' title='bbox 1680 1981 1740 2020; x_wconf 90' lang='lat' dir='ltr'>non</span> <span class='ocrx_word' id='word_1_267' title='bbox 1749 1964 1808 2036; x_wconf 90' lang='lat' dir='ltr'>ipse</span> 
     </span>
     <span class='ocr_line' id='line_1_20' title="bbox 130 2059 1808 2132; baseline -0.002 -18"><span class='ocrx_word' id='word_1_268' title='bbox 130 2064 187 2115; x_wconf 90' lang='lat' dir='ltr'>tate</span> <span class='ocrx_word' id='word_1_269' title='bbox 201 2077 331 2132; x_wconf 76' lang='lat' dir='ltr'>personae</span> <span class='ocrx_word' id='word_1_270' title='bbox 346 2078 421 2117; x_wconf 90' lang='lat' dir='ltr'>unus</span> <span class='ocrx_word' id='word_1_271' title='bbox 433 2066 519 2132; x_wconf 83' lang='lat' dir='ltr'>atquo</span> <span class='ocrx_word' id='word_1_272' title='bbox 534 2063 608 2116; x_wconf 91' lang='lat' dir='ltr'>idem</span> <span class='ocrx_word' id='word_1_273' title='bbox 628 2066 671 2117; x_wconf 90' lang='lat' dir='ltr'>est</span> <span class='ocrx_word' id='word_1_274' title='bbox 684 2067 713 2116; x_wconf 89' lang='lat' dir='ltr'>et</span> <span class='ocrx_word' id='word_1_275' title='bbox 726 2067 800 2116; x_wconf 91' lang='lat' dir='ltr'>totus</span> <span class='ocrx_word' id='word_1_276' title='bbox 820 2061 945 2117; x_wconf 90' lang='lat' dir='ltr'>hominis</span> <span class='ocrx_word' id='word_1_277' title='bbox 995 2059 1134 2115; x_wconf 88' lang='lat' dir='ltr'>destiterit</span> <span class='ocrx_word' id='word_1_278' title='bbox 1145 2059 1271 2115; x_wconf 87' lang='lat' dir='ltr'>Christus</span> <span class='ocrx_word' id='word_1_279' title='bbox 1286 2059 1456 2115; x_wconf 78' lang='lat' dir='ltr'>ostenderet</span> <span class='ocrx_word' id='word_1_280' title='bbox 1469 2059 1605 2123; x_wconf 83' lang='lat' dir='ltr'>Quaerant</span> <span class='ocrx_word' id='word_1_281' title='bbox 1623 2074 1674 2129; x_wconf 88' lang='lat' dir='ltr'>per</span> <span class='ocrx_word' id='word_1_282' title='bbox 1693 2073 1808 2112; x_wconf 88' lang='lat' dir='ltr'>omnem</span> 
     </span>
     <span class='ocr_line' id='line_1_21' title="bbox 130 2151 1809 2224; baseline -0.002 -17"><span class='ocrx_word' id='word_1_283' title='bbox 130 2154 204 2207; x_wconf 80' lang='lat' dir='ltr'>silius</span> <span class='ocrx_word' id='word_1_284' title='bbox 223 2160 341 2224; x_wconf 89' lang='lat' dir='ltr'>propter</span> <span class='ocrx_word' id='word_1_285' title='bbox 362 2170 491 2220; x_wconf 90' lang='lat' dir='ltr'>carnem,</span> <span class='ocrx_word' id='word_1_286' title='bbox 507 2157 536 2207; x_wconf 90' lang='lat' dir='ltr'>et</span> <span class='ocrx_word' id='word_1_287' title='bbox 556 2159 632 2208; x_wconf 91' lang='lat' dir='ltr'>totus</span> <span class='ocrx_word' id='word_1_288' title='bbox 653 2154 700 2208; x_wconf 85' lang='lat' dir='ltr'>Dei</span> <span class='ocrx_word' id='word_1_289' title='bbox 725 2155 811 2208; x_wconf 82' lang='lat' dir='ltr'>Vilius</span> <span class='ocrx_word' id='word_1_290' title='bbox 829 2158 945 2224; x_wconf 90' lang='lat' dir='ltr'>propter</span> <span class='ocrx_word' id='word_1_291' title='bbox 995 2152 1097 2207; x_wconf 89' lang='lat' dir='ltr'>seriem</span> <span class='ocrx_word' id='word_1_292' title='bbox 1126 2153 1335 2224; x_wconf 76' lang='lat' dir='ltr'>scripturarum</span> <span class='ocrx_word' id='word_1_293' title='bbox 1362 2169 1419 2224; x_wconf 80' lang='lat' dir='ltr'>qtro</span> <span class='ocrx_word' id='word_1_294' title='bbox 1445 2152 1578 2207; x_wconf 84' lang='lat' dir='ltr'>tenebras</span> <span class='ocrx_word' id='word_1_295' title='bbox 1602 2151 1728 2223; x_wconf 81' lang='lat' dir='ltr'>fugiant,</span> <span class='ocrx_word' id='word_1_296' title='bbox 1752 2166 1809 2204; x_wconf 90' lang='lat' dir='ltr'>uon</span> 
     </span>
     <span class='ocr_line' id='line_1_22' title="bbox 131 2244 1809 2318; baseline 0.002 -22"><span class='ocrx_word' id='word_1_297' title='bbox 131 2262 218 2300; x_wconf 92' lang='lat' dir='ltr'>unam</span> <span class='ocrx_word' id='word_1_298' title='bbox 231 2261 295 2298; x_wconf 91' lang='lat' dir='ltr'>cum</span> <span class='ocrx_word' id='word_1_299' title='bbox 309 2247 390 2299; x_wconf 87' lang='lat' dir='ltr'>Patre</span> <span class='ocrx_word' id='word_1_300' title='bbox 408 2245 551 2299; x_wconf 85' lang='lat' dir='ltr'>deitatem.</span> <span class='ocrx_word' id='word_1_301' title='bbox 568 2245 710 2316; x_wconf 83' lang='lat' dir='ltr'>Quidquid</span> <span class='ocrx_word' id='word_1_302' title='bbox 726 2246 803 2299; x_wconf 91' lang='lat' dir='ltr'>enim</span> <span class='ocrx_word' id='word_1_303' title='bbox 819 2245 849 2300; x_wconf 94' lang='lat' dir='ltr'>in</span> <span class='ocrx_word' id='word_1_304' title='bbox 870 2251 943 2301; x_wconf 90' lang='lat' dir='ltr'>tem·</span> <span class='ocrx_word' id='word_1_305' title='bbox 994 2263 1050 2318; x_wconf 89' lang='lat' dir='ltr'>quo</span> <span class='ocrx_word' id='word_1_306' title='bbox 1062 2262 1160 2301; x_wconf 90' lang='lat' dir='ltr'>verum</span> <span class='ocrx_word' id='word_1_307' title='bbox 1181 2246 1277 2301; x_wconf 87' lang='lat' dir='ltr'>lumen</span> <span class='ocrx_word' id='word_1_308' title='bbox 1291 2245 1458 2314; x_wconf 87' lang='lat' dir='ltr'>obscurent;</span> <span class='ocrx_word' id='word_1_309' title='bbox 1476 2249 1505 2300; x_wconf 91' lang='lat' dir='ltr'>et</span> <span class='ocrx_word' id='word_1_310' title='bbox 1518 2260 1569 2317; x_wconf 91' lang='lat' dir='ltr'>per</span> <span class='ocrx_word' id='word_1_311' title='bbox 1587 2245 1685 2299; x_wconf 87' lang='lat' dir='ltr'>omnia</span> <span class='ocrx_word' id='word_1_312' title='bbox 1702 2244 1809 2299; x_wconf 84' lang='lat' dir='ltr'>-saecula</span> 
     </span>
     <span class='ocr_line' id='line_1_23' title="bbox 130 2337 1809 2408; baseline 0.001 -18"><span class='ocrx_word' id='word_1_313' title='bbox 130 2353 200 2407; x_wconf 89' lang='lat' dir='ltr'>pore</span> <span class='ocrx_word' id='word_1_314' title='bbox 215 2337 322 2408; x_wconf 86' lang='lat' dir='ltr'>aceepit</span> <span class='ocrx_word' id='word_1_315' title='bbox 334 2337 461 2392; x_wconf 84' lang='lat' dir='ltr'>Christus</span> <span class='ocrx_word' id='word_1_316' title='bbox 483 2338 639 2393; x_wconf 86' lang='lat' dir='ltr'>secundum</span> <span class='ocrx_word' id='word_1_317' title='bbox 665 2338 811 2393; x_wconf 89' lang='lat' dir='ltr'>hominem</span> <span class='ocrx_word' id='word_1_318' title='bbox 826 2338 942 2408; x_wconf 87' lang='lat' dir='ltr'>accepit,</span> <span class='ocrx_word' id='word_1_319' title='bbox 994 2340 1034 2394; x_wconf 90' lang='lat' dir='ltr'>ita</span> <span class='ocrx_word' id='word_1_320' title='bbox 1041 2339 1191 2394; x_wconf 88' lang='lat' dir='ltr'>veritatem</span> <span class='ocrx_word' id='word_1_321' title='bbox 1202 2338 1350 2394; x_wconf 84' lang='lat' dir='ltr'>inveniunt</span> <span class='ocrx_word' id='word_1_322' title='bbox 1360 2342 1555 2393; x_wconf 74' lang='lat' dir='ltr'>commeantem</span> <span class='ocrx_word' id='word_1_323' title='bbox 1567 2342 1745 2408; x_wconf 89' lang='lat' dir='ltr'>utmagnum</span> <span class='ocrx_word' id='word_1_324' title='bbox 1756 2337 1809 2392; x_wconf 92' lang='lat' dir='ltr'>hoc</span> 
     </span>
     <span class='ocr_line' id='line_1_24' title="bbox 130 2429 1807 2500; baseline 0.002 -18"><span class='ocrx_word' id='word_1_325' title='bbox 130 2429 175 2483; x_wconf 90' lang='lat' dir='ltr'>cui</span> <span class='ocrx_word' id='word_1_326' title='bbox 187 2446 251 2500; x_wconf 85' lang='lat' dir='ltr'>quae</span> <span class='ocrx_word' id='word_1_327' title='bbox 271 2445 328 2484; x_wconf 88' lang='lat' dir='ltr'>non</span> <span class='ocrx_word' id='word_1_328' title='bbox 350 2429 453 2485; x_wconf 89' lang='lat' dir='ltr'>habuit</span> <span class='ocrx_word' id='word_1_329' title='bbox 472 2430 683 2499; x_wconf 60' lang='lat' dir='ltr'>consecrantum</span> <span class='ocrx_word' id='word_1_330' title='bbox 700 2447 767 2484; x_wconf 92' lang='lat' dir='ltr'>nam</span> <span class='ocrx_word' id='word_1_331' title='bbox 789 2431 944 2485; x_wconf 90' lang='lat' dir='ltr'>secundum</span> <span class='ocrx_word' id='word_1_332' title='bbox 994 2432 1122 2487; x_wconf 88' lang='lat' dir='ltr'>mirabile</span> <span class='ocrx_word' id='word_1_333' title='bbox 1141 2435 1351 2487; x_wconf 86' lang='lat' dir='ltr'>sacramentum</span> <span class='ocrx_word' id='word_1_334' title='bbox 1369 2432 1403 2486; x_wconf 91' lang='lat' dir='ltr'>ab</span> <span class='ocrx_word' id='word_1_335' title='bbox 1421 2431 1503 2486; x_wconf 92' lang='lat' dir='ltr'>initio</span> <span class='ocrx_word' id='word_1_336' title='bbox 1523 2431 1637 2486; x_wconf 85' lang='lat' dir='ltr'>videant</span> <span class='ocrx_word' id='word_1_337' title='bbox 1656 2430 1807 2497; x_wconf 86' lang='lat' dir='ltr'>creditum,</span> 
     </span>
     <span class='ocr_line' id='line_1_25' title="bbox 130 2522 1808 2596; baseline 0.004 -24"><span class='ocrx_word' id='word_1_338' title='bbox 130 2522 287 2591; x_wconf 86' lang='lat' dir='ltr'>potentiam</span> <span class='ocrx_word' id='word_1_339' title='bbox 300 2522 453 2578; x_wconf 88' lang='lat' dir='ltr'>divinitatis</span> <span class='ocrx_word' id='word_1_340' title='bbox 466 2523 664 2578; x_wconf 81' lang='lat' dir='ltr'>indifferenter</span> <span class='ocrx_word' id='word_1_341' title='bbox 675 2524 773 2578; x_wconf 90' lang='lat' dir='ltr'>omnia</span> <span class='ocrx_word' id='word_1_342' title='bbox 785 2541 849 2594; x_wconf 79' lang='lat' dir='ltr'>qua</span> <span class='ocrx_word' id='word_1_343' title='bbox 859 2524 945 2578; x_wconf 88' lang='lat' dir='ltr'>habet</span> <span class='ocrx_word' id='word_1_344' title='bbox 995 2525 1070 2596; x_wconf 88' lang='lat' dir='ltr'>quod</span> <span class='ocrx_word' id='word_1_345' title='bbox 1079 2529 1121 2579; x_wconf 87' lang='lat' dir='ltr'>est</span> <span class='ocrx_word' id='word_1_346' title='bbox 1133 2525 1163 2580; x_wconf 92' lang='lat' dir='ltr'>in</span> <span class='ocrx_word' id='word_1_347' title='bbox 1176 2524 1232 2579; x_wconf 87' lang='lat' dir='ltr'>fine</span> <span class='ocrx_word' id='word_1_348' title='bbox 1246 2524 1431 2596; x_wconf 89' lang='lat' dir='ltr'>completum.</span> <span class='ocrx_word' id='word_1_349' title='bbox 1443 2526 1481 2579; x_wconf 90' lang='lat' dir='ltr'>Do</span> <span class='ocrx_word' id='word_1_350' title='bbox 1495 2541 1552 2596; x_wconf 90' lang='lat' dir='ltr'>quo</span> <span class='ocrx_word' id='word_1_351' title='bbox 1565 2541 1631 2579; x_wconf 93' lang='lat' dir='ltr'>cum</span> <span class='ocrx_word' id='word_1_352' title='bbox 1646 2529 1808 2578; x_wconf 88' lang='lat' dir='ltr'>sanctarum</span> 
     </span>
     <span class='ocr_line' id='line_1_26' title="bbox 128 2615 1809 2691; baseline 0.001 -23"><span class='ocrx_word' id='word_1_353' title='bbox 128 2616 221 2684; x_wconf 87' lang='lat' dir='ltr'>Pater,</span> <span class='ocrx_word' id='word_1_354' title='bbox 237 2615 324 2670; x_wconf 90' lang='lat' dir='ltr'>etiam</span> <span class='ocrx_word' id='word_1_355' title='bbox 338 2616 434 2687; x_wconf 82' lang='lat' dir='ltr'>Filius,</span> <span class='ocrx_word' id='word_1_356' title='bbox 449 2620 478 2671; x_wconf 88' lang='lat' dir='ltr'>et</span> <span class='ocrx_word' id='word_1_357' title='bbox 491 2633 556 2689; x_wconf 75' lang='lat' dir='ltr'>qnae</span> <span class='ocrx_word' id='word_1_358' title='bbox 573 2617 602 2671; x_wconf 91' lang='lat' dir='ltr'>in</span> <span class='ocrx_word' id='word_1_359' title='bbox 620 2616 714 2671; x_wconf 82' lang='lat' dir='ltr'>forma</span> <span class='ocrx_word' id='word_1_360' title='bbox 733 2616 806 2671; x_wconf 87' lang='lat' dir='ltr'>servi</span> <span class='ocrx_word' id='word_1_361' title='bbox 827 2633 843 2671; x_wconf 92' lang='lat' dir='ltr'>a</span> <span class='ocrx_word' id='word_1_362' title='bbox 864 2618 944 2671; x_wconf 88' lang='lat' dir='ltr'>Patre</span> <span class='ocrx_word' id='word_1_363' title='bbox 994 2618 1153 2672; x_wconf 88' lang='lat' dir='ltr'>litterarum</span> <span class='ocrx_word' id='word_1_364' title='bbox 1160 2618 1313 2691; x_wconf 89' lang='lat' dir='ltr'>nullapars</span> <span class='ocrx_word' id='word_1_365' title='bbox 1323 2617 1413 2688; x_wconf 86' lang='lat' dir='ltr'>sileat,</span> <span class='ocrx_word' id='word_1_366' title='bbox 1423 2616 1527 2672; x_wconf 82' lang='lat' dir='ltr'>sufficit</span> <span class='ocrx_word' id='word_1_367' title='bbox 1541 2616 1673 2688; x_wconf 80' lang='lat' dir='ltr'>quaedam</span> <span class='ocrx_word' id='word_1_368' title='bbox 1684 2632 1809 2672; x_wconf 86' lang='lat' dir='ltr'>consona</span> 
     </span>
     <span class='ocr_line' id='line_1_27' title="bbox 128 2708 1807 2781; baseline 0 -20"><span class='ocrx_word' id='word_1_369' title='bbox 128 2709 237 2779; x_wconf 90' lang='lat' dir='ltr'>occepit</span> <span class='ocrx_word' id='word_1_370' title='bbox 250 2708 350 2763; x_wconf 89' lang='lat' dir='ltr'>eadem</span> <span class='ocrx_word' id='word_1_371' title='bbox 364 2709 516 2765; x_wconf 80' lang='lat' dir='ltr'>formatici</span> <span class='ocrx_word' id='word_1_372' title='bbox 529 2710 688 2781; x_wconf 90' lang='lat' dir='ltr'>etiamipse</span> <span class='ocrx_word' id='word_1_373' title='bbox 704 2708 828 2779; x_wconf 84' lang='lat' dir='ltr'>donarit,</span> <span class='ocrx_word' id='word_1_374' title='bbox 843 2725 942 2764; x_wconf 88' lang='lat' dir='ltr'>secun·</span> <span class='ocrx_word' id='word_1_375' title='bbox 994 2709 1121 2764; x_wconf 85' lang='lat' dir='ltr'>veritatis</span> <span class='ocrx_word' id='word_1_376' title='bbox 1144 2709 1225 2781; x_wconf 88' lang='lat' dir='ltr'>signa</span> <span class='ocrx_word' id='word_1_377' title='bbox 1246 2709 1375 2781; x_wconf 88' lang='lat' dir='ltr'>posuisse</span> <span class='ocrx_word' id='word_1_378' title='bbox 1395 2709 1499 2781; x_wconf 91' lang='lat' dir='ltr'>quibus</span> <span class='ocrx_word' id='word_1_379' title='bbox 1521 2708 1670 2780; x_wconf 91' lang='lat' dir='ltr'>diligentia</span> <span class='ocrx_word' id='word_1_380' title='bbox 1690 2708 1757 2762; x_wconf 87' lang='lat' dir='ltr'>fidei</span> <span class='ocrx_word' id='word_1_381' title='bbox 1780 2708 1807 2762; x_wconf 92' lang='lat' dir='ltr'>in</span> 
     </span>
     <span class='ocr_line' id='line_1_28' title="bbox 130 2799 1808 2874; baseline 0.002 -21"><span class='ocrx_word' id='word_1_382' title='bbox 130 2799 197 2854; x_wconf 90' lang='lat' dir='ltr'>dum</span> <span class='ocrx_word' id='word_1_383' title='bbox 207 2800 257 2856; x_wconf 87' lang='lat' dir='ltr'>Dei</span> <span class='ocrx_word' id='word_1_384' title='bbox 268 2801 346 2856; x_wconf 90' lang='lat' dir='ltr'>enim</span> <span class='ocrx_word' id='word_1_385' title='bbox 355 2803 477 2857; x_wconf 81' lang='lat' dir='ltr'>sormam</span> <span class='ocrx_word' id='word_1_386' title='bbox 491 2802 550 2874; x_wconf 89' lang='lat' dir='ltr'>ipse</span> <span class='ocrx_word' id='word_1_387' title='bbox 565 2806 594 2858; x_wconf 91' lang='lat' dir='ltr'>et</span> <span class='ocrx_word' id='word_1_388' title='bbox 604 2806 684 2858; x_wconf 88' lang='lat' dir='ltr'>Pater</span> <span class='ocrx_word' id='word_1_389' title='bbox 699 2819 789 2858; x_wconf 92' lang='lat' dir='ltr'>unum</span> <span class='ocrx_word' id='word_1_390' title='bbox 805 2806 879 2859; x_wconf 87' lang='lat' dir='ltr'>sunt.</span> <span class='ocrx_word' id='word_1_391' title='bbox 892 2802 942 2857; x_wconf 90' lang='lat' dir='ltr'>Se·</span> <span class='ocrx_word' id='word_1_392' title='bbox 993 2801 1252 2874; x_wconf 90' lang='lat' dir='ltr'>splendidissimam</span> <span class='ocrx_word' id='word_1_393' title='bbox 1262 2802 1441 2857; x_wconf 87' lang='lat' dir='ltr'>latitudinem</span> <span class='ocrx_word' id='word_1_394' title='bbox 1455 2802 1594 2873; x_wconf 88' lang='lat' dir='ltr'>dirigatur</span> <span class='ocrx_word' id='word_1_395' title='bbox 1606 2806 1635 2856; x_wconf 91' lang='lat' dir='ltr'>et</span> <span class='ocrx_word' id='word_1_396' title='bbox 1648 2802 1761 2856; x_wconf 87' lang='lat' dir='ltr'>sincera</span> <span class='ocrx_word' id='word_1_397' title='bbox 1770 2801 1808 2856; x_wconf 91' lang='lat' dir='ltr'>in-</span> 
     </span>
     <span class='ocr_line' id='line_1_29' title="bbox 129 2893 1808 2966; baseline 0.002 -22"><span class='ocrx_word' id='word_1_398' title='bbox 129 2893 255 2947; x_wconf 84' lang='lat' dir='ltr'>eundum</span> <span class='ocrx_word' id='word_1_399' title='bbox 268 2893 392 2948; x_wconf 87' lang='lat' dir='ltr'>formam</span> <span class='ocrx_word' id='word_1_400' title='bbox 407 2895 478 2949; x_wconf 84' lang='lat' dir='ltr'>servi</span> <span class='ocrx_word' id='word_1_401' title='bbox 494 2912 551 2950; x_wconf 92' lang='lat' dir='ltr'>non</span> <span class='ocrx_word' id='word_1_402' title='bbox 564 2896 641 2950; x_wconf 78' lang='lat' dir='ltr'>venit</span> <span class='ocrx_word' id='word_1_403' title='bbox 661 2896 755 2951; x_wconf 85' lang='lat' dir='ltr'>facere</span> <span class='ocrx_word' id='word_1_404' title='bbox 768 2896 944 2950; x_wconf 89' lang='lat' dir='ltr'>voluntatem</span> <span class='ocrx_word' id='word_1_405' title='bbox 993 2895 1219 2966; x_wconf 88' lang='lat' dir='ltr'>telligentialuce</span> <span class='ocrx_word' id='word_1_406' title='bbox 1228 2895 1390 2966; x_wconf 88' lang='lat' dir='ltr'>prospiciat,</span> <span class='ocrx_word' id='word_1_407' title='bbox 1398 2896 1473 2966; x_wconf 91' lang='lat' dir='ltr'>qnod</span> <span class='ocrx_word' id='word_1_408' title='bbox 1485 2894 1592 2949; x_wconf 81' lang='lat' dir='ltr'>inFilio</span> <span class='ocrx_word' id='word_1_409' title='bbox 1601 2894 1664 2957; x_wconf 87' lang='lat' dir='ltr'>Dei,</span> <span class='ocrx_word' id='word_1_410' title='bbox 1675 2895 1761 2966; x_wconf 89' lang='lat' dir='ltr'>quise</span> <span class='ocrx_word' id='word_1_411' title='bbox 1770 2893 1808 2948; x_wconf 90' lang='lat' dir='ltr'>in·</span> 
     </span>
     <span class='ocr_line' id='line_1_30' title="bbox 128 2986 1807 3060; baseline 0.001 -21"><span class='ocrx_word' id='word_1_412' title='bbox 128 3002 218 3053; x_wconf 89' lang='lat' dir='ltr'>suam,</span> <span class='ocrx_word' id='word_1_413' title='bbox 230 2987 277 3041; x_wconf 88' lang='lat' dir='ltr'>sed</span> <span class='ocrx_word' id='word_1_414' title='bbox 286 2988 459 3043; x_wconf 85' lang='lat' dir='ltr'>voluntatem</span> <span class='ocrx_word' id='word_1_415' title='bbox 473 2989 535 3058; x_wconf 87' lang='lat' dir='ltr'>ejus</span> <span class='ocrx_word' id='word_1_416' title='bbox 548 2989 595 3060; x_wconf 86' lang='lat' dir='ltr'>qui</span> <span class='ocrx_word' id='word_1_417' title='bbox 604 2988 682 3044; x_wconf 87' lang='lat' dir='ltr'>misit</span> <span class='ocrx_word' id='word_1_418' title='bbox 696 3005 772 3056; x_wconf 90' lang='lat' dir='ltr'>eum,</span> <span class='ocrx_word' id='word_1_419' title='bbox 784 2989 943 3044; x_wconf 90' lang='lat' dir='ltr'>seeundum</span> <span class='ocrx_word' id='word_1_420' title='bbox 993 2988 1168 3044; x_wconf 88' lang='lat' dir='ltr'>cessabiliter</span> <span class='ocrx_word' id='word_1_421' title='bbox 1180 2987 1271 3043; x_wconf 84' lang='lat' dir='ltr'>filium</span> <span class='ocrx_word' id='word_1_422' title='bbox 1280 2989 1403 3043; x_wconf 92' lang='lat' dir='ltr'>hominis</span> <span class='ocrx_word' id='word_1_423' title='bbox 1416 2988 1565 3043; x_wconf 90' lang='lat' dir='ltr'>homiuem</span> <span class='ocrx_word' id='word_1_424' title='bbox 1581 2986 1741 3059; x_wconf 81' lang='lat' dir='ltr'>profitetur,</span> <span class='ocrx_word' id='word_1_425' title='bbox 1753 3002 1807 3041; x_wconf 91' lang='lat' dir='ltr'>non</span> 
     </span>
     <span class='ocr_line' id='line_1_31' title="bbox 128 3079 1808 3155; baseline 0.001 -22"><span class='ocrx_word' id='word_1_426' title='bbox 128 3079 250 3134; x_wconf 85' lang='lat' dir='ltr'>sormam</span> <span class='ocrx_word' id='word_1_427' title='bbox 271 3080 345 3134; x_wconf 85' lang='lat' dir='ltr'>sorvi</span> <span class='ocrx_word' id='word_1_428' title='bbox 367 3081 454 3135; x_wconf 90' lang='lat' dir='ltr'>tristis</span> <span class='ocrx_word' id='word_1_429' title='bbox 467 3087 509 3137; x_wconf 92' lang='grc' dir='ltr'>εει</span> <span class='ocrx_word' id='word_1_430' title='bbox 523 3083 620 3136; x_wconf 89' lang='lat' dir='ltr'>anima</span> <span class='ocrx_word' id='word_1_431' title='bbox 635 3083 698 3153; x_wconf 86' lang='lat' dir='ltr'>ejus</span> <span class='ocrx_word' id='word_1_432' title='bbox 710 3098 800 3155; x_wconf 85' lang='lat' dir='ltr'>usque</span> <span class='ocrx_word' id='word_1_433' title='bbox 814 3081 851 3136; x_wconf 89' lang='lat' dir='ltr'>ad</span> <span class='ocrx_word' id='word_1_434' title='bbox 864 3099 941 3136; x_wconf 92' lang='lat' dir='ltr'>mor·</span> <span class='ocrx_word' id='word_1_435' title='bbox 992 3081 1027 3137; x_wconf 90' lang='lat' dir='ltr'>sit</span> <span class='ocrx_word' id='word_1_436' title='bbox 1035 3081 1202 3137; x_wconf 84' lang='lat' dir='ltr'>Christianis</span> <span class='ocrx_word' id='word_1_437' title='bbox 1212 3080 1505 3150; x_wconf 86' lang='lat' dir='ltr'>erubescendum,sed</span> <span class='ocrx_word' id='word_1_438' title='bbox 1514 3080 1742 3136; x_wconf 83' lang='lat' dir='ltr'>constantissime</span> <span class='ocrx_word' id='word_1_439' title='bbox 1751 3081 1808 3151; x_wconf 91' lang='lat' dir='ltr'>glo·</span> 
     </span>
     <span class='ocr_line' id='line_1_32' title="bbox 129 3172 1807 3247; baseline 0.001 -22"><span class='ocrx_word' id='word_1_440' title='bbox 129 3175 196 3226; x_wconf 91' lang='lat' dir='ltr'>tem.</span> <span class='ocrx_word' id='word_1_441' title='bbox 205 3173 239 3226; x_wconf 87' lang='lat' dir='ltr'>Et</span> <span class='ocrx_word' id='word_1_442' title='bbox 247 3172 325 3228; x_wconf 89' lang='lat' dir='ltr'>idem</span> <span class='ocrx_word' id='word_1_443' title='bbox 336 3174 406 3246; x_wconf 90' lang='lat' dir='ltr'>ipse,</span> <span class='ocrx_word' id='word_1_444' title='bbox 415 3174 487 3229; x_wconf 89' lang='lat' dir='ltr'>sicut</span> <span class='ocrx_word' id='word_1_445' title='bbox 496 3175 645 3245; x_wconf 84' lang='lat' dir='ltr'>Apostolus</span> <span class='ocrx_word' id='word_1_446' title='bbox 654 3176 799 3247; x_wconf 80' lang='lat' dir='ltr'>praedicat,</span> <span class='ocrx_word' id='word_1_447' title='bbox 809 3179 851 3230; x_wconf 91' lang='lat' dir='ltr'>est</span> <span class='ocrx_word' id='word_1_448' title='bbox 863 3175 942 3230; x_wconf 82' lang='lat' dir='ltr'>dives</span> <span class='ocrx_word' id='word_1_449' title='bbox 991 3174 1136 3244; x_wconf 88' lang='lat' dir='ltr'>riandum,</span> <span class='ocrx_word' id='word_1_450' title='bbox 1148 3174 1282 3245; x_wconf 91' lang='lat' dir='ltr'>quoniam</span> <span class='ocrx_word' id='word_1_451' title='bbox 1292 3174 1375 3245; x_wconf 89' lang='lat' dir='ltr'>(sicut</span> <span class='ocrx_word' id='word_1_452' title='bbox 1384 3173 1424 3228; x_wconf 92' lang='lat' dir='ltr'>ait</span> <span class='ocrx_word' id='word_1_453' title='bbox 1433 3173 1533 3229; x_wconf 87' lang='lat' dir='ltr'>beatus</span> <span class='ocrx_word' id='word_1_454' title='bbox 1543 3174 1721 3244; x_wconf 74' lang='lat' dir='ltr'>Apostolusl:</span> <span class='ocrx_word' id='word_1_455' title='bbox 1734 3194 1748 3221; x_wconf 80' lang='lat' dir='ltr'>o</span> <span class='ocrx_word' id='word_1_456' title='bbox 1756 3173 1807 3228; x_wconf 80' lang='lat' dir='ltr'>ua-</span> 
     </span>
     <span class='ocr_line' id='line_1_33' title="bbox 129 3266 1805 3339; baseline 0.001 -21"><span class='ocrx_word' id='word_1_457' title='bbox 129 3266 157 3318; x_wconf 83' lang='grc' dir='ltr'><strong>ει</strong></span> <span class='ocrx_word' id='word_1_458' title='bbox 178 3281 299 3336; x_wconf 83' lang='lat' dir='ltr'>pauper3</span> <span class='ocrx_word' id='word_1_459' title='bbox 323 3267 400 3321; x_wconf 88' lang='lat' dir='ltr'>dives</span> <span class='ocrx_word' id='word_1_460' title='bbox 423 3267 491 3338; x_wconf 79' lang='lat' dir='ltr'>qrsia</span> <span class='ocrx_word' id='word_1_461' title='bbox 512 3268 691 3338; x_wconf 82' lang='lat' dir='ltr'>Evangelista</span> <span class='ocrx_word' id='word_1_462' title='bbox 714 3268 825 3323; x_wconf 91' lang='lat' dir='ltr'>dicente</span> <span class='ocrx_word' id='word_1_463' title='bbox 848 3285 854 3322; x_wconf 93' lang='lat'>:</span> <span class='ocrx_word' id='word_1_464' title='bbox 877 3289 891 3316; x_wconf 73' lang='grc' dir='ltr'><strong>κ</strong></span> <span class='ocrx_word' id='word_1_465' title='bbox 910 3269 942 3323; x_wconf 94' lang='lat' dir='ltr'>ln</span> <span class='ocrx_word' id='word_1_466' title='bbox 991 3284 1081 3339; x_wconf 78' lang='lat' dir='ltr'>garam</span> <span class='ocrx_word' id='word_1_467' title='bbox 1094 3267 1257 3338; x_wconf 89' lang='lat' dir='ltr'>ostpietatis</span> <span class='ocrx_word' id='word_1_468' title='bbox 1273 3271 1483 3322; x_wconf 90' lang='lat' dir='ltr'>sacramentum</span> <span class='ocrx_word' id='word_1_469' title='bbox 1499 3267 1577 3338; x_wconf 88' lang='lat' dir='ltr'>quod</span> <span class='ocrx_word' id='word_1_470' title='bbox 1592 3266 1805 3322; x_wconf 79' lang='lat' dir='ltr'>manifestatum</span> 
     </span>
     <span class='ocr_line' id='line_1_34' title="bbox 127 3357 1806 3432; baseline 0.002 -21"><span class='ocrx_word' id='word_1_471' title='bbox 127 3357 266 3430; x_wconf 87' lang='lat' dir='ltr'>principio</span> <span class='ocrx_word' id='word_1_472' title='bbox 281 3364 341 3415; x_wconf 91' lang='lat' dir='ltr'>erat</span> <span class='ocrx_word' id='word_1_473' title='bbox 353 3360 476 3415; x_wconf 88' lang='lat' dir='ltr'>Verbum</span> <span class='ocrx_word' id='word_1_474' title='bbox 498 3363 526 3415; x_wconf 88' lang='lat' dir='ltr'>et</span> <span class='ocrx_word' id='word_1_475' title='bbox 539 3361 663 3415; x_wconf 87' lang='lat' dir='ltr'>Verbum</span> <span class='ocrx_word' id='word_1_476' title='bbox 679 3364 740 3415; x_wconf 91' lang='lat' dir='ltr'>erat</span> <span class='ocrx_word' id='word_1_477' title='bbox 753 3360 830 3432; x_wconf 91' lang='lat' dir='ltr'>apud</span> <span class='ocrx_word' id='word_1_478' title='bbox 851 3361 942 3415; x_wconf 74' lang='lat' dir='ltr'>Derim</span> <span class='ocrx_word' id='word_1_479' title='bbox 991 3364 1034 3416; x_wconf 89' lang='lat' dir='ltr'>ost</span> <span class='ocrx_word' id='word_1_480' title='bbox 1044 3359 1072 3415; x_wconf 86' lang='lat' dir='ltr'>in</span> <span class='ocrx_word' id='word_1_481' title='bbox 1082 3377 1164 3415; x_wconf 88' lang='lat' dir='ltr'>carne</span> <span class='ocrx_word' id='word_1_482' title='bbox 1169 3360 1355 3431; x_wconf 83' lang='lat' dir='ltr'>justificatum</span> <span class='ocrx_word' id='word_1_483' title='bbox 1366 3365 1418 3426; x_wconf 92' lang='lat' dir='ltr'>est,</span> <span class='ocrx_word' id='word_1_484' title='bbox 1430 3360 1458 3414; x_wconf 92' lang='lat' dir='ltr'>in</span> <span class='ocrx_word' id='word_1_485' title='bbox 1469 3359 1570 3431; x_wconf 91' lang='lat' dir='ltr'>spiritu</span> <span class='ocrx_word' id='word_1_486' title='bbox 1579 3360 1713 3430; x_wconf 88' lang='lat' dir='ltr'>apparuit</span> <span class='ocrx_word' id='word_1_487' title='bbox 1723 3374 1806 3430; x_wconf 78' lang='lat' dir='ltr'>ange</span> 
     </span>
     <span class='ocr_line' id='line_1_35' title="bbox 127 3451 1806 3524; baseline 0.001 -21"><span class='ocrx_word' id='word_1_488' title='bbox 127 3453 156 3505; x_wconf 90' lang='lat' dir='ltr'>et</span> <span class='ocrx_word' id='word_1_489' title='bbox 177 3452 251 3505; x_wconf 88' lang='lat' dir='ltr'>Deus</span> <span class='ocrx_word' id='word_1_490' title='bbox 275 3456 336 3507; x_wconf 89' lang='lat' dir='ltr'>erat</span> <span class='ocrx_word' id='word_1_491' title='bbox 351 3454 475 3508; x_wconf 83' lang='lat' dir='ltr'>Verbum</span> <span class='ocrx_word' id='word_1_492' title='bbox 496 3454 583 3524; x_wconf 84' lang='lat' dir='ltr'>(Joon.</span> <span class='ocrx_word' id='word_1_493' title='bbox 609 3471 628 3517; x_wconf 85' lang='lat' dir='ltr'>l,</span> <span class='ocrx_word' id='word_1_494' title='bbox 653 3458 687 3523; x_wconf 79' lang='lat' dir='ltr'>lt,</span> <span class='ocrx_word' id='word_1_495' title='bbox 712 3475 725 3503; x_wconf 75' lang='lat' dir='ltr'>a</span> <span class='ocrx_word' id='word_1_496' title='bbox 748 3454 802 3508; x_wconf 92' lang='lat' dir='ltr'>hoe</span> <span class='ocrx_word' id='word_1_497' title='bbox 827 3458 886 3509; x_wconf 90' lang='lat' dir='ltr'>erat</span> <span class='ocrx_word' id='word_1_498' title='bbox 914 3454 942 3508; x_wconf 88' lang='lat' dir='ltr'>in</span> <span class='ocrx_word' id='word_1_499' title='bbox 990 3453 1034 3520; x_wconf 89' lang='lat' dir='ltr'>lis,</span> <span class='ocrx_word' id='word_1_500' title='bbox 1048 3453 1234 3524; x_wconf 84' lang='lat' dir='ltr'>praedicatum</span> <span class='ocrx_word' id='word_1_501' title='bbox 1254 3456 1296 3508; x_wconf 86' lang='lat' dir='ltr'>est</span> <span class='ocrx_word' id='word_1_502' title='bbox 1315 3451 1461 3523; x_wconf 85' lang='lat' dir='ltr'>gentibus,</span> <span class='ocrx_word' id='word_1_503' title='bbox 1483 3451 1622 3506; x_wconf 89' lang='lat' dir='ltr'>creditum</span> <span class='ocrx_word' id='word_1_504' title='bbox 1648 3451 1736 3507; x_wconf 88' lang='lat' dir='ltr'>estin</span> <span class='ocrx_word' id='word_1_505' title='bbox 1756 3452 1806 3506; x_wconf 92' lang='lat' dir='ltr'>hoc</span> 
     </span>
     <span class='ocr_line' id='line_1_36' title="bbox 127 3544 1805 3619; baseline -0.002 -22"><span class='ocrx_word' id='word_1_506' title='bbox 127 3544 268 3614; x_wconf 89' lang='lat' dir='ltr'>principio</span> <span class='ocrx_word' id='word_1_507' title='bbox 287 3546 362 3616; x_wconf 91' lang='lat' dir='ltr'>apud</span> <span class='ocrx_word' id='word_1_508' title='bbox 378 3547 477 3614; x_wconf 85' lang='lat' dir='ltr'>Deum,</span> <span class='ocrx_word' id='word_1_509' title='bbox 493 3548 651 3619; x_wconf 90' lang='lat' dir='ltr'>omniaper</span> <span class='ocrx_word' id='word_1_510' title='bbox 666 3547 760 3618; x_wconf 88' lang='lat' dir='ltr'>ipsum</span> <span class='ocrx_word' id='word_1_511' title='bbox 775 3547 940 3617; x_wconf 82' lang='lat' dir='ltr'>factasunt,</span> <span class='ocrx_word' id='word_1_512' title='bbox 991 3547 1109 3616; x_wconf 91' lang='lat' dir='ltr'>mundo,</span> <span class='ocrx_word' id='word_1_513' title='bbox 1124 3551 1302 3617; x_wconf 87' lang='lat' dir='ltr'>assumptum</span> <span class='ocrx_word' id='word_1_514' title='bbox 1326 3551 1367 3600; x_wconf 88' lang='lat' dir='ltr'>est</span> <span class='ocrx_word' id='word_1_515' title='bbox 1382 3544 1516 3615; x_wconf 89' lang='lat' dir='ltr'>ingloria</span> <span class='ocrx_word' id='word_1_516' title='bbox 1531 3545 1552 3609; x_wconf 82' lang='lat' dir='ltr'>tl</span> <span class='ocrx_word' id='word_1_517' title='bbox 1566 3545 1633 3600; x_wconf 64' lang='lat' dir='ltr'>lim.</span> <span class='ocrx_word' id='word_1_518' title='bbox 1655 3561 1696 3612; x_wconf 86' lang='lat' dir='ltr'>ur,</span> <span class='ocrx_word' id='word_1_519' title='bbox 1720 3546 1773 3616; x_wconf 81' lang='lat' dir='ltr'>lc).</span> <span class='ocrx_word' id='word_1_520' title='bbox 1794 3563 1805 3594; x_wconf 76' lang='lat' dir='ltr'>a</span> 
     </span>
     <span class='ocr_line' id='line_1_37' title="bbox 127 3636 1807 3712; baseline 0.001 -22"><span class='ocrx_word' id='word_1_521' title='bbox 127 3638 157 3690; x_wconf 91' lang='lat' dir='ltr'>ct</span> <span class='ocrx_word' id='word_1_522' title='bbox 174 3637 235 3692; x_wconf 88' lang='lat' dir='ltr'>sine</span> <span class='ocrx_word' id='word_1_523' title='bbox 259 3637 319 3709; x_wconf 87' lang='lat' dir='ltr'>ipso</span> <span class='ocrx_word' id='word_1_524' title='bbox 344 3638 451 3694; x_wconf 86' lang='lat' dir='ltr'>factum</span> <span class='ocrx_word' id='word_1_525' title='bbox 480 3643 522 3694; x_wconf 89' lang='lat' dir='ltr'>est</span> <span class='ocrx_word' id='word_1_526' title='bbox 554 3639 635 3695; x_wconf 89' lang='lat' dir='ltr'>nihil.</span> <span class='ocrx_word' id='word_1_527' title='bbox 656 3642 768 3712; x_wconf 89' lang='lat' dir='ltr'>Pauper</span> <span class='ocrx_word' id='word_1_528' title='bbox 786 3656 854 3695; x_wconf 86' lang='lat' dir='ltr'>vero</span> <span class='ocrx_word' id='word_1_529' title='bbox 873 3641 941 3712; x_wconf 91' lang='lat' dir='ltr'>quia</span> <span class='ocrx_word' id='word_1_530' title='bbox 1026 3640 1065 3694; x_wconf 86' lang='lat' dir='ltr'>De</span> <span class='ocrx_word' id='word_1_531' title='bbox 1080 3636 1807 3711; x_wconf 80' lang='lat' dir='ltr'>episcoporumverc,etpresbyterorum,diacono</span> 
     </span>
     <span class='ocr_line' id='line_1_38' title="bbox 126 3729 1807 3805; baseline -0.001 -22"><span class='ocrx_word' id='word_1_532' title='bbox 126 3735 243 3801; x_wconf 87' lang='lat' dir='ltr'>propter</span> <span class='ocrx_word' id='word_1_533' title='bbox 256 3747 307 3785; x_wconf 90' lang='lat' dir='ltr'>nos</span> <span class='ocrx_word' id='word_1_534' title='bbox 318 3732 437 3787; x_wconf 81' lang='lat' dir='ltr'>verbum</span> <span class='ocrx_word' id='word_1_535' title='bbox 453 3749 517 3788; x_wconf 90' lang='lat' dir='ltr'>caro</span> <span class='ocrx_word' id='word_1_536' title='bbox 531 3733 638 3788; x_wconf 84' lang='lat' dir='ltr'>factum</span> <span class='ocrx_word' id='word_1_537' title='bbox 654 3737 705 3801; x_wconf 92' lang='lat' dir='ltr'>est,</span> <span class='ocrx_word' id='word_1_538' title='bbox 718 3737 747 3788; x_wconf 92' lang='lat' dir='ltr'>et</span> <span class='ocrx_word' id='word_1_539' title='bbox 759 3733 897 3789; x_wconf 88' lang='lat' dir='ltr'>habitavit</span> <span class='ocrx_word' id='word_1_540' title='bbox 910 3733 941 3787; x_wconf 95' lang='lat' dir='ltr'>in</span> <span class='ocrx_word' id='word_1_541' title='bbox 990 3748 1110 3803; x_wconf 85' lang='lat' dir='ltr'>rumque</span> <span class='ocrx_word' id='word_1_542' title='bbox 1130 3735 1159 3786; x_wconf 92' lang='lat' dir='ltr'>et</span> <span class='ocrx_word' id='word_1_543' title='bbox 1176 3731 1356 3805; x_wconf 86' lang='lat' dir='ltr'>sequentinm</span> <span class='ocrx_word' id='word_1_544' title='bbox 1385 3730 1555 3785; x_wconf 90' lang='lat' dir='ltr'>clericorum</span> <span class='ocrx_word' id='word_1_545' title='bbox 1580 3729 1807 3784; x_wconf 87' lang='lat' dir='ltr'>ordinationibus</span> 
     </span>
     <span class='ocr_line' id='line_1_39' title="bbox 127 3822 1806 3898; baseline -0.001 -21"><span class='ocrx_word' id='word_1_546' title='bbox 127 3823 218 3879; x_wconf 83' lang='lat' dir='ltr'>rrobis.</span> <span class='ocrx_word' id='word_1_547' title='bbox 231 3825 299 3889; x_wconf 80' lang='lat' dir='ltr'>Qua</span> <span class='ocrx_word' id='word_1_548' title='bbox 313 3829 409 3882; x_wconf 89' lang='lat' dir='ltr'>autem</span> <span class='ocrx_word' id='word_1_549' title='bbox 431 3830 474 3882; x_wconf 89' lang='lat' dir='ltr'>est</span> <span class='ocrx_word' id='word_1_550' title='bbox 494 3827 648 3882; x_wconf 80' lang='lat' dir='ltr'>exinanitio</span> <span class='ocrx_word' id='word_1_551' title='bbox 669 3827 730 3897; x_wconf 90' lang='lat' dir='ltr'>ejus</span> <span class='ocrx_word' id='word_1_552' title='bbox 752 3842 851 3898; x_wconf 86' lang='lat' dir='ltr'>quaeve</span> <span class='ocrx_word' id='word_1_553' title='bbox 873 3842 942 3896; x_wconf 89' lang='lat' dir='ltr'>pau·</span> <span class='ocrx_word' id='word_1_554' title='bbox 991 3829 1101 3878; x_wconf 88' lang='lat' dir='ltr'>sanctos</span> <span class='ocrx_word' id='word_1_555' title='bbox 1114 3824 1255 3896; x_wconf 86' lang='lat' dir='ltr'>apostolos</span> <span class='ocrx_word' id='word_1_556' title='bbox 1269 3828 1298 3878; x_wconf 91' lang='lat' dir='ltr'>ot</span> <span class='ocrx_word' id='word_1_557' title='bbox 1311 3838 1484 3878; x_wconf 86' lang='lat' dir='ltr'>successores</span> <span class='ocrx_word' id='word_1_558' title='bbox 1499 3838 1607 3890; x_wconf 92' lang='lat' dir='ltr'>eorum,</span> <span class='ocrx_word' id='word_1_559' title='bbox 1619 3837 1651 3876; x_wconf 88' lang='lat' dir='ltr'>ac</span> <span class='ocrx_word' id='word_1_560' title='bbox 1664 3822 1806 3894; x_wconf 79' lang='lat' dir='ltr'>praecipua</span> 
     </span>
     <span class='ocr_line' id='line_1_40' title="bbox 126 3915 1806 3991; baseline -0.001 -20"><span class='ocrx_word' id='word_1_561' title='bbox 126 3920 229 3987; x_wconf 87' lang='lat' dir='ltr'>pertas,</span> <span class='ocrx_word' id='word_1_562' title='bbox 248 3917 302 3973; x_wconf 92' lang='lat' dir='ltr'>nisi</span> <span class='ocrx_word' id='word_1_563' title='bbox 317 3919 417 3975; x_wconf 72' lang='lat' dir='ltr'>formes</span> <span class='ocrx_word' id='word_1_564' title='bbox 431 3920 539 3974; x_wconf 89' lang='lat' dir='ltr'>servilis</span> <span class='ocrx_word' id='word_1_565' title='bbox 553 3919 678 3990; x_wconf 90' lang='lat' dir='ltr'>acceptio</span> <span class='ocrx_word' id='word_1_566' title='bbox 693 3934 745 3991; x_wconf 89' lang='lat' dir='ltr'>per</span> <span class='ocrx_word' id='word_1_567' title='bbox 761 3935 849 3989; x_wconf 90' lang='lat' dir='ltr'>quam</span> <span class='ocrx_word' id='word_1_568' title='bbox 862 3917 939 3973; x_wconf 79' lang='lat' dir='ltr'>verbi</span> <span class='ocrx_word' id='word_1_569' title='bbox 989 3916 1352 3988; x_wconf 72' lang='lat' dir='ltr'>anacletum,etpraeterea</span> <span class='ocrx_word' id='word_1_570' title='bbox 1359 3916 1430 3971; x_wconf 88' lang='lat' dir='ltr'>alios</span> <span class='ocrx_word' id='word_1_571' title='bbox 1438 3915 1612 3971; x_wconf 85' lang='lat' dir='ltr'>sufficienter</span> <span class='ocrx_word' id='word_1_572' title='bbox 1622 3915 1756 3970; x_wconf 86' lang='lat' dir='ltr'>statuisse</span> <span class='ocrx_word' id='word_1_573' title='bbox 1765 3932 1806 3970; x_wconf 83' lang='lat' dir='ltr'>co</span> 
     </span>
     <span class='ocr_line' id='line_1_41' title="bbox 125 4009 1804 4082; baseline 0.002 -20"><span class='ocrx_word' id='word_1_574' title='bbox 125 4011 272 4080; x_wconf 88' lang='lat' dir='ltr'>majestate</span> <span class='ocrx_word' id='word_1_575' title='bbox 291 4013 415 4066; x_wconf 81' lang='lat' dir='ltr'>revelata</span> <span class='ocrx_word' id='word_1_576' title='bbox 430 4012 601 4082; x_wconf 88' lang='lat' dir='ltr'>dispensatio</span> <span class='ocrx_word' id='word_1_577' title='bbox 623 4013 756 4065; x_wconf 84' lang='lat' dir='ltr'>hnmanae</span> <span class='ocrx_word' id='word_1_578' title='bbox 772 4010 940 4081; x_wconf 89' lang='lat' dir='ltr'>redemptio·</span> <span class='ocrx_word' id='word_1_579' title='bbox 990 4009 1169 4081; x_wconf 85' lang='lat' dir='ltr'>gnoscimns3</span> <span class='ocrx_word' id='word_1_580' title='bbox 1185 4009 1329 4065; x_wconf 84' lang='lat' dir='ltr'>etidcirco</span> <span class='ocrx_word' id='word_1_581' title='bbox 1350 4026 1409 4064; x_wconf 91' lang='lat' dir='ltr'>non</span> <span class='ocrx_word' id='word_1_582' title='bbox 1423 4011 1465 4063; x_wconf 89' lang='lat' dir='ltr'>est</span> <span class='ocrx_word' id='word_1_583' title='bbox 1479 4024 1594 4064; x_wconf 90' lang='lat' dir='ltr'>neccsse</span> <span class='ocrx_word' id='word_1_584' title='bbox 1616 4025 1693 4063; x_wconf 88' lang='lat' dir='ltr'>nunc</span> <span class='ocrx_word' id='word_1_585' title='bbox 1719 4009 1804 4082; x_wconf 89' lang='lat' dir='ltr'>repli-</span> 
     </span>
     <span class='ocr_line' id='line_1_42' title="bbox 124 4100 1807 4176; baseline 0.001 -21"><span class='ocrx_word' id='word_1_586' title='bbox 124 4102 168 4155; x_wconf 92' lang='lat' dir='ltr'>nis</span> <span class='ocrx_word' id='word_1_587' title='bbox 183 4103 300 4173; x_wconf 90' lang='lat' dir='ltr'>impleta</span> <span class='ocrx_word' id='word_1_588' title='bbox 314 4105 379 4159; x_wconf 89' lang='lat' dir='ltr'>ost‘l</span> <span class='ocrx_word' id='word_1_589' title='bbox 403 4106 475 4159; x_wconf 88' lang='lat' dir='ltr'>Nam</span> <span class='ocrx_word' id='word_1_590' title='bbox 494 4105 562 4176; x_wconf 87' lang='lat' dir='ltr'>quia</span> <span class='ocrx_word' id='word_1_591' title='bbox 582 4103 751 4175; x_wconf 87' lang='lat' dir='ltr'>captivitatis</span> <span class='ocrx_word' id='word_1_592' title='bbox 771 4106 877 4158; x_wconf 81' lang='lat' dir='ltr'>nostrae</span> <span class='ocrx_word' id='word_1_593' title='bbox 899 4119 940 4158; x_wconf 92' lang='lat' dir='ltr'>re·</span> <span class='ocrx_word' id='word_1_594' title='bbox 989 4103 1057 4169; x_wconf 90' lang='lat' dir='ltr'>cari,</span> <span class='ocrx_word' id='word_1_595' title='bbox 1073 4102 1127 4158; x_wconf 88' lang='lat' dir='ltr'>nisi</span> <span class='ocrx_word' id='word_1_596' title='bbox 1141 4102 1217 4175; x_wconf 88' lang='lat' dir='ltr'>quod</span> <span class='ocrx_word' id='word_1_597' title='bbox 1234 4103 1275 4156; x_wconf 95' lang='lat' dir='ltr'>illi</span> <span class='ocrx_word' id='word_1_598' title='bbox 1290 4119 1346 4157; x_wconf 93' lang='lat' dir='ltr'>non</span> <span class='ocrx_word' id='word_1_599' title='bbox 1360 4105 1531 4158; x_wconf 91' lang='lat' dir='ltr'>statuerunt.</span> <span class='ocrx_word' id='word_1_600' title='bbox 1549 4100 1621 4156; x_wconf 92' lang='lat' dir='ltr'>lllud</span> <span class='ocrx_word' id='word_1_601' title='bbox 1636 4105 1739 4156; x_wconf 87' lang='lat' dir='ltr'>tamen</span> <span class='ocrx_word' id='word_1_602' title='bbox 1757 4118 1807 4157; x_wconf 87' lang='lat' dir='ltr'>nos</span> 
     </span>
     <span class='ocr_line' id='line_1_43' title="bbox 125 4194 1807 4268; baseline 0.001 -21"><span class='ocrx_word' id='word_1_603' title='bbox 125 4195 195 4248; x_wconf 83' lang='lat' dir='ltr'>solvi</span> <span class='ocrx_word' id='word_1_604' title='bbox 215 4195 367 4266; x_wconf 90' lang='lat' dir='ltr'>originalia</span> <span class='ocrx_word' id='word_1_605' title='bbox 379 4197 490 4252; x_wconf 83' lang='lat' dir='ltr'>vincula</span> <span class='ocrx_word' id='word_1_606' title='bbox 503 4212 561 4252; x_wconf 93' lang='lat' dir='ltr'>non</span> <span class='ocrx_word' id='word_1_607' title='bbox 575 4199 716 4268; x_wconf 88' lang='lat' dir='ltr'>poterant,</span> <span class='ocrx_word' id='word_1_608' title='bbox 732 4197 787 4251; x_wconf 88' lang='lat' dir='ltr'>nisi</span> <span class='ocrx_word' id='word_1_609' title='bbox 808 4197 941 4252; x_wconf 85' lang='lat' dir='ltr'>existeret</span> <span class='ocrx_word' id='word_1_610' title='bbox 990 4198 1157 4264; x_wconf 89' lang='lat' dir='ltr'>statuentes,</span> <span class='ocrx_word' id='word_1_611' title='bbox 1173 4195 1252 4250; x_wconf 86' lang='lat' dir='ltr'>vobis</span> <span class='ocrx_word' id='word_1_612' title='bbox 1267 4198 1295 4250; x_wconf 88' lang='grc' dir='ltr'><strong>ει</strong></span> <span class='ocrx_word' id='word_1_613' title='bbox 1308 4195 1441 4251; x_wconf 88' lang='lat' dir='ltr'>omnibus</span> <span class='ocrx_word' id='word_1_614' title='bbox 1456 4211 1567 4250; x_wconf 87' lang='lat' dir='ltr'>servare</span> <span class='ocrx_word' id='word_1_615' title='bbox 1580 4194 1764 4262; x_wconf 88' lang='lat' dir='ltr'>mandamus,</span> <span class='ocrx_word' id='word_1_616' title='bbox 1777 4199 1807 4249; x_wconf 91' lang='lat' dir='ltr'>ut</span> 
     </span>
     <span class='ocr_line' id='line_1_44' title="bbox 125 4287 1806 4362; baseline 0.002 -22"><span class='ocrx_word' id='word_1_617' title='bbox 125 4287 212 4341; x_wconf 91' lang='lat' dir='ltr'>homo</span> <span class='ocrx_word' id='word_1_618' title='bbox 231 4288 321 4343; x_wconf 90' lang='lat' dir='ltr'>nostri</span> <span class='ocrx_word' id='word_1_619' title='bbox 342 4290 455 4361; x_wconf 87' lang='lat' dir='ltr'>generis</span> <span class='ocrx_word' id='word_1_620' title='bbox 476 4304 560 4362; x_wconf 86' lang='lat' dir='ltr'>quem</span> <span class='ocrx_word' id='word_1_621' title='bbox 586 4293 703 4359; x_wconf 70' lang='lat' dir='ltr'>naturae,</span> <span class='ocrx_word' id='word_1_622' title='bbox 719 4306 808 4360; x_wconf 88' lang='lat' dir='ltr'>quem</span> <span class='ocrx_word' id='word_1_623' title='bbox 829 4289 940 4362; x_wconf 90' lang='lat' dir='ltr'>peccati</span> <span class='ocrx_word' id='word_1_624' title='bbox 989 4290 1025 4344; x_wconf 91' lang='lat' dir='ltr'>ad</span> <span class='ocrx_word' id='word_1_625' title='bbox 1050 4289 1163 4345; x_wconf 90' lang='lat' dir='ltr'>ordines</span> <span class='ocrx_word' id='word_1_626' title='bbox 1189 4289 1392 4345; x_wconf 88' lang='lat' dir='ltr'>ecclesiasticos</span> <span class='ocrx_word' id='word_1_627' title='bbox 1415 4289 1455 4344; x_wconf 90' lang='lat' dir='ltr'>sic</span> <span class='ocrx_word' id='word_1_628' title='bbox 1473 4288 1618 4354; x_wconf 88' lang='lat' dir='ltr'>accedant,</span> <span class='ocrx_word' id='word_1_629' title='bbox 1638 4287 1669 4342; x_wconf 87' lang='lat' dir='ltr'>in</span> <span class='ocrx_word' id='word_1_630' title='bbox 1686 4287 1806 4343; x_wconf 88' lang='lat' dir='ltr'>ecclesia</span> 
     </span>
     <span class='ocr_line' id='line_1_45' title="bbox 124 4379 1806 4455; baseline 0.002 -21"><span class='ocrx_word' id='word_1_631' title='bbox 124 4380 293 4452; x_wconf 78' lang='lat' dir='ltr'>praejudicia</span> <span class='ocrx_word' id='word_1_632' title='bbox 312 4398 370 4436; x_wconf 92' lang='lat' dir='ltr'>non</span> <span class='ocrx_word' id='word_1_633' title='bbox 389 4387 528 4450; x_wconf 87' lang='lat' dir='ltr'>tenerent,</span> <span class='ocrx_word' id='word_1_634' title='bbox 545 4387 574 4439; x_wconf 92' lang='lat' dir='ltr'>et</span> <span class='ocrx_word' id='word_1_635' title='bbox 595 4383 644 4455; x_wconf 91' lang='lat' dir='ltr'>qui</span> <span class='ocrx_word' id='word_1_636' title='bbox 670 4382 852 4439; x_wconf 90' lang='lat' dir='ltr'>immaculato</span> <span class='ocrx_word' id='word_1_637' title='bbox 874 4400 938 4437; x_wconf 92' lang='lat' dir='ltr'>san·</span> <span class='ocrx_word' id='word_1_638' title='bbox 989 4383 1038 4454; x_wconf 89' lang='lat' dir='ltr'>qui</span> <span class='ocrx_word' id='word_1_639' title='bbox 1051 4383 1179 4438; x_wconf 90' lang='lat' dir='ltr'>ordinari</span> <span class='ocrx_word' id='word_1_640' title='bbox 1191 4387 1347 4449; x_wconf 88' lang='lat' dir='ltr'>merentur,</span> <span class='ocrx_word' id='word_1_641' title='bbox 1360 4382 1388 4437; x_wconf 93' lang='lat' dir='ltr'>id</span> <span class='ocrx_word' id='word_1_642' title='bbox 1402 4387 1445 4438; x_wconf 89' lang='lat' dir='ltr'>est</span> <span class='ocrx_word' id='word_1_643' title='bbox 1457 4399 1464 4435; x_wconf 77' lang='lat' dir='ltr'>t</span> <span class='ocrx_word' id='word_1_644' title='bbox 1477 4381 1573 4454; x_wconf 87' lang='lat' dir='ltr'>siquis</span> <span class='ocrx_word' id='word_1_645' title='bbox 1585 4379 1806 4454; x_wconf 86' lang='lat' dir='ltr'>episcopusesse</span> 
     </span>
     <span class='ocr_line' id='line_1_46' title="bbox 124 4473 1807 4548; baseline 0.001 -19"><span class='ocrx_word' id='word_1_646' title='bbox 124 4474 212 4544; x_wconf 90' lang='lat' dir='ltr'>guine</span> <span class='ocrx_word' id='word_1_647' title='bbox 234 4492 285 4531; x_wconf 89' lang='lat' dir='ltr'>suo</span> <span class='ocrx_word' id='word_1_648' title='bbox 306 4475 529 4548; x_wconf 87' lang='lat' dir='ltr'>chirographum</span> <span class='ocrx_word' id='word_1_649' title='bbox 554 4476 647 4532; x_wconf 80' lang='lat' dir='ltr'>laetale</span> <span class='ocrx_word' id='word_1_650' title='bbox 671 4475 803 4544; x_wconf 86' lang='lat' dir='ltr'>dilueret,</span> <span class='ocrx_word' id='word_1_651' title='bbox 820 4476 892 4532; x_wconf 88' lang='lat' dir='ltr'>sicut</span> <span class='ocrx_word' id='word_1_652' title='bbox 905 4476 979 4547; x_wconf 82' lang='lat' dir='ltr'>abl)</span> <span class='ocrx_word' id='word_1_653' title='bbox 990 4475 1193 4531; x_wconf 88' lang='lat' dir='ltr'>mereretursit</span> <span class='ocrx_word' id='word_1_654' title='bbox 1207 4477 1302 4546; x_wconf 89' lang='lat' dir='ltr'>primo</span> <span class='ocrx_word' id='word_1_655' title='bbox 1318 4474 1458 4544; x_wconf 89' lang='lat' dir='ltr'>ostiarius,</span> <span class='ocrx_word' id='word_1_656' title='bbox 1473 4474 1576 4530; x_wconf 90' lang='lat' dir='ltr'>deinde</span> <span class='ocrx_word' id='word_1_657' title='bbox 1596 4473 1694 4543; x_wconf 89' lang='lat' dir='ltr'>lector,</span> <span class='ocrx_word' id='word_1_658' title='bbox 1710 4479 1807 4546; x_wconf 88' lang='lat' dir='ltr'>postea</span> 
     </span>
     <span class='ocr_line' id='line_1_47' title="bbox 123 4566 1807 4641; baseline 0.001 -20"><span class='ocrx_word' id='word_1_659' title='bbox 123 4566 205 4622; x_wconf 91' lang='lat' dir='ltr'>initio</span> <span class='ocrx_word' id='word_1_660' title='bbox 219 4568 420 4624; x_wconf 82' lang='lat' dir='ltr'>eratdirinilus</span> <span class='ocrx_word' id='word_1_661' title='bbox 432 4569 665 4640; x_wconf 69' lang='lat' dir='ltr'>preordinatum,</span> <span class='ocrx_word' id='word_1_662' title='bbox 674 4569 714 4624; x_wconf 90' lang='lat' dir='ltr'>ita</span> <span class='ocrx_word' id='word_1_663' title='bbox 726 4572 769 4623; x_wconf 90' lang='lat' dir='ltr'>cst</span> <span class='ocrx_word' id='word_1_664' title='bbox 782 4569 811 4624; x_wconf 94' lang='lat' dir='ltr'>in</span> <span class='ocrx_word' id='word_1_665' title='bbox 820 4570 939 4641; x_wconf 88' lang='lat' dir='ltr'>plenitu·</span> <span class='ocrx_word' id='word_1_666' title='bbox 989 4568 1138 4635; x_wconf 81' lang='lat' dir='ltr'>exorcista,</span> <span class='ocrx_word' id='word_1_667' title='bbox 1150 4567 1217 4623; x_wconf 92' lang='lat' dir='ltr'>inde</span> <span class='ocrx_word' id='word_1_668' title='bbox 1232 4572 1359 4622; x_wconf 88' lang='lat' dir='ltr'>sacretur</span> <span class='ocrx_word' id='word_1_669' title='bbox 1372 4567 1517 4636; x_wconf 85' lang='lat' dir='ltr'>accolitus,</span> <span class='ocrx_word' id='word_1_670' title='bbox 1529 4567 1647 4622; x_wconf 88' lang='lat' dir='ltr'>demum</span> <span class='ocrx_word' id='word_1_671' title='bbox 1661 4583 1731 4622; x_wconf 86' lang='lat' dir='ltr'>vero</span> <span class='ocrx_word' id='word_1_672' title='bbox 1745 4567 1807 4623; x_wconf 85' lang='lat' dir='ltr'>sub</span> 
     </span>
     <span class='ocr_line' id='line_1_48' title="bbox 124 4659 1806 4735; baseline 0.001 -22"><span class='ocrx_word' id='word_1_673' title='bbox 124 4659 190 4714; x_wconf 89' lang='lat' dir='ltr'>diue</span> <span class='ocrx_word' id='word_1_674' title='bbox 204 4662 340 4732; x_wconf 82' lang='lat' dir='ltr'>temporis</span> <span class='ocrx_word' id='word_1_675' title='bbox 349 4662 518 4734; x_wconf 86' lang='lat' dir='ltr'>perlectum,</span> <span class='ocrx_word' id='word_1_676' title='bbox 530 4667 562 4717; x_wconf 95' lang='lat' dir='ltr'>ut</span> <span class='ocrx_word' id='word_1_677' title='bbox 574 4662 671 4717; x_wconf 89' lang='lat' dir='ltr'>multis</span> <span class='ocrx_word' id='word_1_678' title='bbox 681 4662 772 4718; x_wconf 91' lang='lat' dir='ltr'>modis</span> <span class='ocrx_word' id='word_1_679' title='bbox 782 4663 939 4735; x_wconf 80' lang='lat' dir='ltr'>significata</span> <span class='ocrx_word' id='word_1_680' title='bbox 988 4661 1134 4728; x_wconf 83' lang='lat' dir='ltr'>diaeonus,</span> <span class='ocrx_word' id='word_1_681' title='bbox 1151 4661 1254 4716; x_wconf 89' lang='lat' dir='ltr'>deinde</span> <span class='ocrx_word' id='word_1_682' title='bbox 1277 4661 1421 4728; x_wconf 89' lang='lat' dir='ltr'>diaconus,</span> <span class='ocrx_word' id='word_1_683' title='bbox 1436 4663 1465 4715; x_wconf 92' lang='lat' dir='ltr'>et</span> <span class='ocrx_word' id='word_1_684' title='bbox 1485 4665 1581 4731; x_wconf 86' lang='lat' dir='ltr'>postea</span> <span class='ocrx_word' id='word_1_685' title='bbox 1603 4659 1763 4731; x_wconf 74' lang='lat' dir='ltr'>presbyter,</span> <span class='ocrx_word' id='word_1_686' title='bbox 1779 4664 1806 4715; x_wconf 91' lang='lat' dir='ltr'>et</span> 
     </span>
     <span class='ocr_line' id='line_1_49' title="bbox 124 4751 1805 4826; baseline -0.001 -17"><span class='ocrx_word' id='word_1_687' title='bbox 124 4751 187 4826; x_wconf 83' lang='lat'>49</span> <span class='ocrx_word' id='word_1_688' title='bbox 201 4754 352 4826; x_wconf 88' lang='lat' dir='ltr'>promissio</span> <span class='ocrx_word' id='word_1_689' title='bbox 363 4755 392 4809; x_wconf 90' lang='lat' dir='ltr'>in</span> <span class='ocrx_word' id='word_1_690' title='bbox 406 4756 455 4810; x_wconf 95' lang='lat' dir='ltr'>diu</span> <span class='ocrx_word' id='word_1_691' title='bbox 466 4759 656 4826; x_wconf 83' lang='lat' dir='ltr'>exspectatum</span> <span class='ocrx_word' id='word_1_692' title='bbox 670 4756 780 4812; x_wconf 89' lang='lat' dir='ltr'>veniret</span> <span class='ocrx_word' id='word_1_693' title='bbox 793 4755 936 4826; x_wconf 85' lang='lat' dir='ltr'>effectum,</span> <span class='ocrx_word' id='word_1_694' title='bbox 988 4754 1098 4822; x_wconf 84' lang='lat' dir='ltr'>exinde,</span> <span class='ocrx_word' id='word_1_695' title='bbox 1108 4754 1131 4808; x_wconf 92' lang='lat' dir='ltr'>si</span> <span class='ocrx_word' id='word_1_696' title='bbox 1142 4759 1278 4821; x_wconf 88' lang='lat' dir='ltr'>meretur,</span> <span class='ocrx_word' id='word_1_697' title='bbox 1288 4753 1436 4825; x_wconf 86' lang='lat' dir='ltr'>episcopus</span> <span class='ocrx_word' id='word_1_698' title='bbox 1450 4753 1648 4808; x_wconf 83' lang='lat' dir='ltr'>ordinetur.Et</span> <span class='ocrx_word' id='word_1_699' title='bbox 1659 4753 1805 4825; x_wconf 89' lang='lat' dir='ltr'>regiones,</span> 
     </span>
     <span class='ocr_line' id='line_1_50' title="bbox 123 4846 1806 4921; baseline 0.001 -20"><span class='ocrx_word' id='word_1_700' title='bbox 123 4863 175 4902; x_wconf 92' lang='lat' dir='ltr'>nec</span> <span class='ocrx_word' id='word_1_701' title='bbox 187 4852 282 4919; x_wconf 89' lang='lat' dir='ltr'>posset</span> <span class='ocrx_word' id='word_1_702' title='bbox 296 4865 355 4904; x_wconf 88' lang='lat' dir='ltr'>esse</span> <span class='ocrx_word' id='word_1_703' title='bbox 369 4849 538 4920; x_wconf 90' lang='lat' dir='ltr'>ambiguum</span> <span class='ocrx_word' id='word_1_704' title='bbox 550 4849 626 4921; x_wconf 90' lang='lat' dir='ltr'>quod</span> <span class='ocrx_word' id='word_1_705' title='bbox 647 4849 789 4905; x_wconf 89' lang='lat' dir='ltr'>continuis</span> <span class='ocrx_word' id='word_1_706' title='bbox 805 4849 935 4904; x_wconf 79' lang='lat' dir='ltr'>testifica·</span> <span class='ocrx_word' id='word_1_707' title='bbox 986 4848 1059 4903; x_wconf 88' lang='lat' dir='ltr'>sicut</span> <span class='ocrx_word' id='word_1_708' title='bbox 1075 4848 1105 4903; x_wconf 91' lang='lat' dir='ltr'>in</span> <span class='ocrx_word' id='word_1_709' title='bbox 1119 4849 1173 4902; x_wconf 92' lang='lat' dir='ltr'>hac</span> <span class='ocrx_word' id='word_1_710' title='bbox 1195 4847 1263 4903; x_wconf 90' lang='lat' dir='ltr'>urbe</span> <span class='ocrx_word' id='word_1_711' title='bbox 1279 4847 1407 4914; x_wconf 87' lang='lat' dir='ltr'>lecimus,</span> <span class='ocrx_word' id='word_1_712' title='bbox 1421 4847 1612 4918; x_wconf 91' lang='lat' dir='ltr'>persingulas</span> <span class='ocrx_word' id='word_1_713' title='bbox 1633 4846 1721 4902; x_wconf 85' lang='lat' dir='ltr'>urbes</span> <span class='ocrx_word' id='word_1_714' title='bbox 1741 4862 1806 4919; x_wconf 71' lang='lat' dir='ltr'>quaa</span> 
     </span>
     <span class='ocr_line' id='line_1_51' title="bbox 122 4938 1806 5014; baseline 0 -20"><span class='ocrx_word' id='word_1_715' title='bbox 122 4939 247 4995; x_wconf 89' lang='lat' dir='ltr'>tionibus</span> <span class='ocrx_word' id='word_1_716' title='bbox 259 4958 373 5013; x_wconf 89' lang='lat' dir='ltr'>sempor</span> <span class='ocrx_word' id='word_1_717' title='bbox 384 4942 478 4998; x_wconf 85' lang='lat' dir='ltr'>fuerat</span> <span class='ocrx_word' id='word_1_718' title='bbox 489 4943 663 4998; x_wconf 89' lang='lat' dir='ltr'>nuntiatum.</span> <span class='ocrx_word' id='word_1_719' title='bbox 679 4944 710 4997; x_wconf 94' lang='lat' dir='ltr'>ln</span> <span class='ocrx_word' id='word_1_720' title='bbox 724 4959 828 5013; x_wconf 89' lang='lat' dir='ltr'>magno</span> <span class='ocrx_word' id='word_1_721' title='bbox 840 4946 937 4997; x_wconf 89' lang='lat' dir='ltr'>autem</span> <span class='ocrx_word' id='word_1_722' title='bbox 985 4941 1130 5014; x_wconf 78' lang='lat' dir='ltr'>populosae</span> <span class='ocrx_word' id='word_1_723' title='bbox 1145 4940 1250 4996; x_wconf 86' lang='lat' dir='ltr'>tuerint</span> <span class='ocrx_word' id='word_1_724' title='bbox 1263 4938 1425 4994; x_wconf 89' lang='lat' dir='ltr'>diaconibus</span> <span class='ocrx_word' id='word_1_725' title='bbox 1439 4939 1611 5006; x_wconf 73' lang='lat' dir='ltr'>dividentur,</span> <span class='ocrx_word' id='word_1_726' title='bbox 1625 4940 1660 4994; x_wconf 86' lang='lat' dir='ltr'>Et</span> <span class='ocrx_word' id='word_1_727' title='bbox 1670 4955 1806 5011; x_wconf 82' lang='lat' dir='ltr'>quaeeun-</span> 
     </span>
     <span class='ocr_line' id='line_1_52' title="bbox 122 5026 1804 5107; baseline 0 -20"><span class='ocrx_word' id='word_1_728' title='bbox 122 5033 269 5104; x_wconf 86' lang='lat' dir='ltr'>sacrilegio</span> <span class='ocrx_word' id='word_1_729' title='bbox 281 5051 310 5090; x_wconf 91' lang='lat' dir='ltr'>sc</span> <span class='ocrx_word' id='word_1_730' title='bbox 324 5026 430 5090; x_wconf 82' lang='lat' dir='ltr'>versari</span> <span class='ocrx_word' id='word_1_731' title='bbox 442 5036 643 5091; x_wconf 77' lang='lat' dir='ltr'>haereticorum</span> <span class='ocrx_word' id='word_1_732' title='bbox 659 5035 935 5107; x_wconf 82' lang='lat' dir='ltr'>manifestatimpie-</span> <span class='ocrx_word' id='word_1_733' title='bbox 986 5051 1041 5107; x_wconf 88' lang='lat' dir='ltr'>que</span> <span class='ocrx_word' id='word_1_734' title='bbox 1065 5035 1193 5090; x_wconf 83' lang='lat' dir='ltr'>difficiles</span> <span class='ocrx_word' id='word_1_735' title='bbox 1219 5033 1389 5106; x_wconf 62' lang='lat' dir='ltr'>quaestiones</span> <span class='ocrx_word' id='word_1_736' title='bbox 1416 5049 1467 5104; x_wconf 91' lang='lat' dir='ltr'>per</span> <span class='ocrx_word' id='word_1_737' title='bbox 1491 5032 1618 5103; x_wconf 89' lang='lat' dir='ltr'>singulas</span> <span class='ocrx_word' id='word_1_738' title='bbox 1646 5033 1804 5103; x_wconf 88' lang='lat' dir='ltr'>provincias</span> 
     </span>
     <span class='ocr_line' id='line_1_53' title="bbox 122 5126 1803 5200; baseline 0.001 -20"><span class='ocrx_word' id='word_1_739' title='bbox 122 5128 248 5197; x_wconf 87' lang='lat' dir='ltr'>tas,cum</span> <span class='ocrx_word' id='word_1_740' title='bbox 257 5129 350 5200; x_wconf 85' lang='lat' dir='ltr'>specie</span> <span class='ocrx_word' id='word_1_741' title='bbox 358 5129 511 5184; x_wconf 82' lang='lat' dir='ltr'>divinitatis</span> <span class='ocrx_word' id='word_1_742' title='bbox 520 5129 696 5185; x_wconf 81' lang='lat' dir='ltr'>honoranda</span> <span class='ocrx_word' id='word_1_743' title='bbox 706 5129 838 5184; x_wconf 80' lang='lat' dir='ltr'>humana</span> <span class='ocrx_word' id='word_1_744' title='bbox 845 5127 936 5183; x_wconf 84' lang='lat' dir='ltr'>carnis</span> <span class='ocrx_word' id='word_1_745' title='bbox 987 5134 1092 5186; x_wconf 79' lang='lat' dir='ltr'>cxortae</span> <span class='ocrx_word' id='word_1_746' title='bbox 1108 5130 1228 5200; x_wconf 86' lang='lat' dir='ltr'>inerint,</span> <span class='ocrx_word' id='word_1_747' title='bbox 1240 5143 1352 5199; x_wconf 89' lang='lat' dir='ltr'>semper</span> <span class='ocrx_word' id='word_1_748' title='bbox 1365 5126 1400 5182; x_wconf 87' lang='lat' dir='ltr'>ad</span> <span class='ocrx_word' id='word_1_749' title='bbox 1414 5126 1510 5182; x_wconf 90' lang='lat' dir='ltr'>sedem</span> <span class='ocrx_word' id='word_1_750' title='bbox 1531 5126 1715 5197; x_wconf 89' lang='lat' dir='ltr'>apostolicam</span> <span class='ocrx_word' id='word_1_751' title='bbox 1728 5127 1803 5181; x_wconf 83' lang='lat' dir='ltr'>rele-</span> 
     </span>
     <span class='ocr_line' id='line_1_54' title="bbox 121 5219 1803 5295; baseline 0 -21"><span class='ocrx_word' id='word_1_752' title='bbox 121 5219 151 5274; x_wconf 91' lang='lat' dir='ltr'>in</span> <span class='ocrx_word' id='word_1_753' title='bbox 171 5221 282 5277; x_wconf 89' lang='lat' dir='ltr'>Christo</span> <span class='ocrx_word' id='word_1_754' title='bbox 305 5223 448 5295; x_wconf 86' lang='lat' dir='ltr'>denegant</span> <span class='ocrx_word' id='word_1_755' title='bbox 469 5222 629 5289; x_wconf 86' lang='lat' dir='ltr'>veritatem,</span> <span class='ocrx_word' id='word_1_756' title='bbox 647 5227 674 5276; x_wconf 90' lang='lat' dir='ltr'>et</span> <span class='ocrx_word' id='word_1_757' title='bbox 690 5221 821 5294; x_wconf 91' lang='lat' dir='ltr'>religioso</span> <span class='ocrx_word' id='word_1_758' title='bbox 844 5221 937 5276; x_wconf 89' lang='lat' dir='ltr'>existi·</span> <span class='ocrx_word' id='word_1_759' title='bbox 986 5228 1095 5280; x_wconf 91' lang='lat' dir='ltr'>rantur.</span> <span class='ocrx_word' id='word_1_760' title='bbox 1117 5228 1190 5280; x_wconf 91' lang='lat' dir='ltr'>Bene</span> <span class='ocrx_word' id='word_1_761' title='bbox 1211 5222 1284 5289; x_wconf 85' lang='lat' dir='ltr'>vale,</span> <span class='ocrx_word' id='word_1_762' title='bbox 1309 5222 1405 5290; x_wconf 86' lang='lat' dir='ltr'>irater,</span> <span class='ocrx_word' id='word_1_763' title='bbox 1429 5225 1457 5282; x_wconf 90' lang='lat' dir='ltr'>et</span> <span class='ocrx_word' id='word_1_764' title='bbox 1475 5237 1521 5275; x_wconf 87' lang='lat' dir='ltr'>ora</span> <span class='ocrx_word' id='word_1_765' title='bbox 1544 5229 1596 5292; x_wconf 89' lang='lat' dir='ltr'>pro</span> <span class='ocrx_word' id='word_1_766' title='bbox 1618 5220 1711 5275; x_wconf 89' lang='lat' dir='ltr'>nobis.</span> <span class='ocrx_word' id='word_1_767' title='bbox 1735 5222 1803 5275; x_wconf 83' lang='lat' dir='ltr'>Data</span> 
     </span>
     <span class='ocr_line' id='line_1_55' title="bbox 121 5312 1806 5385; baseline 0.001 -17"><span class='ocrx_word' id='word_1_768' title='bbox 121 5318 201 5370; x_wconf 90' lang='lat' dir='ltr'>mant</span> <span class='ocrx_word' id='word_1_769' title='bbox 213 5315 300 5385; x_wconf 87' lang='lat' dir='ltr'>credi,</span> <span class='ocrx_word' id='word_1_770' title='bbox 311 5315 493 5372; x_wconf 89' lang='lat' dir='ltr'>sidicaturin</span> <span class='ocrx_word' id='word_1_771' title='bbox 504 5316 648 5371; x_wconf 79' lang='lat' dir='ltr'>salvatore</span> <span class='ocrx_word' id='word_1_772' title='bbox 663 5320 867 5371; x_wconf 89' lang='lat' dir='ltr'>nostroverum</span> <span class='ocrx_word' id='word_1_773' title='bbox 879 5331 936 5369; x_wconf 87' lang='lat' dir='ltr'>nou</span> <span class='ocrx_word' id='word_1_774' title='bbox 986 5319 1102 5374; x_wconf 86' lang='lat' dir='ltr'>llalond.</span> <span class='ocrx_word' id='word_1_775' title='bbox 1123 5315 1225 5383; x_wconf 91' lang='lat' dir='ltr'>llartii,</span> <span class='ocrx_word' id='word_1_776' title='bbox 1246 5314 1418 5371; x_wconf 84' lang='lat' dir='ltr'>Diocletiano</span> <span class='ocrx_word' id='word_1_777' title='bbox 1441 5318 1469 5368; x_wconf 90' lang='lat' dir='ltr'>et</span> <span class='ocrx_word' id='word_1_778' title='bbox 1490 5312 1655 5369; x_wconf 82' lang='lat' dir='ltr'>Constantio</span> <span class='ocrx_word' id='word_1_779' title='bbox 1672 5315 1745 5368; x_wconf 82' lang='lat' dir='ltr'>Vero</span> <span class='ocrx_word' id='word_1_780' title='bbox 1764 5314 1806 5369; x_wconf 86' lang='lat' dir='ltr'>lV</span> 
     </span>
     <span class='ocr_line' id='line_1_56' title="bbox 121 5407 1110 5482; baseline 0.002 -19"><span class='ocrx_word' id='word_1_781' title='bbox 121 5423 182 5464; x_wconf 84' lang='lat' dir='ltr'>csse</span> <span class='ocrx_word' id='word_1_782' title='bbox 202 5410 279 5482; x_wconf 89' lang='lat' dir='ltr'>quod</span> <span class='ocrx_word' id='word_1_783' title='bbox 292 5411 389 5480; x_wconf 88' lang='lat' dir='ltr'>salvat,</span> <span class='ocrx_word' id='word_1_784' title='bbox 404 5426 468 5465; x_wconf 89' lang='lat' dir='ltr'>cum</span> <span class='ocrx_word' id='word_1_785' title='bbox 482 5409 523 5465; x_wconf 91' lang='lat' dir='ltr'>ita</span> <span class='ocrx_word' id='word_1_786' title='bbox 535 5409 693 5465; x_wconf 88' lang='lat' dir='ltr'>secundum</span> <span class='ocrx_word' id='word_1_787' title='bbox 717 5407 937 5482; x_wconf 91' lang='lat' dir='ltr'>promissionem</span> <span class='ocrx_word' id='word_1_788' title='bbox 986 5429 1026 5468; x_wconf 90' lang='lat' dir='ltr'>cc.</span> <span class='ocrx_word' id='word_1_789' title='bbox 1043 5427 1110 5467; x_wconf 90' lang='lat' dir='ltr'>cons</span> 
     </span>
    </p>
   </div>
   <div class='ocr_carea' id='block_1_3' title="bbox 739 5627 1182 5666">
    <p class='ocr_par' dir='ltr' id='par_1_3' title="bbox 739 5627 1182 5666">
     <span class='ocr_line' id='line_1_57' title="bbox 739 5627 1182 5666; baseline -0.002 -16"><span class='ocrx_word' id='word_1_790' title='bbox 739 5627 1182 5666; x_wconf 41' lang='lat' dir='ltr'><em>..-w-.-</em></span> 
     </span>
    </p>
   </div>
   <div class='ocr_carea' id='block_1_4' title="bbox 0 0 1940 6150">
    <p class='ocr_par' dir='ltr' id='par_1_4' title="bbox 0 0 1940 6150">
     <span class='ocr_line' id='line_1_58' title="bbox 0 0 1940 6150; baseline 0 1"><span class='ocrx_word' id='word_1_791' title='bbox 0 0 1940 6150; x_wconf 95' lang='lat' dir='ltr'> </span> 
     </span>
    </p>
   </div>
  </div>
 </body>
</html>
