<?xml version="1.0" encoding="UTF-8"?>
<!DOCTYPE html PUBLIC "-//W3C//DTD XHTML 1.0 Transitional//EN"
    "http://www.w3.org/TR/xhtml1/DTD/xhtml1-transitional.dtd">
<html xmlns="http://www.w3.org/1999/xhtml" xml:lang="en" lang="en">
 <head>
  <title>
</title>
<meta http-equiv="Content-Type" content="text/html;charset=utf-8" />
  <meta name='ocr-system' content='tesseract 3.04.00' />
  <meta name='ocr-capabilities' content='ocr_page ocr_carea ocr_par ocr_line ocrx_word'/>
</head>
<body>
  <div class='ocr_page' id='page_1' title='image "./patrologiaecurs03unkngoog_0259.png"; bbox 0 0 3870 6150; ppageno 0'>
   <div class='ocr_carea' id='block_1_1' title="bbox 121 215 1359 339">
    <p class='ocr_par' dir='ltr' id='par_1_1' title="bbox 121 215 1359 339">
     <span class='ocr_line' id='line_1_1' title="bbox 121 215 1359 339; baseline 0 -25"><span class='ocrx_word' id='word_1_1' title='bbox 121 256 173 315; x_wconf 71' lang='grc'><strong>463</strong></span> <span class='ocrx_word' id='word_1_2' title='bbox 210 248 213 257; x_wconf 70' lang='grc'>’</span> <span class='ocrx_word' id='word_1_3' title='bbox 565 215 771 312; x_wconf 69' lang='lat' dir='ltr'><strong>aprunum&gt;</strong></span> <span class='ocrx_word' id='word_1_4' title='bbox 789 256 869 313; x_wconf 82' lang='lat' dir='ltr'><strong>SAEG.</strong></span> <span class='ocrx_word' id='word_1_5' title='bbox 890 255 982 339; x_wconf 33' lang='lat' dir='ltr'><strong>rxs-</strong></span> <span class='ocrx_word' id='word_1_6' title='bbox 1001 256 1127 312; x_wconf 86' lang='lat' dir='ltr'><strong>tSlDORl</strong></span> <span class='ocrx_word' id='word_1_7' title='bbox 1145 256 1359 315; x_wconf 68' lang='lat' dir='ltr'><strong>educatoris</strong></span> 
     </span>
    </p>
   </div>
   <div class='ocr_carea' id='block_1_2' title="bbox 77 335 1577 4745">
    <p class='ocr_par' dir='ltr' id='par_1_2' title="bbox 90 335 1577 3713">
     <span class='ocr_line' id='line_1_2' title="bbox 121 335 1576 452; baseline 0 -29"><span class='ocrx_word' id='word_1_8' title='bbox 121 367 191 424; x_wconf 88' lang='lat' dir='ltr'><strong>riter</strong></span> <span class='ocrx_word' id='word_1_9' title='bbox 196 367 260 439; x_wconf 90' lang='lat' dir='ltr'><strong>jam</strong></span> <span class='ocrx_word' id='word_1_10' title='bbox 271 370 359 423; x_wconf 87' lang='lat' dir='ltr'><strong>coetus</strong></span> <span class='ocrx_word' id='word_1_11' title='bbox 367 335 545 438; x_wconf 69' lang='lat' dir='ltr'><strong>adessetpro</strong></span> <span class='ocrx_word' id='word_1_12' title='bbox 555 367 657 422; x_wconf 88' lang='lat' dir='ltr'><strong>merito</strong></span> <span class='ocrx_word' id='word_1_13' title='bbox 667 365 733 423; x_wconf 91' lang='lat' dir='ltr'><strong>tidei</strong></span> <span class='ocrx_word' id='word_1_14' title='bbox 740 383 868 422; x_wconf 79' lang='lat' dir='ltr'><strong>suaecum</strong></span> <span class='ocrx_word' id='word_1_15' title='bbox 877 383 938 422; x_wconf 91' lang='lat' dir='ltr'><strong>ma·</strong></span> <span class='ocrx_word' id='word_1_16' title='bbox 948 376 978 452; x_wconf 69' lang='grc' dir='ltr'><strong>Α</strong></span> <span class='ocrx_word' id='word_1_17' title='bbox 988 367 1038 422; x_wconf 87' lang='lat' dir='ltr'><strong>Dei</strong></span> <span class='ocrx_word' id='word_1_18' title='bbox 1058 365 1181 423; x_wconf 83' lang='lat' dir='ltr'><strong>Ecclesia</strong></span> <span class='ocrx_word' id='word_1_19' title='bbox 1200 368 1382 440; x_wconf 88' lang='lat' dir='ltr'><strong>praedicatur,</strong></span> <span class='ocrx_word' id='word_1_20' title='bbox 1398 368 1506 440; x_wconf 85' lang='lat' dir='ltr'><strong>placuit</strong></span> <span class='ocrx_word' id='word_1_21' title='bbox 1524 384 1576 425; x_wconf 76' lang='lat' dir='ltr'><strong>om:</strong></span> 
     </span>
     <span class='ocr_line' id='line_1_3' title="bbox 123 459 1576 535; baseline 0.001 -18"><span class='ocrx_word' id='word_1_22' title='bbox 123 459 365 534; x_wconf 84' lang='lat' dir='ltr'><strong>gnificentissimis</strong></span> <span class='ocrx_word' id='word_1_23' title='bbox 386 464 415 515; x_wconf 88' lang='lat' dir='ltr'><strong>at</strong></span> <span class='ocrx_word' id='word_1_24' title='bbox 427 459 615 516; x_wconf 88' lang='lat' dir='ltr'><strong>nobilissimis</strong></span> <span class='ocrx_word' id='word_1_25' title='bbox 628 460 697 516; x_wconf 85' lang='lat' dir='ltr'><strong>viris</strong></span> <span class='ocrx_word' id='word_1_26' title='bbox 712 461 865 532; x_wconf 87' lang='lat' dir='ltr'><strong>ingressus,</strong></span> <span class='ocrx_word' id='word_1_27' title='bbox 878 460 938 532; x_wconf 90' lang='lat' dir='ltr'><strong>pri·</strong></span> <span class='ocrx_word' id='word_1_28' title='bbox 989 461 1039 533; x_wconf 92' lang='lat' dir='ltr'><strong>qui</strong></span> <span class='ocrx_word' id='word_1_29' title='bbox 1060 461 1203 517; x_wconf 81' lang='lat' dir='ltr'><strong>catholicae</strong></span> <span class='ocrx_word' id='word_1_30' title='bbox 1224 461 1292 517; x_wconf 85' lang='lat' dir='ltr'><strong>fidei</strong></span> <span class='ocrx_word' id='word_1_31' title='bbox 1306 462 1417 518; x_wconf 85' lang='lat' dir='ltr'><strong>unitate</strong></span> <span class='ocrx_word' id='word_1_32' title='bbox 1437 463 1576 535; x_wconf 80' lang='lat' dir='ltr'><strong>compleat</strong></span> 
     </span>
     <span class='ocr_line' id='line_1_4' title="bbox 122 553 1576 626; baseline 0.001 -15"><span class='ocrx_word' id='word_1_33' title='bbox 122 572 203 612; x_wconf 90' lang='lat' dir='ltr'><strong>mum</strong></span> <span class='ocrx_word' id='word_1_34' title='bbox 218 571 314 610; x_wconf 90' lang='lat' dir='ltr'><strong>coram</strong></span> <span class='ocrx_word' id='word_1_35' title='bbox 330 554 523 610; x_wconf 88' lang='lat' dir='ltr'><strong>sacerdotibus</strong></span> <span class='ocrx_word' id='word_1_36' title='bbox 535 553 585 610; x_wconf 90' lang='lat' dir='ltr'><strong>Dei</strong></span> <span class='ocrx_word' id='word_1_37' title='bbox 600 554 682 610; x_wconf 91' lang='lat' dir='ltr'><strong>humi</strong></span> <span class='ocrx_word' id='word_1_38' title='bbox 694 559 861 626; x_wconf 87' lang='lat' dir='ltr'><strong>prostratus,</strong></span> <span class='ocrx_word' id='word_1_39' title='bbox 873 570 939 609; x_wconf 90' lang='lat' dir='ltr'><strong>cum</strong></span> <span class='ocrx_word' id='word_1_40' title='bbox 987 555 1063 610; x_wconf 90' lang='lat' dir='ltr'><strong>ultra</strong></span> <span class='ocrx_word' id='word_1_41' title='bbox 1076 555 1221 611; x_wconf 89' lang='lat' dir='ltr'><strong>diversum</strong></span> <span class='ocrx_word' id='word_1_42' title='bbox 1236 560 1287 611; x_wconf 88' lang='lat' dir='ltr'><strong>aut</strong></span> <span class='ocrx_word' id='word_1_43' title='bbox 1301 555 1448 612; x_wconf 90' lang='lat' dir='ltr'><strong>dissonum</strong></span> <span class='ocrx_word' id='word_1_44' title='bbox 1463 556 1493 612; x_wconf 91' lang='lat' dir='ltr'><strong>in</strong></span> <span class='ocrx_word' id='word_1_45' title='bbox 1507 555 1576 613; x_wconf 73' lang='lat' dir='ltr'><strong>ecclc</strong></span> 
     </span>
     <span class='ocr_line' id='line_1_5' title="bbox 123 646 1576 723; baseline 0.003 -19"><span class='ocrx_word' id='word_1_46' title='bbox 123 649 292 722; x_wconf 87' lang='lat' dir='ltr'><strong>lacrymiset</strong></span> <span class='ocrx_word' id='word_1_47' title='bbox 300 648 452 722; x_wconf 89' lang='lat' dir='ltr'><strong>gemitibus</strong></span> <span class='ocrx_word' id='word_1_48' title='bbox 460 664 512 721; x_wconf 90' lang='lat' dir='ltr'><strong>pro</strong></span> <span class='ocrx_word' id='word_1_49' title='bbox 520 665 551 703; x_wconf 93' lang='lat' dir='ltr'><strong>se</strong></span> <span class='ocrx_word' id='word_1_50' title='bbox 560 646 812 705; x_wconf 85' lang='lat' dir='ltr'><strong>interveniendum</strong></span> <span class='ocrx_word' id='word_1_51' title='bbox 818 648 939 704; x_wconf 91' lang='lat' dir='ltr'><strong>Domino</strong></span> <span class='ocrx_word' id='word_1_52' title='bbox 988 649 1093 706; x_wconf 89' lang='lat' dir='ltr'><strong>mentis</strong></span> <span class='ocrx_word' id='word_1_53' title='bbox 1106 666 1235 722; x_wconf 84' lang='lat' dir='ltr'>agamus,</span> <span class='ocrx_word' id='word_1_54' title='bbox 1252 666 1288 706; x_wconf 89' lang='lat' dir='ltr'><strong>ne</strong></span> <span class='ocrx_word' id='word_1_55' title='bbox 1302 650 1440 723; x_wconf 85' lang='lat' dir='ltr'><strong>quaetibet</strong></span> <span class='ocrx_word' id='word_1_56' title='bbox 1454 651 1576 708; x_wconf 84' lang='lat' dir='ltr'><strong>nostrad</strong></span> 
     </span>
     <span class='ocr_line' id='line_1_6' title="bbox 122 741 1576 816; baseline 0.001 -17"><span class='ocrx_word' id='word_1_57' title='bbox 122 743 284 816; x_wconf 82' lang='lat' dir='ltr'><strong>postulavit.</strong></span> <span class='ocrx_word' id='word_1_58' title='bbox 300 742 405 799; x_wconf 84' lang='lat' dir='ltr'>Deinde</span> <span class='ocrx_word' id='word_1_59' title='bbox 428 741 564 813; x_wconf 90' lang='lat' dir='ltr'><strong>religiosa</strong></span> <span class='ocrx_word' id='word_1_60' title='bbox 586 741 784 814; x_wconf 89' lang='lat' dir='ltr'><strong>persecutione</strong></span> <span class='ocrx_word' id='word_1_61' title='bbox 798 742 939 815; x_wconf 85' lang='lat' dir='ltr'>synodum</span> <span class='ocrx_word' id='word_1_62' title='bbox 988 743 1095 815; x_wconf 85' lang='lat' dir='ltr'><strong>ignitos</strong></span> <span class='ocrx_word' id='word_1_63' title='bbox 1117 760 1166 799; x_wconf 90' lang='lat' dir='ltr'><strong>sen</strong></span> <span class='ocrx_word' id='word_1_64' title='bbox 1181 743 1307 799; x_wconf 87' lang='lat' dir='ltr'><strong>carnales</strong></span> <span class='ocrx_word' id='word_1_65' title='bbox 1323 744 1509 801; x_wconf 78' lang='lat' dir='ltr'><strong>schismaticis</strong></span> <span class='ocrx_word' id='word_1_66' title='bbox 1529 760 1576 801; x_wconf 87' lang='lat' dir='ltr'><strong>err</strong></span> 
     </span>
     <span class='ocr_line' id='line_1_7' title="bbox 124 834 1576 908; baseline 0.001 -15"><span class='ocrx_word' id='word_1_67' title='bbox 124 837 289 894; x_wconf 71' lang='lat' dir='ltr'><strong>exhortatus</strong></span> <span class='ocrx_word' id='word_1_68' title='bbox 310 840 362 903; x_wconf 92' lang='lat' dir='ltr'><strong>est,</strong></span> <span class='ocrx_word' id='word_1_69' title='bbox 375 839 409 892; x_wconf 89' lang='lat' dir='ltr'><strong>ut</strong></span> <span class='ocrx_word' id='word_1_70' title='bbox 422 838 611 908; x_wconf 88' lang='lat' dir='ltr'><strong>paternorum</strong></span> <span class='ocrx_word' id='word_1_71' title='bbox 627 834 809 892; x_wconf 87' lang='lat' dir='ltr'><strong>decretorum</strong></span> <span class='ocrx_word' id='word_1_72' title='bbox 828 852 939 892; x_wconf 83' lang='lat' dir='ltr'><strong>memo·</strong></span> <span class='ocrx_word' id='word_1_73' title='bbox 989 838 1151 906; x_wconf 84' lang='lat' dir='ltr'><strong>ostendere,</strong></span> <span class='ocrx_word' id='word_1_74' title='bbox 1165 842 1194 892; x_wconf 93' lang='lat' dir='ltr'><strong>et</strong></span> <span class='ocrx_word' id='word_1_75' title='bbox 1211 837 1308 893; x_wconf 88' lang='lat' dir='ltr'><strong>multis</strong></span> <span class='ocrx_word' id='word_1_76' title='bbox 1323 841 1413 894; x_wconf 79' lang='lat' dir='ltr'><strong>exstet</strong></span> <span class='ocrx_word' id='word_1_77' title='bbox 1433 838 1576 895; x_wconf 85' lang='lat' dir='ltr'><strong>seandatm</strong></span> 
     </span>
     <span class='ocr_line' id='line_1_8' title="bbox 123 928 1576 1003; baseline 0.001 -17"><span class='ocrx_word' id='word_1_78' title='bbox 123 947 169 988; x_wconf 90' lang='lat' dir='ltr'><strong>res</strong></span> <span class='ocrx_word' id='word_1_79' title='bbox 180 930 217 986; x_wconf 86' lang='lat' dir='ltr'><strong>ad</strong></span> <span class='ocrx_word' id='word_1_80' title='bbox 233 929 431 987; x_wconf 80' lang='lat' dir='ltr'><strong>confirmanda</strong></span> <span class='ocrx_word' id='word_1_81' title='bbox 455 929 486 985; x_wconf 95' lang='lat' dir='ltr'><strong>in</strong></span> <span class='ocrx_word' id='word_1_82' title='bbox 499 928 581 985; x_wconf 93' lang='lat' dir='ltr'><strong>nobis</strong></span> <span class='ocrx_word' id='word_1_83' title='bbox 588 929 657 1001; x_wconf 83' lang='lat' dir='ltr'><strong>jura</strong></span> <span class='ocrx_word' id='word_1_84' title='bbox 671 928 860 985; x_wconf 85' lang='lat' dir='ltr'><strong>ecclesiastica</strong></span> <span class='ocrx_word' id='word_1_85' title='bbox 884 935 940 986; x_wconf 89' lang='lat' dir='ltr'><strong>stu·</strong></span> <span class='ocrx_word' id='word_1_86' title='bbox 990 931 1151 986; x_wconf 79' lang='lat' dir='ltr'><strong>etesiarum.</strong></span> <span class='ocrx_word' id='word_1_87' title='bbox 1165 933 1243 987; x_wconf 90' lang='lat' dir='ltr'><strong>Unus</strong></span> <span class='ocrx_word' id='word_1_88' title='bbox 1255 948 1325 1003; x_wconf 89' lang='lat' dir='ltr'><strong>ergo</strong></span> <span class='ocrx_word' id='word_1_89' title='bbox 1341 932 1412 988; x_wconf 92' lang='lat' dir='ltr'><strong>ordo</strong></span> <span class='ocrx_word' id='word_1_90' title='bbox 1427 933 1528 988; x_wconf 87' lang='lat' dir='ltr'><strong>orandi</strong></span> <span class='ocrx_word' id='word_1_91' title='bbox 1538 937 1576 988; x_wconf 69' lang='lat' dir='ltr'><strong>ata</strong></span> 
     </span>
     <span class='ocr_line' id='line_1_9' title="bbox 125 1022 1576 1099; baseline 0.001 -19"><span class='ocrx_word' id='word_1_92' title='bbox 125 1025 205 1081; x_wconf 88' lang='lat' dir='ltr'><strong>dium</strong></span> <span class='ocrx_word' id='word_1_93' title='bbox 228 1023 434 1098; x_wconf 70' lang='lat' dir='ltr'><strong>preberemus,</strong></span> <span class='ocrx_word' id='word_1_94' title='bbox 451 1027 480 1079; x_wconf 93' lang='lat' dir='ltr'><strong>et</strong></span> <span class='ocrx_word' id='word_1_95' title='bbox 501 1022 548 1079; x_wconf 92' lang='lat' dir='ltr'><strong>itta</strong></span> <span class='ocrx_word' id='word_1_96' title='bbox 570 1022 712 1095; x_wconf 81' lang='lat' dir='ltr'><strong>corrigere</strong></span> <span class='ocrx_word' id='word_1_97' title='bbox 727 1039 791 1096; x_wconf 83' lang='lat' dir='ltr'><strong>quoe</strong></span> <span class='ocrx_word' id='word_1_98' title='bbox 803 1023 872 1079; x_wconf 92' lang='lat' dir='ltr'><strong>dnm</strong></span> <span class='ocrx_word' id='word_1_99' title='bbox 889 1040 941 1095; x_wconf 90' lang='lat' dir='ltr'><strong>per</strong></span> <span class='ocrx_word' id='word_1_100' title='bbox 989 1024 1071 1080; x_wconf 87' lang='lat' dir='ltr'><strong>nobis</strong></span> <span class='ocrx_word' id='word_1_101' title='bbox 1083 1043 1136 1097; x_wconf 89' lang='lat' dir='ltr'><strong>per</strong></span> <span class='ocrx_word' id='word_1_102' title='bbox 1149 1041 1267 1081; x_wconf 88' lang='lat' dir='ltr'><strong>omnem</strong></span> <span class='ocrx_word' id='word_1_103' title='bbox 1285 1026 1448 1098; x_wconf 84' lang='lat' dir='ltr'><strong>Hispaniam</strong></span> <span class='ocrx_word' id='word_1_104' title='bbox 1462 1029 1548 1099; x_wconf 88' lang='lat' dir='ltr'><strong>atque</strong></span> <span class='ocrx_word' id='word_1_105' title='bbox 1565 1026 1576 1083; x_wconf 93' lang='lat'><strong>(</strong></span> 
     </span>
     <span class='ocr_line' id='line_1_10' title="bbox 124 1108 1576 1190; baseline 0.001 -17"><span class='ocrx_word' id='word_1_106' title='bbox 124 1116 333 1190; x_wconf 82' lang='lat' dir='ltr'><strong>negligentiam</strong></span> <span class='ocrx_word' id='word_1_107' title='bbox 345 1115 375 1171; x_wconf 93' lang='lat' dir='ltr'><strong>iu</strong></span> <span class='ocrx_word' id='word_1_108' title='bbox 386 1108 468 1173; x_wconf 77' lang='lat' dir='ltr'><strong>risum</strong></span> <span class='ocrx_word' id='word_1_109' title='bbox 479 1118 620 1172; x_wconf 87' lang='lat' dir='ltr'><strong>venerunt</strong></span> <span class='ocrx_word' id='word_1_110' title='bbox 631 1118 729 1172; x_wconf 85' lang='lat' dir='ltr'><strong>contra</strong></span> <span class='ocrx_word' id='word_1_111' title='bbox 739 1116 941 1173; x_wconf 84' lang='lat' dir='ltr'><strong>aeclesiasticos</strong></span> <span class='ocrx_word' id='word_1_112' title='bbox 991 1123 1128 1189; x_wconf 89' lang='lat' dir='ltr'><strong>servetur,</strong></span> <span class='ocrx_word' id='word_1_113' title='bbox 1143 1136 1217 1174; x_wconf 93' lang='lat' dir='ltr'><strong>nnus</strong></span> <span class='ocrx_word' id='word_1_114' title='bbox 1237 1119 1340 1175; x_wconf 92' lang='lat' dir='ltr'><strong>modus</strong></span> <span class='ocrx_word' id='word_1_115' title='bbox 1358 1119 1387 1174; x_wconf 93' lang='lat' dir='ltr'><strong>in</strong></span> <span class='ocrx_word' id='word_1_116' title='bbox 1400 1119 1556 1175; x_wconf 84' lang='lat' dir='ltr'><strong>missarum</strong></span> <span class='ocrx_word' id='word_1_117' title='bbox 1569 1136 1576 1175; x_wconf 83' lang='lat' dir='ltr'><strong>s</strong></span> 
     </span>
     <span class='ocr_line' id='line_1_11' title="bbox 126 1209 1576 1284; baseline 0.002 -17"><span class='ocrx_word' id='word_1_118' title='bbox 126 1227 221 1267; x_wconf 89' lang='lat' dir='ltr'><strong>mores</strong></span> <span class='ocrx_word' id='word_1_119' title='bbox 242 1209 387 1266; x_wconf 85' lang='lat' dir='ltr'><strong>licentiam</strong></span> <span class='ocrx_word' id='word_1_120' title='bbox 413 1209 467 1265; x_wconf 91' lang='lat' dir='ltr'><strong>eibi</strong></span> <span class='ocrx_word' id='word_1_121' title='bbox 501 1209 774 1281; x_wconf 86' lang='lat' dir='ltr'><strong>usurpationemque</strong></span> <span class='ocrx_word' id='word_1_122' title='bbox 800 1210 939 1266; x_wconf 84' lang='lat' dir='ltr'><strong>fecerunt.</strong></span> <span class='ocrx_word' id='word_1_123' title='bbox 990 1229 1065 1267; x_wconf 91' lang='lat' dir='ltr'><strong>unus</strong></span> <span class='ocrx_word' id='word_1_124' title='bbox 1081 1213 1112 1268; x_wconf 92' lang='lat' dir='ltr'><strong>in</strong></span> <span class='ocrx_word' id='word_1_125' title='bbox 1127 1213 1293 1284; x_wconf 88' lang='lat' dir='ltr'><strong>vespertinis</strong></span> <span class='ocrx_word' id='word_1_126' title='bbox 1317 1212 1427 1281; x_wconf 85' lang='lat' dir='ltr'><strong>officiis,</strong></span> <span class='ocrx_word' id='word_1_127' title='bbox 1442 1229 1494 1269; x_wconf 89' lang='lat' dir='ltr'><strong>neo</strong></span> <span class='ocrx_word' id='word_1_128' title='bbox 1509 1213 1576 1270; x_wconf 84' lang='lat' dir='ltr'><strong>dive:</strong></span> 
     </span>
     <span class='ocr_line' id='line_1_12' title="bbox 124 1302 1576 1379; baseline 0.001 -20"><span class='ocrx_word' id='word_1_129' title='bbox 124 1304 236 1360; x_wconf 85' lang='lat' dir='ltr'><strong>Talibus</strong></span> <span class='ocrx_word' id='word_1_130' title='bbox 248 1319 317 1376; x_wconf 91' lang='lat' dir='ltr'><strong>ergo</strong></span> <span class='ocrx_word' id='word_1_131' title='bbox 328 1303 389 1375; x_wconf 86' lang='lat' dir='ltr'><strong>ejus</strong></span> <span class='ocrx_word' id='word_1_132' title='bbox 396 1302 513 1358; x_wconf 89' lang='lat' dir='ltr'><strong>monitis</strong></span> <span class='ocrx_word' id='word_1_133' title='bbox 525 1302 740 1375; x_wconf 79' lang='lat' dir='ltr'><strong>congaudentes</strong></span> <span class='ocrx_word' id='word_1_134' title='bbox 749 1304 941 1359; x_wconf 86' lang='lat' dir='ltr'><strong>necessarium</strong></span> <span class='ocrx_word' id='word_1_135' title='bbox 991 1306 1073 1362; x_wconf 91' lang='lat' dir='ltr'><strong>nohis</strong></span> <span class='ocrx_word' id='word_1_136' title='bbox 1087 1306 1275 1362; x_wconf 86' lang='lat' dir='ltr'><strong>ecclesiastica</strong></span> <span class='ocrx_word' id='word_1_137' title='bbox 1288 1306 1475 1377; x_wconf 89' lang='lat' dir='ltr'><strong>consuetudo,</strong></span> <span class='ocrx_word' id='word_1_138' title='bbox 1490 1307 1559 1379; x_wconf 91' lang='lat' dir='ltr'><strong>quia</strong></span> <span class='ocrx_word' id='word_1_139' title='bbox 1572 1325 1576 1361; x_wconf 85' lang='grc' dir='ltr'>ι</span> 
     </span>
     <span class='ocr_line' id='line_1_13' title="bbox 126 1397 1576 1474; baseline 0.002 -21"><span class='ocrx_word' id='word_1_140' title='bbox 126 1397 256 1467; x_wconf 83' lang='lat' dir='ltr'><strong>exstitit,</strong></span> <span class='ocrx_word' id='word_1_141' title='bbox 283 1397 365 1469; x_wconf 85' lang='lat' dir='ltr'><strong>juxta</strong></span> <span class='ocrx_word' id='word_1_142' title='bbox 385 1397 447 1469; x_wconf 89' lang='lat' dir='ltr'><strong>ejus</strong></span> <span class='ocrx_word' id='word_1_143' title='bbox 480 1399 667 1469; x_wconf 88' lang='lat' dir='ltr'><strong>nostrumque</strong></span> <span class='ocrx_word' id='word_1_144' title='bbox 698 1401 796 1453; x_wconf 81' lang='lat' dir='ltr'><strong>votum</strong></span> <span class='ocrx_word' id='word_1_145' title='bbox 821 1400 941 1453; x_wconf 86' lang='lat' dir='ltr'><strong>tractare</strong></span> <span class='ocrx_word' id='word_1_146' title='bbox 991 1417 1096 1455; x_wconf 88' lang='lat' dir='ltr'><strong>nemur</strong></span> <span class='ocrx_word' id='word_1_147' title='bbox 1110 1403 1138 1456; x_wconf 89' lang='lat' dir='ltr'><strong>et</strong></span> <span class='ocrx_word' id='word_1_148' title='bbox 1152 1416 1253 1472; x_wconf 90' lang='lat' dir='ltr'><strong>regno.</strong></span> <span class='ocrx_word' id='word_1_149' title='bbox 1269 1403 1326 1456; x_wconf 88' lang='lat' dir='ltr'><strong>ttoc</strong></span> <span class='ocrx_word' id='word_1_150' title='bbox 1341 1402 1420 1458; x_wconf 88' lang='lat' dir='ltr'><strong>enim</strong></span> <span class='ocrx_word' id='word_1_151' title='bbox 1436 1404 1464 1456; x_wconf 88' lang='lat' dir='ltr'><strong>et</strong></span> <span class='ocrx_word' id='word_1_152' title='bbox 1479 1401 1576 1474; x_wconf 87' lang='lat' dir='ltr'><strong>antiqu</strong></span> 
     </span>
     <span class='ocr_line' id='line_1_14' title="bbox 124 1489 1576 1565; baseline -0.001 -17"><span class='ocrx_word' id='word_1_153' title='bbox 124 1509 189 1565; x_wconf 76' lang='lat' dir='ltr'><strong>qua</strong></span> <span class='ocrx_word' id='word_1_154' title='bbox 213 1495 381 1563; x_wconf 89' lang='lat' dir='ltr'><strong>competunt</strong></span> <span class='ocrx_word' id='word_1_155' title='bbox 405 1490 517 1547; x_wconf 87' lang='lat' dir='ltr'><strong>sivein</strong></span> <span class='ocrx_word' id='word_1_156' title='bbox 540 1489 724 1546; x_wconf 89' lang='lat' dir='ltr'><strong>sacramentis</strong></span> <span class='ocrx_word' id='word_1_157' title='bbox 748 1490 941 1563; x_wconf 63' lang='lat' dir='ltr'><strong>divinisque</strong></span> <span class='ocrx_word' id='word_1_158' title='bbox 990 1495 1103 1561; x_wconf 80' lang='lat' dir='ltr'><strong>verunt,</strong></span> <span class='ocrx_word' id='word_1_159' title='bbox 1136 1495 1163 1547; x_wconf 89' lang='lat' dir='ltr'><strong>et</strong></span> <span class='ocrx_word' id='word_1_160' title='bbox 1184 1506 1364 1563; x_wconf 80' lang='lat' dir='ltr'><strong>unaquaeque</strong></span> <span class='ocrx_word' id='word_1_161' title='bbox 1387 1491 1533 1564; x_wconf 86' lang='lat' dir='ltr'><strong>provincia</strong></span> <span class='ocrx_word' id='word_1_162' title='bbox 1555 1495 1576 1546; x_wconf 82' lang='lat' dir='ltr'><strong>et</strong></span> 
     </span>
     <span class='ocr_line' id='line_1_15' title="bbox 124 1581 1576 1657; baseline -0.001 -15"><span class='ocrx_word' id='word_1_163' title='bbox 124 1585 234 1642; x_wconf 91' lang='lat' dir='ltr'><strong>diverso</strong></span> <span class='ocrx_word' id='word_1_164' title='bbox 248 1589 334 1656; x_wconf 90' lang='lat' dir='ltr'><strong>atque</strong></span> <span class='ocrx_word' id='word_1_165' title='bbox 355 1583 453 1639; x_wconf 91' lang='lat' dir='ltr'><strong>illicito</strong></span> <span class='ocrx_word' id='word_1_166' title='bbox 474 1583 560 1639; x_wconf 91' lang='lat' dir='ltr'><strong>modo</strong></span> <span class='ocrx_word' id='word_1_167' title='bbox 579 1583 610 1639; x_wconf 91' lang='lat' dir='ltr'><strong>in</strong></span> <span class='ocrx_word' id='word_1_168' title='bbox 628 1581 827 1657; x_wconf 83' lang='lat' dir='ltr'><strong>Hispaniarum</strong></span> <span class='ocrx_word' id='word_1_169' title='bbox 851 1583 941 1639; x_wconf 89' lang='lat' dir='ltr'><strong>eccle·</strong></span> <span class='ocrx_word' id='word_1_170' title='bbox 991 1584 1174 1641; x_wconf 89' lang='lat' dir='ltr'><strong>ministrandi</strong></span> <span class='ocrx_word' id='word_1_171' title='bbox 1187 1601 1287 1657; x_wconf 90' lang='lat' dir='ltr'><strong>parem</strong></span> <span class='ocrx_word' id='word_1_172' title='bbox 1302 1585 1576 1642; x_wconf 63' lang='lat' dir='ltr'><strong>consuetudinem&amp;</strong></span> 
     </span>
     <span class='ocr_line' id='line_1_16' title="bbox 111 1676 1576 1751; baseline 0 -16"><span class='ocrx_word' id='word_1_173' title='bbox 111 1679 172 1735; x_wconf 51' lang='lat' dir='ltr'><strong>¹siis</strong></span> <span class='ocrx_word' id='word_1_174' title='bbox 198 1679 387 1749; x_wconf 87' lang='lat' dir='ltr'><strong>celebrantur,</strong></span> <span class='ocrx_word' id='word_1_175' title='bbox 402 1693 452 1733; x_wconf 89' lang='lat' dir='ltr'><strong>seu</strong></span> <span class='ocrx_word' id='word_1_176' title='bbox 466 1693 531 1750; x_wconf 76' lang='lat' dir='ltr'><strong>qum</strong></span> <span class='ocrx_word' id='word_1_177' title='bbox 555 1676 586 1732; x_wconf 92' lang='lat' dir='ltr'><strong>in</strong></span> <span class='ocrx_word' id='word_1_178' title='bbox 600 1676 728 1733; x_wconf 91' lang='lat' dir='ltr'><strong>moribus</strong></span> <span class='ocrx_word' id='word_1_179' title='bbox 749 1693 835 1749; x_wconf 83' lang='lat' dir='ltr'><strong>prave</strong></span> <span class='ocrx_word' id='word_1_180' title='bbox 856 1694 941 1733; x_wconf 90' lang='lat' dir='ltr'><strong>usur·</strong></span> <span class='ocrx_word' id='word_1_181' title='bbox 1029 1679 1069 1733; x_wconf 91' lang='lat' dir='ltr'><strong>ttt.</strong></span> <span class='ocrx_word' id='word_1_182' title='bbox 1085 1679 1165 1733; x_wconf 87' lang='lat' dir='ltr'><strong>Nulla</strong></span> <span class='ocrx_word' id='word_1_183' title='bbox 1187 1695 1261 1750; x_wconf 90' lang='lat' dir='ltr'><strong>pene</strong></span> <span class='ocrx_word' id='word_1_184' title='bbox 1281 1696 1326 1734; x_wconf 91' lang='lat' dir='ltr'><strong>res</strong></span> <span class='ocrx_word' id='word_1_185' title='bbox 1344 1679 1498 1751; x_wconf 74' lang='lat' dir='ltr'><strong>disciptinae</strong></span> <span class='ocrx_word' id='word_1_186' title='bbox 1518 1695 1576 1735; x_wconf 85' lang='lat' dir='ltr'><strong>mor</strong></span> 
     </span>
     <span class='ocr_line' id='line_1_17' title="bbox 124 1746 1577 1846; baseline -0.001 -17"><span class='ocrx_word' id='word_1_187' title='bbox 124 1775 190 1846; x_wconf 88' lang='lat' dir='ltr'><strong>pata</strong></span> <span class='ocrx_word' id='word_1_188' title='bbox 203 1773 368 1828; x_wconf 88' lang='lat' dir='ltr'><strong>noscuntur.</strong></span> <span class='ocrx_word' id='word_1_189' title='bbox 382 1773 417 1826; x_wconf 90' lang='lat' dir='ltr'><strong>Et</strong></span> <span class='ocrx_word' id='word_1_190' title='bbox 427 1769 565 1844; x_wconf 90' lang='lat' dir='ltr'><strong>quoniam</strong></span> <span class='ocrx_word' id='word_1_191' title='bbox 576 1769 709 1843; x_wconf 89' lang='lat' dir='ltr'><strong>generale</strong></span> <span class='ocrx_word' id='word_1_192' title='bbox 719 1770 871 1827; x_wconf 87' lang='lat' dir='ltr'><strong>concilium</strong></span> <span class='ocrx_word' id='word_1_193' title='bbox 884 1746 980 1844; x_wconf 80' lang='lat' dir='ltr'><strong>agi-B</strong></span> <span class='ocrx_word' id='word_1_194' title='bbox 992 1772 1097 1828; x_wconf 83' lang='lat' dir='ltr'><strong>Christi</strong></span> <span class='ocrx_word' id='word_1_195' title='bbox 1109 1771 1203 1846; x_wconf 89' lang='lat' dir='ltr'><strong>magis</strong></span> <span class='ocrx_word' id='word_1_196' title='bbox 1212 1771 1330 1844; x_wconf 87' lang='lat' dir='ltr'><strong>depulit,</strong></span> <span class='ocrx_word' id='word_1_197' title='bbox 1338 1789 1425 1845; x_wconf 88' lang='lat' dir='ltr'><strong>quam</strong></span> <span class='ocrx_word' id='word_1_198' title='bbox 1441 1773 1577 1830; x_wconf 75' lang='lat' dir='ltr'><strong>sacerdoti</strong></span> 
     </span>
     <span class='ocr_line' id='line_1_18' title="bbox 125 1864 1576 1940; baseline -0.001 -17"><span class='ocrx_word' id='word_1_199' title='bbox 125 1883 199 1937; x_wconf 93' lang='lat' dir='ltr'><strong>mus,</strong></span> <span class='ocrx_word' id='word_1_200' title='bbox 216 1869 330 1939; x_wconf 87' lang='lat' dir='ltr'><strong>oportet</strong></span> <span class='ocrx_word' id='word_1_201' title='bbox 350 1864 478 1937; x_wconf 90' lang='lat' dir='ltr'><strong>primum</strong></span> <span class='ocrx_word' id='word_1_202' title='bbox 499 1867 606 1920; x_wconf 76' lang='lat' dir='ltr'><strong>nostrae</strong></span> <span class='ocrx_word' id='word_1_203' title='bbox 628 1864 704 1920; x_wconf 81' lang='lat' dir='ltr'><strong>vocis</strong></span> <span class='ocrx_word' id='word_1_204' title='bbox 728 1881 891 1920; x_wconf 89' lang='lat' dir='ltr'><strong>sermonem</strong></span> <span class='ocrx_word' id='word_1_205' title='bbox 905 1865 941 1920; x_wconf 91' lang='lat' dir='ltr'><strong>de</strong></span> <span class='ocrx_word' id='word_1_206' title='bbox 991 1866 1040 1939; x_wconf 90' lang='lat' dir='ltr'><strong>qui</strong></span> <span class='ocrx_word' id='word_1_207' title='bbox 1053 1866 1224 1939; x_wconf 90' lang='lat' dir='ltr'><strong>contemptis</strong></span> <span class='ocrx_word' id='word_1_208' title='bbox 1237 1867 1392 1922; x_wconf 89' lang='lat' dir='ltr'><strong>canonibus</strong></span> <span class='ocrx_word' id='word_1_209' title='bbox 1404 1867 1441 1922; x_wconf 92' lang='lat' dir='ltr'><strong>ad</strong></span> <span class='ocrx_word' id='word_1_210' title='bbox 1454 1867 1576 1940; x_wconf 86' lang='lat' dir='ltr'><strong>corrigar</strong></span> 
     </span>
     <span class='ocr_line' id='line_1_19' title="bbox 124 1956 1576 2033; baseline -0.001 -16"><span class='ocrx_word' id='word_1_211' title='bbox 124 1963 181 2017; x_wconf 92' lang='lat' dir='ltr'><strong>Deo</strong></span> <span class='ocrx_word' id='word_1_212' title='bbox 196 1976 267 2028; x_wconf 89' lang='lat' dir='ltr'><strong>esse,</strong></span> <span class='ocrx_word' id='word_1_213' title='bbox 278 1963 311 2015; x_wconf 88' lang='lat' dir='ltr'><strong>ut</strong></span> <span class='ocrx_word' id='word_1_214' title='bbox 321 1961 388 2031; x_wconf 91' lang='lat' dir='ltr'><strong>post</strong></span> <span class='ocrx_word' id='word_1_215' title='bbox 396 1957 604 2031; x_wconf 85' lang='lat' dir='ltr'><strong>professionem</strong></span> <span class='ocrx_word' id='word_1_216' title='bbox 616 1956 683 2014; x_wconf 88' lang='lat' dir='ltr'><strong>fidei</strong></span> <span class='ocrx_word' id='word_1_217' title='bbox 692 1957 942 2031; x_wconf 86' lang='lat' dir='ltr'><strong>sequentiaoperis</strong></span> <span class='ocrx_word' id='word_1_218' title='bbox 991 1976 1038 2016; x_wconf 91' lang='lat' dir='ltr'><strong>cos</strong></span> <span class='ocrx_word' id='word_1_219' title='bbox 1052 1976 1145 2015; x_wconf 91' lang='lat' dir='ltr'><strong>mores</strong></span> <span class='ocrx_word' id='word_1_220' title='bbox 1158 1961 1299 2032; x_wconf 83' lang='lat' dir='ltr'><strong>synodum</strong></span> <span class='ocrx_word' id='word_1_221' title='bbox 1308 1960 1403 2017; x_wconf 84' lang='lat' dir='ltr'><strong>tacere</strong></span> <span class='ocrx_word' id='word_1_222' title='bbox 1415 1961 1576 2033; x_wconf 89' lang='lat' dir='ltr'><strong>negligunt,</strong></span> 
     </span>
     <span class='ocr_line' id='line_1_20' title="bbox 124 2050 1576 2127; baseline 0 -17"><span class='ocrx_word' id='word_1_223' title='bbox 124 2053 214 2110; x_wconf 90' lang='lat' dir='ltr'><strong>nostri</strong></span> <span class='ocrx_word' id='word_1_224' title='bbox 226 2056 300 2122; x_wconf 82' lang='lat' dir='ltr'><strong>vota,</strong></span> <span class='ocrx_word' id='word_1_225' title='bbox 317 2051 397 2125; x_wconf 91' lang='lat' dir='ltr'><strong>qnasi</strong></span> <span class='ocrx_word' id='word_1_226' title='bbox 410 2067 495 2124; x_wconf 87' lang='lat' dir='ltr'><strong>snper</strong></span> <span class='ocrx_word' id='word_1_227' title='bbox 507 2050 731 2108; x_wconf 86' lang='lat' dir='ltr'><strong>fundamentum</strong></span> <span class='ocrx_word' id='word_1_228' title='bbox 743 2051 942 2108; x_wconf 83' lang='lat' dir='ltr'><strong>firmissimum</strong></span> <span class='ocrx_word' id='word_1_229' title='bbox 992 2053 1344 2110; x_wconf 87' lang='lat' dir='ltr'><strong>universaliterdeiinitnm</strong></span> <span class='ocrx_word' id='word_1_230' title='bbox 1353 2057 1406 2123; x_wconf 91' lang='lat' dir='ltr'><strong>est,</strong></span> <span class='ocrx_word' id='word_1_231' title='bbox 1414 2058 1446 2110; x_wconf 90' lang='lat' dir='ltr'><strong>ut</strong></span> <span class='ocrx_word' id='word_1_232' title='bbox 1454 2055 1521 2127; x_wconf 88' lang='lat' dir='ltr'><strong>quia</strong></span> <span class='ocrx_word' id='word_1_233' title='bbox 1524 2055 1576 2126; x_wconf 86' lang='lat' dir='ltr'><strong>jux</strong></span> 
     </span>
     <span class='ocr_line' id='line_1_21' title="bbox 125 2144 1576 2220; baseline 0.001 -17"><span class='ocrx_word' id='word_1_234' title='bbox 125 2147 323 2219; x_wconf 88' lang='lat' dir='ltr'><strong>disponantur.</strong></span> <span class='ocrx_word' id='word_1_235' title='bbox 340 2144 590 2210; x_wconf 84' lang='lat' dir='ltr'><strong>Quemadmodum</strong></span> <span class='ocrx_word' id='word_1_236' title='bbox 603 2162 618 2199; x_wconf 93' lang='lat' dir='ltr'><strong>a</strong></span> <span class='ocrx_word' id='word_1_237' title='bbox 633 2145 739 2201; x_wconf 89' lang='lat' dir='ltr'><strong>sanctis</strong></span> <span class='ocrx_word' id='word_1_238' title='bbox 751 2146 882 2201; x_wconf 90' lang='lat' dir='ltr'><strong>Patribus</strong></span> <span class='ocrx_word' id='word_1_239' title='bbox 895 2162 941 2201; x_wconf 89' lang='lat' dir='ltr'><strong>ac·</strong></span> <span class='ocrx_word' id='word_1_240' title='bbox 993 2164 1050 2218; x_wconf 92' lang='lat' dir='ltr'><strong>qua</strong></span> <span class='ocrx_word' id='word_1_241' title='bbox 1056 2146 1218 2202; x_wconf 85' lang='lat' dir='ltr'><strong>decretabis</strong></span> <span class='ocrx_word' id='word_1_242' title='bbox 1228 2147 1339 2202; x_wconf 87' lang='lat' dir='ltr'><strong>inanno</strong></span> <span class='ocrx_word' id='word_1_243' title='bbox 1349 2147 1498 2203; x_wconf 86' lang='lat' dir='ltr'><strong>difficultas</strong></span> <span class='ocrx_word' id='word_1_244' title='bbox 1504 2151 1576 2220; x_wconf 69' lang='lat' dir='ltr'><strong>temp·</strong></span> 
     </span>
     <span class='ocr_line' id='line_1_22' title="bbox 126 2237 1576 2313; baseline 0 -16"><span class='ocrx_word' id='word_1_245' title='bbox 126 2240 263 2313; x_wconf 87' lang='lat' dir='ltr'><strong>cepimus,</strong></span> <span class='ocrx_word' id='word_1_246' title='bbox 289 2241 404 2295; x_wconf 88' lang='lat' dir='ltr'><strong>Patrem</strong></span> <span class='ocrx_word' id='word_1_247' title='bbox 426 2242 455 2294; x_wconf 90' lang='lat' dir='ltr'><strong>et</strong></span> <span class='ocrx_word' id='word_1_248' title='bbox 475 2237 591 2305; x_wconf 84' lang='lat' dir='ltr'><strong>Filium,</strong></span> <span class='ocrx_word' id='word_1_249' title='bbox 605 2241 634 2294; x_wconf 87' lang='lat' dir='ltr'><strong>et</strong></span> <span class='ocrx_word' id='word_1_250' title='bbox 653 2237 791 2310; x_wconf 90' lang='lat' dir='ltr'><strong>Spiritum</strong></span> <span class='ocrx_word' id='word_1_251' title='bbox 814 2241 942 2295; x_wconf 88' lang='lat' dir='ltr'><strong>sanctum</strong></span> <span class='ocrx_word' id='word_1_252' title='bbox 992 2239 1576 2308; x_wconf 82' lang='lat' dir='ltr'><strong>tiumnonsinit,saltemvetsemelanobi</strong></span> 
     </span>
     <span class='ocr_line' id='line_1_23' title="bbox 127 2330 1576 2407; baseline 0.001 -18"><span class='ocrx_word' id='word_1_253' title='bbox 127 2332 211 2389; x_wconf 93' lang='lat' dir='ltr'><strong>nnius</strong></span> <span class='ocrx_word' id='word_1_254' title='bbox 230 2332 344 2389; x_wconf 88' lang='lat' dir='ltr'><strong>deitatis</strong></span> <span class='ocrx_word' id='word_1_255' title='bbox 360 2335 446 2404; x_wconf 89' lang='lat' dir='ltr'><strong>atqua</strong></span> <span class='ocrx_word' id='word_1_256' title='bbox 460 2330 625 2386; x_wconf 75' lang='lat' dir='ltr'><strong>substantia</strong></span> <span class='ocrx_word' id='word_1_257' title='bbox 639 2331 817 2401; x_wconf 84' lang='lat' dir='ltr'><strong>confitemur,</strong></span> <span class='ocrx_word' id='word_1_258' title='bbox 833 2332 864 2387; x_wconf 91' lang='lat' dir='ltr'><strong>in</strong></span> <span class='ocrx_word' id='word_1_259' title='bbox 876 2349 942 2405; x_wconf 90' lang='lat' dir='ltr'><strong>per·</strong></span> <span class='ocrx_word' id='word_1_260' title='bbox 994 2337 1094 2388; x_wconf 90' lang='lat' dir='ltr'><strong>tamen</strong></span> <span class='ocrx_word' id='word_1_261' title='bbox 1106 2337 1156 2389; x_wconf 91' lang='lat' dir='ltr'><strong>ant</strong></span> <span class='ocrx_word' id='word_1_262' title='bbox 1169 2334 1193 2388; x_wconf 89' lang='lat' dir='ltr'><strong>si</strong></span> <span class='ocrx_word' id='word_1_263' title='bbox 1203 2333 1271 2390; x_wconf 85' lang='lat' dir='ltr'><strong>lidei</strong></span> <span class='ocrx_word' id='word_1_264' title='bbox 1285 2339 1431 2403; x_wconf 89' lang='lat' dir='ltr'><strong>causaest,</strong></span> <span class='ocrx_word' id='word_1_265' title='bbox 1445 2339 1494 2391; x_wconf 88' lang='lat' dir='ltr'><strong>aut</strong></span> <span class='ocrx_word' id='word_1_266' title='bbox 1506 2334 1576 2407; x_wconf 78' lang='lat' dir='ltr'><strong>quat</strong></span> 
     </span>
     <span class='ocr_line' id='line_1_24' title="bbox 126 2423 1576 2501; baseline 0.001 -18"><span class='ocrx_word' id='word_1_267' title='bbox 126 2442 262 2483; x_wconf 89' lang='lat' dir='ltr'><strong>sonarum</strong></span> <span class='ocrx_word' id='word_1_268' title='bbox 286 2425 445 2482; x_wconf 85' lang='lat' dir='ltr'><strong>diversitate</strong></span> <span class='ocrx_word' id='word_1_269' title='bbox 465 2424 631 2480; x_wconf 85' lang='lat' dir='ltr'><strong>Trinitatem</strong></span> <span class='ocrx_word' id='word_1_270' title='bbox 656 2423 813 2495; x_wconf 87' lang='lat' dir='ltr'><strong>credentes,</strong></span> <span class='ocrx_word' id='word_1_271' title='bbox 827 2423 857 2480; x_wconf 91' lang='lat' dir='ltr'><strong>in</strong></span> <span class='ocrx_word' id='word_1_272' title='bbox 876 2424 944 2480; x_wconf 82' lang='lat' dir='ltr'><strong>divi·</strong></span> <span class='ocrx_word' id='word_1_273' title='bbox 994 2428 1211 2483; x_wconf 89' lang='lat' dir='ltr'><strong>siacommunis</strong></span> <span class='ocrx_word' id='word_1_274' title='bbox 1224 2428 1576 2501; x_wconf 81' lang='lat' dir='ltr'><strong>generalis,totiusttispa1</strong></span> 
     </span>
     <span class='ocr_line' id='line_1_25' title="bbox 125 2518 1576 2593; baseline 0 -15"><span class='ocrx_word' id='word_1_275' title='bbox 125 2522 213 2578; x_wconf 86' lang='lat' dir='ltr'><strong>nitate</strong></span> <span class='ocrx_word' id='word_1_276' title='bbox 233 2519 378 2576; x_wconf 85' lang='lat' dir='ltr'><strong>unitatem</strong></span> <span class='ocrx_word' id='word_1_277' title='bbox 392 2518 591 2592; x_wconf 87' lang='lat' dir='ltr'><strong>praedicantes,</strong></span> <span class='ocrx_word' id='word_1_278' title='bbox 607 2533 660 2574; x_wconf 92' lang='lat' dir='ltr'><strong>nec</strong></span> <span class='ocrx_word' id='word_1_279' title='bbox 678 2534 816 2591; x_wconf 84' lang='lat' dir='ltr'><strong>personas</strong></span> <span class='ocrx_word' id='word_1_280' title='bbox 828 2519 945 2574; x_wconf 84' lang='lat' dir='ltr'><strong>confun·</strong></span> <span class='ocrx_word' id='word_1_281' title='bbox 994 2520 1118 2593; x_wconf 88' lang='lat' dir='ltr'><strong>synodus</strong></span> <span class='ocrx_word' id='word_1_282' title='bbox 1143 2525 1326 2577; x_wconf 81' lang='lat' dir='ltr'><strong>convocetur.</strong></span> <span class='ocrx_word' id='word_1_283' title='bbox 1350 2521 1378 2577; x_wconf 92' lang='lat' dir='ltr'><strong>Si</strong></span> <span class='ocrx_word' id='word_1_284' title='bbox 1402 2538 1467 2577; x_wconf 86' lang='lat' dir='ltr'><strong>vero</strong></span> <span class='ocrx_word' id='word_1_285' title='bbox 1490 2538 1543 2578; x_wconf 89' lang='lat' dir='ltr'><strong>nec</strong></span> <span class='ocrx_word' id='word_1_286' title='bbox 1563 2522 1576 2578; x_wconf 90' lang='lat' dir='ltr'><strong>d</strong></span> 
     </span>
     <span class='ocr_line' id='line_1_26' title="bbox 127 2610 1576 2684; baseline -0.003 -13"><span class='ocrx_word' id='word_1_287' title='bbox 127 2615 231 2684; x_wconf 91' lang='lat' dir='ltr'><strong>dimus,</strong></span> <span class='ocrx_word' id='word_1_288' title='bbox 244 2630 298 2670; x_wconf 88' lang='lat' dir='ltr'><strong>nec</strong></span> <span class='ocrx_word' id='word_1_289' title='bbox 311 2611 498 2669; x_wconf 85' lang='lat' dir='ltr'><strong>substantiam</strong></span> <span class='ocrx_word' id='word_1_290' title='bbox 515 2627 689 2684; x_wconf 88' lang='lat' dir='ltr'><strong>separamus.</strong></span> <span class='ocrx_word' id='word_1_291' title='bbox 702 2613 815 2668; x_wconf 87' lang='lat' dir='ltr'><strong>Patrem</strong></span> <span class='ocrx_word' id='word_1_292' title='bbox 830 2628 847 2667; x_wconf 94' lang='lat' dir='ltr'><strong>a</strong></span> <span class='ocrx_word' id='word_1_293' title='bbox 863 2612 943 2668; x_wconf 91' lang='lat' dir='ltr'><strong>nullo</strong></span> <span class='ocrx_word' id='word_1_294' title='bbox 994 2610 1141 2667; x_wconf 87' lang='lat' dir='ltr'><strong>communi</strong></span> <span class='ocrx_word' id='word_1_295' title='bbox 1165 2610 1291 2666; x_wconf 78' lang='lat' dir='ltr'><strong>ecclesian</strong></span> <span class='ocrx_word' id='word_1_296' title='bbox 1314 2610 1437 2666; x_wconf 87' lang='lat' dir='ltr'><strong>utilitate</strong></span> <span class='ocrx_word' id='word_1_297' title='bbox 1467 2610 1576 2666; x_wconf 88' lang='lat' dir='ltr'><strong>tractab</strong></span> 
     </span>
     <span class='ocr_line' id='line_1_27' title="bbox 126 2704 1576 2779; baseline -0.003 -14"><span class='ocrx_word' id='word_1_298' title='bbox 126 2710 234 2766; x_wconf 82' lang='lat' dir='ltr'><strong>facturn</strong></span> <span class='ocrx_word' id='word_1_299' title='bbox 256 2708 301 2764; x_wconf 82' lang='lat' dir='ltr'><strong>vet</strong></span> <span class='ocrx_word' id='word_1_300' title='bbox 324 2706 454 2779; x_wconf 89' lang='lat' dir='ltr'><strong>genitum</strong></span> <span class='ocrx_word' id='word_1_301' title='bbox 470 2704 600 2774; x_wconf 91' lang='lat' dir='ltr'><strong>dicimus,</strong></span> <span class='ocrx_word' id='word_1_302' title='bbox 621 2704 725 2761; x_wconf 86' lang='lat' dir='ltr'><strong>Filium</strong></span> <span class='ocrx_word' id='word_1_303' title='bbox 746 2721 763 2760; x_wconf 90' lang='lat' dir='ltr'><strong>a</strong></span> <span class='ocrx_word' id='word_1_304' title='bbox 782 2707 865 2761; x_wconf 88' lang='lat' dir='ltr'><strong>Patre</strong></span> <span class='ocrx_word' id='word_1_305' title='bbox 887 2722 945 2761; x_wconf 91' lang='lat' dir='ltr'><strong>non</strong></span> <span class='ocrx_word' id='word_1_306' title='bbox 994 2705 1063 2760; x_wconf 86' lang='lat' dir='ltr'><strong>ciale</strong></span> <span class='ocrx_word' id='word_1_307' title='bbox 1080 2705 1134 2760; x_wconf 90' lang='lat' dir='ltr'><strong>erit</strong></span> <span class='ocrx_word' id='word_1_308' title='bbox 1145 2704 1307 2773; x_wconf 88' lang='lat' dir='ltr'><strong>concilium,</strong></span> <span class='ocrx_word' id='word_1_309' title='bbox 1321 2707 1406 2777; x_wconf 92' lang='lat' dir='ltr'><strong>prout</strong></span> <span class='ocrx_word' id='word_1_310' title='bbox 1420 2704 1576 2777; x_wconf 82' lang='lat' dir='ltr'><strong>uuiuscujm</strong></span> 
     </span>
     <span class='ocr_line' id='line_1_28' title="bbox 126 2797 1576 2873; baseline -0.003 -15"><span class='ocrx_word' id='word_1_311' title='bbox 126 2803 244 2872; x_wconf 87' lang='lat' dir='ltr'><strong>tactum,</strong></span> <span class='ocrx_word' id='word_1_312' title='bbox 260 2800 311 2857; x_wconf 89' lang='lat' dir='ltr'><strong>sed</strong></span> <span class='ocrx_word' id='word_1_313' title='bbox 338 2800 470 2872; x_wconf 88' lang='lat' dir='ltr'><strong>genitum</strong></span> <span class='ocrx_word' id='word_1_314' title='bbox 483 2798 648 2854; x_wconf 87' lang='lat' dir='ltr'><strong>asserimus.</strong></span> <span class='ocrx_word' id='word_1_315' title='bbox 663 2797 801 2873; x_wconf 90' lang='lat' dir='ltr'><strong>Spiritum</strong></span> <span class='ocrx_word' id='word_1_316' title='bbox 815 2800 944 2854; x_wconf 87' lang='lat' dir='ltr'><strong>sanctum</strong></span> <span class='ocrx_word' id='word_1_317' title='bbox 993 2797 1230 2870; x_wconf 89' lang='lat' dir='ltr'><strong>metropolitanus</strong></span> <span class='ocrx_word' id='word_1_318' title='bbox 1254 2797 1375 2869; x_wconf 85' lang='lat' dir='ltr'><strong>elegerit</strong></span> <span class='ocrx_word' id='word_1_319' title='bbox 1395 2798 1576 2870; x_wconf 75' lang='lat' dir='ltr'><strong>peragendus</strong></span> 
     </span>
     <span class='ocr_line' id='line_1_29' title="bbox 126 2890 1572 2965; baseline -0.001 -16"><span class='ocrx_word' id='word_1_320' title='bbox 126 2912 192 2952; x_wconf 88' lang='lat' dir='ltr'><strong>vero</strong></span> <span class='ocrx_word' id='word_1_321' title='bbox 207 2910 259 2950; x_wconf 91' lang='lat' dir='ltr'><strong>nec</strong></span> <span class='ocrx_word' id='word_1_322' title='bbox 273 2898 413 2964; x_wconf 87' lang='lat' dir='ltr'><strong>creatum,</strong></span> <span class='ocrx_word' id='word_1_323' title='bbox 430 2908 482 2948; x_wconf 92' lang='lat' dir='ltr'><strong>nec</strong></span> <span class='ocrx_word' id='word_1_324' title='bbox 509 2891 651 2965; x_wconf 87' lang='lat' dir='ltr'><strong>genitum,</strong></span> <span class='ocrx_word' id='word_1_325' title='bbox 667 2891 717 2948; x_wconf 89' lang='lat' dir='ltr'><strong>sed</strong></span> <span class='ocrx_word' id='word_1_326' title='bbox 739 2891 944 2965; x_wconf 87' lang='lat' dir='ltr'><strong>procedentem</strong></span> <span class='ocrx_word' id='word_1_327' title='bbox 994 2896 1090 2948; x_wconf 87' lang='lat' dir='ltr'><strong>autern</strong></span> <span class='ocrx_word' id='word_1_328' title='bbox 1111 2890 1161 2964; x_wconf 89' lang='lat' dir='ltr'><strong>qui</strong></span> <span class='ocrx_word' id='word_1_329' title='bbox 1179 2908 1276 2946; x_wconf 89' lang='lat' dir='ltr'><strong>causas</strong></span> <span class='ocrx_word' id='word_1_330' title='bbox 1294 2895 1394 2947; x_wconf 86' lang='lat' dir='ltr'><strong>contra</strong></span> <span class='ocrx_word' id='word_1_331' title='bbox 1415 2893 1572 2965; x_wconf 88' lang='lat' dir='ltr'><strong>episcopos,</strong></span> 
     </span>
     <span class='ocr_line' id='line_1_30' title="bbox 90 2985 1576 3065; baseline -0.002 -20"><span class='ocrx_word' id='word_1_332' title='bbox 90 3061 93 3065; x_wconf 19' lang='lat'><strong>¹</strong></span> <span class='ocrx_word' id='word_1_333' title='bbox 126 3007 160 3045; x_wconf 87' lang='lat' dir='ltr'><strong>cx</strong></span> <span class='ocrx_word' id='word_1_334' title='bbox 172 2991 253 3044; x_wconf 89' lang='lat' dir='ltr'><strong>Patre</strong></span> <span class='ocrx_word' id='word_1_335' title='bbox 266 2989 295 3043; x_wconf 93' lang='lat' dir='ltr'><strong>et</strong></span> <span class='ocrx_word' id='word_1_336' title='bbox 307 2985 376 3043; x_wconf 80' lang='lat' dir='ltr'><strong>Filio</strong></span> <span class='ocrx_word' id='word_1_337' title='bbox 386 2986 563 3059; x_wconf 85' lang='lat' dir='ltr'><strong>profitemur.</strong></span> <span class='ocrx_word' id='word_1_338' title='bbox 576 2988 671 3059; x_wconf 88' lang='lat' dir='ltr'><strong>Ipsum</strong></span> <span class='ocrx_word' id='word_1_339' title='bbox 684 2989 782 3042; x_wconf 88' lang='lat' dir='ltr'><strong>nutem</strong></span> <span class='ocrx_word' id='word_1_340' title='bbox 791 2986 944 3042; x_wconf 92' lang='lat' dir='ltr'><strong>Dominum</strong></span> <span class='ocrx_word' id='word_1_341' title='bbox 995 2989 1124 3059; x_wconf 83' lang='lat' dir='ltr'><strong>potentes</strong></span> <span class='ocrx_word' id='word_1_342' title='bbox 1143 2987 1193 3040; x_wconf 90' lang='lat' dir='ltr'><strong>aut</strong></span> <span class='ocrx_word' id='word_1_343' title='bbox 1205 2990 1301 3041; x_wconf 84' lang='lat' dir='ltr'><strong>contro</strong></span> <span class='ocrx_word' id='word_1_344' title='bbox 1316 2986 1457 3057; x_wconf 90' lang='lat' dir='ltr'><strong>quoslibet</strong></span> <span class='ocrx_word' id='word_1_345' title='bbox 1473 2986 1576 3042; x_wconf 87' lang='lat' dir='ltr'><strong>atiosh</strong></span> 
     </span>
     <span class='ocr_line' id='line_1_31' title="bbox 126 3079 1576 3192; baseline -0.002 -53"><span class='ocrx_word' id='word_1_346' title='bbox 126 3085 222 3140; x_wconf 86' lang='lat' dir='ltr'><strong>lesum</strong></span> <span class='ocrx_word' id='word_1_347' title='bbox 231 3079 376 3137; x_wconf 85' lang='lat' dir='ltr'><strong>Christum</strong></span> <span class='ocrx_word' id='word_1_348' title='bbox 389 3080 440 3135; x_wconf 92' lang='lat' dir='ltr'><strong>Dei</strong></span> <span class='ocrx_word' id='word_1_349' title='bbox 459 3079 573 3148; x_wconf 86' lang='lat' dir='ltr'><strong>Filium,</strong></span> <span class='ocrx_word' id='word_1_350' title='bbox 588 3085 617 3135; x_wconf 89' lang='lat' dir='ltr'><strong>et</strong></span> <span class='ocrx_word' id='word_1_351' title='bbox 636 3082 798 3135; x_wconf 88' lang='lat' dir='ltr'><strong>creatorem</strong></span> <span class='ocrx_word' id='word_1_352' title='bbox 811 3079 941 3136; x_wconf 89' lang='lat' dir='ltr'><strong>omnium</strong></span> <span class='ocrx_word' id='word_1_353' title='bbox 955 3085 1052 3192; x_wconf 83' lang='lat' dir='ltr'><strong>Ctur,</strong></span> <span class='ocrx_word' id='word_1_354' title='bbox 1059 3079 1094 3135; x_wconf 90' lang='lat' dir='ltr'><strong>ad</strong></span> <span class='ocrx_word' id='word_1_355' title='bbox 1101 3079 1179 3134; x_wconf 85' lang='lat' dir='ltr'><strong>idem</strong></span> <span class='ocrx_word' id='word_1_356' title='bbox 1189 3079 1341 3135; x_wconf 89' lang='lat' dir='ltr'><strong>concilium</strong></span> <span class='ocrx_word' id='word_1_357' title='bbox 1350 3083 1576 3152; x_wconf 72' lang='lat' dir='ltr'><strong>concurrantetc</strong></span> 
     </span>
     <span class='ocr_line' id='line_1_32' title="bbox 127 3172 1576 3246; baseline -0.003 -14"><span class='ocrx_word' id='word_1_358' title='bbox 127 3194 161 3232; x_wconf 84' lang='lat' dir='ltr'><strong>er</strong></span> <span class='ocrx_word' id='word_1_359' title='bbox 175 3173 333 3232; x_wconf 88' lang='lat' dir='ltr'><strong>substantia</strong></span> <span class='ocrx_word' id='word_1_360' title='bbox 353 3173 445 3230; x_wconf 89' lang='lat' dir='ltr'><strong>Patris</strong></span> <span class='ocrx_word' id='word_1_361' title='bbox 463 3177 528 3230; x_wconf 89' lang='lat' dir='ltr'><strong>ante</strong></span> <span class='ocrx_word' id='word_1_362' title='bbox 552 3173 653 3230; x_wconf 80' lang='lat' dir='ltr'><strong>saecuta</strong></span> <span class='ocrx_word' id='word_1_363' title='bbox 679 3173 810 3246; x_wconf 88' lang='lat' dir='ltr'><strong>genitum</strong></span> <span class='ocrx_word' id='word_1_364' title='bbox 833 3174 947 3230; x_wconf 90' lang='lat' dir='ltr'><strong>descen·</strong></span> <span class='ocrx_word' id='word_1_365' title='bbox 995 3172 1576 3246; x_wconf 83' lang='lat' dir='ltr'><strong>minesynodatiaquibnstibetpraveusu</strong></span> 
     </span>
     <span class='ocr_line' id='line_1_33' title="bbox 128 3266 1576 3342; baseline -0.002 -16"><span class='ocrx_word' id='word_1_366' title='bbox 128 3270 202 3327; x_wconf 90' lang='lat' dir='ltr'><strong>disse</strong></span> <span class='ocrx_word' id='word_1_367' title='bbox 215 3268 319 3342; x_wconf 83' lang='lat' dir='ltr'><strong>ultimo</strong></span> <span class='ocrx_word' id='word_1_368' title='bbox 333 3271 463 3339; x_wconf 88' lang='lat' dir='ltr'><strong>tempore</strong></span> <span class='ocrx_word' id='word_1_369' title='bbox 475 3284 527 3340; x_wconf 88' lang='lat' dir='ltr'><strong>pro</strong></span> <span class='ocrx_word' id='word_1_370' title='bbox 542 3266 741 3340; x_wconf 91' lang='lat' dir='ltr'><strong>redemptione</strong></span> <span class='ocrx_word' id='word_1_371' title='bbox 754 3267 855 3323; x_wconf 92' lang='lat' dir='ltr'><strong>mundi</strong></span> <span class='ocrx_word' id='word_1_372' title='bbox 867 3284 884 3323; x_wconf 91' lang='lat' dir='ltr'><strong>a</strong></span> <span class='ocrx_word' id='word_1_373' title='bbox 896 3269 947 3322; x_wconf 87' lang='lat' dir='ltr'><strong>Pa·</strong></span> <span class='ocrx_word' id='word_1_374' title='bbox 995 3271 1042 3324; x_wconf 89' lang='lat' dir='ltr'><strong>tur</strong></span> <span class='ocrx_word' id='word_1_375' title='bbox 1055 3267 1127 3339; x_wconf 89' lang='lat' dir='ltr'><strong>regii</strong></span> <span class='ocrx_word' id='word_1_376' title='bbox 1142 3267 1313 3322; x_wconf 87' lang='lat' dir='ltr'><strong>exsecutoris</strong></span> <span class='ocrx_word' id='word_1_377' title='bbox 1335 3267 1470 3323; x_wconf 89' lang='lat' dir='ltr'><strong>instantia</strong></span> <span class='ocrx_word' id='word_1_378' title='bbox 1480 3267 1576 3338; x_wconf 85' lang='lat' dir='ltr'><strong>justise</strong></span> 
     </span>
     <span class='ocr_line' id='line_1_34' title="bbox 128 3360 1576 3437; baseline -0.003 -17"><span class='ocrx_word' id='word_1_379' title='bbox 128 3369 181 3436; x_wconf 91' lang='lat' dir='ltr'><strong>tre,</strong></span> <span class='ocrx_word' id='word_1_380' title='bbox 195 3362 245 3437; x_wconf 92' lang='lat' dir='ltr'><strong>qui</strong></span> <span class='ocrx_word' id='word_1_381' title='bbox 263 3377 408 3435; x_wconf 88' lang='lat' dir='ltr'><strong>nunquam</strong></span> <span class='ocrx_word' id='word_1_382' title='bbox 424 3360 528 3416; x_wconf 88' lang='lat' dir='ltr'><strong>desinit</strong></span> <span class='ocrx_word' id='word_1_383' title='bbox 552 3375 612 3416; x_wconf 91' lang='lat' dir='ltr'><strong>esse</strong></span> <span class='ocrx_word' id='word_1_384' title='bbox 626 3376 693 3416; x_wconf 89' lang='lat' dir='ltr'><strong>cum</strong></span> <span class='ocrx_word' id='word_1_385' title='bbox 713 3361 806 3416; x_wconf 86' lang='lat' dir='ltr'><strong>Patre.</strong></span> <span class='ocrx_word' id='word_1_386' title='bbox 819 3361 948 3416; x_wconf 86' lang='lat' dir='ltr'><strong>tncarna·</strong></span> <span class='ocrx_word' id='word_1_387' title='bbox 993 3362 1059 3433; x_wconf 87' lang='lat' dir='ltr'><strong>jura</strong></span> <span class='ocrx_word' id='word_1_388' title='bbox 1082 3363 1149 3415; x_wconf 89' lang='lat' dir='ltr'><strong>sunt</strong></span> <span class='ocrx_word' id='word_1_389' title='bbox 1174 3360 1383 3431; x_wconf 80' lang='lat' dir='ltr'><strong>reformentur,</strong></span> <span class='ocrx_word' id='word_1_390' title='bbox 1408 3361 1448 3417; x_wconf 90' lang='lat' dir='ltr'><strong>ita</strong></span> <span class='ocrx_word' id='word_1_391' title='bbox 1469 3364 1500 3415; x_wconf 91' lang='lat' dir='ltr'><strong>ut</strong></span> <span class='ocrx_word' id='word_1_392' title='bbox 1523 3377 1576 3433; x_wconf 90' lang='lat' dir='ltr'><strong>pro</strong></span> 
     </span>
     <span class='ocr_line' id='line_1_35' title="bbox 127 3453 1566 3527; baseline -0.003 -13"><span class='ocrx_word' id='word_1_393' title='bbox 127 3464 173 3514; x_wconf 90' lang='lat' dir='ltr'><strong>tus</strong></span> <span class='ocrx_word' id='word_1_394' title='bbox 198 3459 241 3513; x_wconf 90' lang='lat' dir='ltr'><strong>est</strong></span> <span class='ocrx_word' id='word_1_395' title='bbox 263 3455 340 3512; x_wconf 91' lang='lat' dir='ltr'><strong>enim</strong></span> <span class='ocrx_word' id='word_1_396' title='bbox 357 3471 390 3511; x_wconf 84' lang='lat' dir='ltr'><strong>er</strong></span> <span class='ocrx_word' id='word_1_397' title='bbox 412 3453 517 3527; x_wconf 89' lang='lat' dir='ltr'><strong>Spiritu</strong></span> <span class='ocrx_word' id='word_1_398' title='bbox 543 3459 640 3510; x_wconf 89' lang='lat' dir='ltr'><strong>sancto</strong></span> <span class='ocrx_word' id='word_1_399' title='bbox 662 3457 691 3510; x_wconf 87' lang='lat' dir='ltr'><strong>et</strong></span> <span class='ocrx_word' id='word_1_400' title='bbox 707 3453 831 3527; x_wconf 88' lang='lat' dir='ltr'><strong>gloriosa</strong></span> <span class='ocrx_word' id='word_1_401' title='bbox 853 3457 948 3510; x_wconf 85' lang='lat' dir='ltr'><strong>sancta</strong></span> <span class='ocrx_word' id='word_1_402' title='bbox 992 3453 1136 3527; x_wconf 89' lang='lat' dir='ltr'><strong>judicibus</strong></span> <span class='ocrx_word' id='word_1_403' title='bbox 1157 3454 1200 3509; x_wconf 87' lang='lat' dir='ltr'><strong>vet</strong></span> <span class='ocrx_word' id='word_1_404' title='bbox 1224 3454 1407 3510; x_wconf 75' lang='lat' dir='ltr'><strong>saecularibus</strong></span> <span class='ocrx_word' id='word_1_405' title='bbox 1434 3454 1501 3509; x_wconf 79' lang='lat' dir='ltr'><strong>uiris</strong></span> <span class='ocrx_word' id='word_1_406' title='bbox 1531 3454 1566 3510; x_wconf 90' lang='lat' dir='ltr'><strong>ad</strong></span> 
     </span>
     <span class='ocr_line' id='line_1_36' title="bbox 129 3546 1576 3624; baseline -0.001 -16"><span class='ocrx_word' id='word_1_407' title='bbox 129 3551 178 3608; x_wconf 92' lang='lat' dir='ltr'><strong>Dei</strong></span> <span class='ocrx_word' id='word_1_408' title='bbox 192 3549 329 3624; x_wconf 90' lang='lat' dir='ltr'><strong>genitrice</strong></span> <span class='ocrx_word' id='word_1_409' title='bbox 352 3548 464 3622; x_wconf 88' lang='lat' dir='ltr'><strong>virgine</strong></span> <span class='ocrx_word' id='word_1_410' title='bbox 478 3548 575 3620; x_wconf 83' lang='lat' dir='ltr'><strong>Maria,</strong></span> <span class='ocrx_word' id='word_1_411' title='bbox 590 3551 620 3604; x_wconf 91' lang='lat' dir='ltr'><strong>et</strong></span> <span class='ocrx_word' id='word_1_412' title='bbox 642 3552 725 3604; x_wconf 92' lang='lat' dir='ltr'><strong>natus</strong></span> <span class='ocrx_word' id='word_1_413' title='bbox 742 3565 777 3605; x_wconf 85' lang='lat' dir='ltr'><strong>ex</strong></span> <span class='ocrx_word' id='word_1_414' title='bbox 796 3548 857 3622; x_wconf 87' lang='lat' dir='ltr'><strong>ipsa</strong></span> <span class='ocrx_word' id='word_1_415' title='bbox 871 3549 948 3604; x_wconf 91' lang='lat' dir='ltr'><strong>sotus</strong></span> <span class='ocrx_word' id='word_1_416' title='bbox 996 3546 1162 3619; x_wconf 85' lang='lat' dir='ltr'><strong>tropotitani</strong></span> <span class='ocrx_word' id='word_1_417' title='bbox 1178 3546 1272 3604; x_wconf 90' lang='lat' dir='ltr'><strong>studio</strong></span> <span class='ocrx_word' id='word_1_418' title='bbox 1292 3547 1407 3620; x_wconf 89' lang='lat' dir='ltr'><strong>qnidam</strong></span> <span class='ocrx_word' id='word_1_419' title='bbox 1427 3552 1576 3606; x_wconf 83' lang='lat' dir='ltr'><strong>exsecutor</strong></span> 
     </span>
     <span class='ocr_line' id='line_1_37' title="bbox 128 3641 1128 3713; baseline -0.004 -13"><span class='ocrx_word' id='word_1_420' title='bbox 128 3645 209 3700; x_wconf 90' lang='lat' dir='ltr'><strong>idem</strong></span> <span class='ocrx_word' id='word_1_421' title='bbox 222 3643 359 3700; x_wconf 82' lang='lat' dir='ltr'><strong>Dominus</strong></span> <span class='ocrx_word' id='word_1_422' title='bbox 369 3645 448 3700; x_wconf 86' lang='lat' dir='ltr'><strong>lesus</strong></span> <span class='ocrx_word' id='word_1_423' title='bbox 458 3642 596 3713; x_wconf 87' lang='lat' dir='ltr'><strong>Christus,</strong></span> <span class='ocrx_word' id='word_1_424' title='bbox 612 3658 686 3698; x_wconf 90' lang='lat' dir='ltr'><strong>unus</strong></span> <span class='ocrx_word' id='word_1_425' title='bbox 701 3641 732 3698; x_wconf 93' lang='lat' dir='ltr'><strong>in</strong></span> <span class='ocrx_word' id='word_1_426' title='bbox 745 3645 841 3698; x_wconf 89' lang='lat' dir='ltr'><strong>sancta</strong></span> <span class='ocrx_word' id='word_1_427' title='bbox 854 3643 947 3699; x_wconf 77' lang='lat' dir='ltr'><strong>thini-</strong></span> <span class='ocrx_word' id='word_1_428' title='bbox 996 3642 1128 3698; x_wconf 85' lang='lat' dir='ltr'><strong>statatur.</strong></span> 
     </span>
    </p>

    <p class='ocr_par' dir='ltr' id='par_1_3' title="bbox 77 3734 1576 4745">
     <span class='ocr_line' id='line_1_38' title="bbox 128 3734 1569 3810; baseline -0.002 -16"><span class='ocrx_word' id='word_1_429' title='bbox 128 3742 194 3810; x_wconf 86' lang='lat' dir='ltr'><strong>tate,</strong></span> <span class='ocrx_word' id='word_1_430' title='bbox 216 3737 353 3794; x_wconf 84' lang='lat' dir='ltr'><strong>animast</strong></span> <span class='ocrx_word' id='word_1_431' title='bbox 370 3752 456 3792; x_wconf 92' lang='lat' dir='ltr'><strong>carna</strong></span> <span class='ocrx_word' id='word_1_432' title='bbox 478 3736 631 3809; x_wconf 85' lang='lat' dir='ltr'><strong>perfectus,</strong></span> <span class='ocrx_word' id='word_1_433' title='bbox 648 3734 709 3791; x_wconf 88' lang='lat' dir='ltr'><strong>sine</strong></span> <span class='ocrx_word' id='word_1_434' title='bbox 733 3739 849 3808; x_wconf 91' lang='lat' dir='ltr'><strong>peccato</strong></span> <span class='ocrx_word' id='word_1_435' title='bbox 862 3736 948 3792; x_wconf 92' lang='lat' dir='ltr'><strong>susci·</strong></span> <span class='ocrx_word' id='word_1_436' title='bbox 1033 3734 1250 3801; x_wconf 83' lang='lat' dir='ltr'><strong>Quintadecima</strong></span> <span class='ocrx_word' id='word_1_437' title='bbox 1263 3737 1360 3791; x_wconf 90' lang='lat' dir='ltr'><strong>autem</strong></span> <span class='ocrx_word' id='word_1_438' title='bbox 1375 3735 1569 3791; x_wconf 86' lang='lat' dir='ltr'><strong>Kalendarum</strong></span> 
     </span>
     <span class='ocr_line' id='line_1_39' title="bbox 129 3818 1576 3906; baseline -0.003 -16"><span class='ocrx_word' id='word_1_439' title='bbox 129 3833 210 3906; x_wconf 89' lang='lat' dir='ltr'><strong>piens</strong></span> <span class='ocrx_word' id='word_1_440' title='bbox 224 3831 381 3901; x_wconf 90' lang='lat' dir='ltr'><strong>hominem,</strong></span> <span class='ocrx_word' id='word_1_441' title='bbox 393 3846 515 3887; x_wconf 88' lang='lat' dir='ltr'><strong>manens</strong></span> <span class='ocrx_word' id='word_1_442' title='bbox 529 3829 691 3903; x_wconf 90' lang='lat' dir='ltr'><strong>quoderat,</strong></span> <span class='ocrx_word' id='word_1_443' title='bbox 707 3818 856 3885; x_wconf 83' lang='lat' dir='ltr'><strong>assumens</strong></span> <span class='ocrx_word' id='word_1_444' title='bbox 870 3830 948 3903; x_wconf 89' lang='lat' dir='ltr'><strong>qnod</strong></span> <span class='ocrx_word' id='word_1_445' title='bbox 998 3829 1142 3902; x_wconf 83' lang='lat' dir='ltr'><strong>gregando</strong></span> <span class='ocrx_word' id='word_1_446' title='bbox 1154 3831 1196 3885; x_wconf 91' lang='lat' dir='ltr'><strong>est</strong></span> <span class='ocrx_word' id='word_1_447' title='bbox 1209 3829 1239 3884; x_wconf 91' lang='lat' dir='ltr'><strong>in</strong></span> <span class='ocrx_word' id='word_1_448' title='bbox 1253 3845 1424 3901; x_wconf 91' lang='lat' dir='ltr'><strong>quacunque</strong></span> <span class='ocrx_word' id='word_1_449' title='bbox 1444 3829 1576 3900; x_wconf 74' lang='lat' dir='ltr'><strong>provincia</strong></span> 
     </span>
     <span class='ocr_line' id='line_1_40' title="bbox 129 3921 1571 3998; baseline -0.003 -15"><span class='ocrx_word' id='word_1_450' title='bbox 129 3943 188 3983; x_wconf 91' lang='lat' dir='ltr'><strong>non</strong></span> <span class='ocrx_word' id='word_1_451' title='bbox 212 3928 282 3994; x_wconf 89' lang='lat' dir='ltr'><strong>erat,</strong></span> <span class='ocrx_word' id='word_1_452' title='bbox 296 3923 412 3998; x_wconf 77' lang='lat' dir='ltr'><strong>equalis</strong></span> <span class='ocrx_word' id='word_1_453' title='bbox 427 3924 503 3980; x_wconf 91' lang='lat' dir='ltr'><strong>Patri</strong></span> <span class='ocrx_word' id='word_1_454' title='bbox 517 3924 675 3980; x_wconf 88' lang='lat' dir='ltr'><strong>secundum</strong></span> <span class='ocrx_word' id='word_1_455' title='bbox 693 3922 883 3990; x_wconf 87' lang='lat' dir='ltr'><strong>divinitatem,</strong></span> <span class='ocrx_word' id='word_1_456' title='bbox 898 3922 949 3978; x_wconf 90' lang='lat' dir='ltr'><strong>mi·</strong></span> <span class='ocrx_word' id='word_1_457' title='bbox 997 3928 1060 3995; x_wconf 86' lang='lat' dir='ltr'><strong>pter</strong></span> <span class='ocrx_word' id='word_1_458' title='bbox 1076 3922 1192 3977; x_wconf 85' lang='lat' dir='ltr'><strong>vernale</strong></span> <span class='ocrx_word' id='word_1_459' title='bbox 1209 3926 1331 3994; x_wconf 90' lang='lat' dir='ltr'><strong>tempus,</strong></span> <span class='ocrx_word' id='word_1_460' title='bbox 1344 3922 1461 3994; x_wconf 88' lang='lat' dir='ltr'><strong>quando</strong></span> <span class='ocrx_word' id='word_1_461' title='bbox 1476 3921 1571 3978; x_wconf 89' lang='lat' dir='ltr'><strong>herbis</strong></span> 
     </span>
     <span class='ocr_line' id='line_1_41' title="bbox 131 4016 1576 4088; baseline -0.002 -12"><span class='ocrx_word' id='word_1_462' title='bbox 131 4037 184 4076; x_wconf 93' lang='lat' dir='ltr'><strong>nor</strong></span> <span class='ocrx_word' id='word_1_463' title='bbox 197 4022 280 4077; x_wconf 88' lang='lat' dir='ltr'><strong>Patre</strong></span> <span class='ocrx_word' id='word_1_464' title='bbox 293 4018 450 4075; x_wconf 90' lang='lat' dir='ltr'><strong>secundum</strong></span> <span class='ocrx_word' id='word_1_465' title='bbox 468 4017 690 4087; x_wconf 84' lang='lat' dir='ltr'><strong>humanitatem,</strong></span> <span class='ocrx_word' id='word_1_466' title='bbox 705 4016 814 4071; x_wconf 88' lang='lat' dir='ltr'><strong>habens</strong></span> <span class='ocrx_word' id='word_1_467' title='bbox 838 4016 867 4070; x_wconf 92' lang='lat' dir='ltr'><strong>in</strong></span> <span class='ocrx_word' id='word_1_468' title='bbox 888 4033 949 4071; x_wconf 90' lang='lat' dir='ltr'><strong>una</strong></span> <span class='ocrx_word' id='word_1_469' title='bbox 998 4022 1026 4072; x_wconf 89' lang='lat' dir='ltr'><strong>et</strong></span> <span class='ocrx_word' id='word_1_470' title='bbox 1038 4016 1142 4088; x_wconf 90' lang='lat' dir='ltr'><strong>pabula</strong></span> <span class='ocrx_word' id='word_1_471' title='bbox 1158 4016 1321 4088; x_wconf 85' lang='lat' dir='ltr'><strong>germinum</strong></span> <span class='ocrx_word' id='word_1_472' title='bbox 1343 4016 1538 4072; x_wconf 86' lang='lat' dir='ltr'><strong>inveniuntur.</strong></span> <span class='ocrx_word' id='word_1_473' title='bbox 1555 4018 1576 4073; x_wconf 88' lang='lat' dir='ltr'>H</span> 
     </span>
     <span class='ocr_line' id='line_1_42' title="bbox 130 4108 1574 4187; baseline -0.002 -18"><span class='ocrx_word' id='word_1_474' title='bbox 130 4129 253 4187; x_wconf 91' lang='lat' dir='ltr'><strong>persona</strong></span> <span class='ocrx_word' id='word_1_475' title='bbox 273 4113 395 4168; x_wconf 89' lang='lat' dir='ltr'><strong>duarum</strong></span> <span class='ocrx_word' id='word_1_476' title='bbox 418 4115 587 4166; x_wconf 87' lang='lat' dir='ltr'><strong>naturarum</strong></span> <span class='ocrx_word' id='word_1_477' title='bbox 606 4108 819 4182; x_wconf 88' lang='lat' dir='ltr'><strong>pmprietatem.</strong></span> <span class='ocrx_word' id='word_1_478' title='bbox 835 4110 949 4164; x_wconf 80' lang='lat' dir='ltr'><strong>Naturae</strong></span> <span class='ocrx_word' id='word_1_479' title='bbox 997 4109 1093 4182; x_wconf 90' lang='lat' dir='ltr'><strong>prima</strong></span> <span class='ocrx_word' id='word_1_480' title='bbox 1104 4113 1170 4165; x_wconf 88' lang='lat' dir='ltr'><strong>ante</strong></span> <span class='ocrx_word' id='word_1_481' title='bbox 1185 4110 1250 4165; x_wconf 89' lang='lat' dir='ltr'><strong>sotis</strong></span> <span class='ocrx_word' id='word_1_482' title='bbox 1264 4114 1358 4165; x_wconf 88' lang='lat' dir='ltr'><strong>ortum</strong></span> <span class='ocrx_word' id='word_1_483' title='bbox 1369 4109 1574 4181; x_wconf 85' lang='lat' dir='ltr'><strong>ejicianturom</strong></span> 
     </span>
     <span class='ocr_line' id='line_1_43' title="bbox 132 4203 1576 4276; baseline -0.001 -15"><span class='ocrx_word' id='word_1_484' title='bbox 132 4206 211 4262; x_wconf 89' lang='lat' dir='ltr'><strong>enim</strong></span> <span class='ocrx_word' id='word_1_485' title='bbox 235 4205 266 4261; x_wconf 91' lang='lat' dir='ltr'><strong>in</strong></span> <span class='ocrx_word' id='word_1_486' title='bbox 289 4205 339 4260; x_wconf 91' lang='lat' dir='ltr'><strong>itte</strong></span> <span class='ocrx_word' id='word_1_487' title='bbox 354 4204 428 4273; x_wconf 80' lang='lat' dir='ltr'><strong>dnm,</strong></span> <span class='ocrx_word' id='word_1_488' title='bbox 444 4206 517 4260; x_wconf 88' lang='lat' dir='ltr'><strong>Deus</strong></span> <span class='ocrx_word' id='word_1_489' title='bbox 541 4208 569 4259; x_wconf 91' lang='lat' dir='ltr'><strong>et</strong></span> <span class='ocrx_word' id='word_1_490' title='bbox 585 4203 872 4259; x_wconf 86' lang='lat' dir='ltr'><strong>homo.Nonaute1n</strong></span> <span class='ocrx_word' id='word_1_491' title='bbox 892 4203 948 4258; x_wconf 92' lang='lat' dir='ltr'><strong>duo</strong></span> <span class='ocrx_word' id='word_1_492' title='bbox 998 4203 1187 4276; x_wconf 87' lang='lat' dir='ltr'><strong>obseratisque</strong></span> <span class='ocrx_word' id='word_1_493' title='bbox 1202 4203 1312 4259; x_wconf 85' lang='lat' dir='ltr'><strong>foribus</strong></span> <span class='ocrx_word' id='word_1_494' title='bbox 1333 4204 1451 4273; x_wconf 90' lang='lat' dir='ltr'><strong>cunctis,</strong></span> <span class='ocrx_word' id='word_1_495' title='bbox 1467 4204 1503 4258; x_wconf 91' lang='lat' dir='ltr'><strong>ad</strong></span> <span class='ocrx_word' id='word_1_496' title='bbox 1518 4220 1576 4260; x_wconf 90' lang='lat' dir='ltr'><strong>una</strong></span> 
     </span>
     <span class='ocr_line' id='line_1_44' title="bbox 131 4296 1576 4370; baseline 0 -16"><span class='ocrx_word' id='word_1_497' title='bbox 131 4298 193 4370; x_wconf 88' lang='lat' dir='ltr'><strong>tttii,</strong></span> <span class='ocrx_word' id='word_1_498' title='bbox 208 4314 262 4354; x_wconf 92' lang='lat' dir='ltr'><strong>neo</strong></span> <span class='ocrx_word' id='word_1_499' title='bbox 274 4297 313 4354; x_wconf 92' lang='lat' dir='ltr'><strong>dii</strong></span> <span class='ocrx_word' id='word_1_500' title='bbox 333 4298 400 4366; x_wconf 90' lang='lat' dir='ltr'><strong>duo,</strong></span> <span class='ocrx_word' id='word_1_501' title='bbox 414 4296 553 4352; x_wconf 86' lang='lat' dir='ltr'><strong>sedidem</strong></span> <span class='ocrx_word' id='word_1_502' title='bbox 565 4313 622 4352; x_wconf 87' lang='lat' dir='ltr'><strong>una</strong></span> <span class='ocrx_word' id='word_1_503' title='bbox 637 4311 761 4369; x_wconf 85' lang='lat' dir='ltr'><strong>persona</strong></span> <span class='ocrx_word' id='word_1_504' title='bbox 781 4297 812 4352; x_wconf 90' lang='lat' dir='ltr'><strong>in</strong></span> <span class='ocrx_word' id='word_1_505' title='bbox 827 4300 948 4368; x_wconf 89' lang='lat' dir='ltr'><strong>utraque</strong></span> <span class='ocrx_word' id='word_1_506' title='bbox 997 4313 1084 4369; x_wconf 88' lang='lat' dir='ltr'><strong>quam</strong></span> <span class='ocrx_word' id='word_1_507' title='bbox 1098 4296 1259 4352; x_wconf 88' lang='lat' dir='ltr'><strong>sacerdotes</strong></span> <span class='ocrx_word' id='word_1_508' title='bbox 1279 4297 1390 4369; x_wconf 88' lang='lat' dir='ltr'><strong>ingredi</strong></span> <span class='ocrx_word' id='word_1_509' title='bbox 1414 4300 1538 4368; x_wconf 90' lang='lat' dir='ltr'><strong>oportet,</strong></span> <span class='ocrx_word' id='word_1_510' title='bbox 1553 4314 1576 4354; x_wconf 75' lang='lat' dir='ltr'><strong>os</strong></span> 
     </span>
     <span class='ocr_line' id='line_1_45' title="bbox 132 4389 1576 4466; baseline -0.001 -17"><span class='ocrx_word' id='word_1_511' title='bbox 132 4396 235 4450; x_wconf 87' lang='lat' dir='ltr'><strong>natura</strong></span> <span class='ocrx_word' id='word_1_512' title='bbox 247 4392 395 4466; x_wconf 85' lang='lat' dir='ltr'><strong>perferens</strong></span> <span class='ocrx_word' id='word_1_513' title='bbox 409 4389 581 4464; x_wconf 89' lang='lat' dir='ltr'><strong>passionem,</strong></span> <span class='ocrx_word' id='word_1_514' title='bbox 598 4392 627 4445; x_wconf 92' lang='lat' dir='ltr'><strong>et</strong></span> <span class='ocrx_word' id='word_1_515' title='bbox 646 4394 768 4446; x_wconf 85' lang='lat' dir='ltr'><strong>mortem</strong></span> <span class='ocrx_word' id='word_1_516' title='bbox 783 4407 835 4463; x_wconf 88' lang='lat' dir='ltr'><strong>pro</strong></span> <span class='ocrx_word' id='word_1_517' title='bbox 851 4392 949 4446; x_wconf 84' lang='lat' dir='ltr'><strong>nostra</strong></span> <span class='ocrx_word' id='word_1_518' title='bbox 997 4393 1032 4446; x_wconf 88' lang='lat' dir='ltr'><strong>Et</strong></span> <span class='ocrx_word' id='word_1_519' title='bbox 1047 4391 1247 4446; x_wconf 81' lang='lat' dir='ltr'><strong>convenientes</strong></span> <span class='ocrx_word' id='word_1_520' title='bbox 1262 4406 1362 4446; x_wconf 90' lang='lat' dir='ltr'><strong>omnes</strong></span> <span class='ocrx_word' id='word_1_521' title='bbox 1383 4391 1507 4463; x_wconf 90' lang='lat' dir='ltr'><strong>episcopi</strong></span> <span class='ocrx_word' id='word_1_522' title='bbox 1537 4408 1576 4464; x_wconf 79' lang='lat' dir='ltr'><strong>pan</strong></span> 
     </span>
     <span class='ocr_line' id='line_1_46' title="bbox 77 4483 1576 4563; baseline -0.003 -19"><span class='ocrx_word' id='word_1_523' title='bbox 77 4498 80 4503; x_wconf 81' lang='grc'><em>“</em></span> <span class='ocrx_word' id='word_1_524' title='bbox 132 4488 231 4556; x_wconf 87' lang='lat' dir='ltr'><strong>salute,</strong></span> <span class='ocrx_word' id='word_1_525' title='bbox 250 4502 309 4543; x_wconf 93' lang='lat' dir='ltr'><strong>non</strong></span> <span class='ocrx_word' id='word_1_526' title='bbox 323 4485 353 4541; x_wconf 90' lang='lat' dir='ltr'><strong>in</strong></span> <span class='ocrx_word' id='word_1_527' title='bbox 368 4484 472 4541; x_wconf 80' lang='lat' dir='ltr'><strong>virtute</strong></span> <span class='ocrx_word' id='word_1_528' title='bbox 487 4483 652 4555; x_wconf 86' lang='lat' dir='ltr'><strong>divinitatis,</strong></span> <span class='ocrx_word' id='word_1_529' title='bbox 667 4483 716 4540; x_wconf 89' lang='lat' dir='ltr'><strong>sed</strong></span> <span class='ocrx_word' id='word_1_530' title='bbox 742 4484 771 4539; x_wconf 94' lang='lat' dir='ltr'><strong>in</strong></span> <span class='ocrx_word' id='word_1_531' title='bbox 784 4483 990 4563; x_wconf 74' lang='lat' dir='ltr'><strong>infirmitatel)</strong></span> <span class='ocrx_word' id='word_1_532' title='bbox 1001 4489 1030 4540; x_wconf 89' lang='lat' dir='ltr'><strong>et</strong></span> <span class='ocrx_word' id='word_1_533' title='bbox 1049 4484 1203 4540; x_wconf 90' lang='lat' dir='ltr'><strong>secundum</strong></span> <span class='ocrx_word' id='word_1_534' title='bbox 1220 4484 1405 4541; x_wconf 85' lang='lat' dir='ltr'><strong>ordinationis</strong></span> <span class='ocrx_word' id='word_1_535' title='bbox 1427 4502 1484 4540; x_wconf 85' lang='lat' dir='ltr'><strong>suae</strong></span> <span class='ocrx_word' id='word_1_536' title='bbox 1508 4489 1576 4558; x_wconf 76' lang='lat' dir='ltr'><strong>temp</strong></span> 
     </span>
     <span class='ocr_line' id='line_1_47' title="bbox 132 4576 1576 4650; baseline -0.001 -14"><span class='ocrx_word' id='word_1_537' title='bbox 132 4580 330 4636; x_wconf 88' lang='lat' dir='ltr'><strong>humanitatis.</strong></span> <span class='ocrx_word' id='word_1_538' title='bbox 356 4577 506 4636; x_wconf 79' lang='lat' dir='ltr'><strong>Descendit</strong></span> <span class='ocrx_word' id='word_1_539' title='bbox 522 4578 558 4634; x_wconf 88' lang='lat' dir='ltr'><strong>ad</strong></span> <span class='ocrx_word' id='word_1_540' title='bbox 580 4576 700 4649; x_wconf 85' lang='lat' dir='ltr'><strong>inferos,</strong></span> <span class='ocrx_word' id='word_1_541' title='bbox 716 4581 748 4634; x_wconf 88' lang='lat' dir='ltr'><strong>ut</strong></span> <span class='ocrx_word' id='word_1_542' title='bbox 762 4583 873 4634; x_wconf 90' lang='lat' dir='ltr'><strong>sanctos</strong></span> <span class='ocrx_word' id='word_1_543' title='bbox 899 4578 949 4650; x_wconf 93' lang='lat' dir='ltr'><strong>qni</strong></span> <span class='ocrx_word' id='word_1_544' title='bbox 998 4580 1065 4633; x_wconf 90' lang='lat' dir='ltr'><strong>Post</strong></span> <span class='ocrx_word' id='word_1_545' title='bbox 1083 4579 1246 4649; x_wconf 83' lang='lat' dir='ltr'><strong>ingressum</strong></span> <span class='ocrx_word' id='word_1_546' title='bbox 1270 4578 1400 4634; x_wconf 92' lang='lat' dir='ltr'><strong>omnium</strong></span> <span class='ocrx_word' id='word_1_547' title='bbox 1422 4579 1576 4650; x_wconf 86' lang='lat' dir='ltr'><strong>episcopon</strong></span> 
     </span>
     <span class='ocr_line' id='line_1_48' title="bbox 134 4670 1576 4745; baseline -0.001 -15"><span class='ocrx_word' id='word_1_548' title='bbox 134 4674 174 4730; x_wconf 92' lang='lat' dir='ltr'><strong>ibi</strong></span> <span class='ocrx_word' id='word_1_549' title='bbox 188 4674 370 4745; x_wconf 85' lang='lat' dir='ltr'><strong>tenebantur,</strong></span> <span class='ocrx_word' id='word_1_550' title='bbox 387 4677 512 4744; x_wconf 87' lang='lat' dir='ltr'><strong>erueret,</strong></span> <span class='ocrx_word' id='word_1_551' title='bbox 529 4677 558 4729; x_wconf 91' lang='lat' dir='ltr'><strong>ct</strong></span> <span class='ocrx_word' id='word_1_552' title='bbox 583 4672 695 4729; x_wconf 82' lang='lat' dir='ltr'><strong>devicto</strong></span> <span class='ocrx_word' id='word_1_553' title='bbox 709 4672 810 4728; x_wconf 87' lang='lat' dir='ltr'><strong>mortis</strong></span> <span class='ocrx_word' id='word_1_554' title='bbox 828 4672 949 4745; x_wconf 88' lang='lat' dir='ltr'><strong>imperio</strong></span> <span class='ocrx_word' id='word_1_555' title='bbox 999 4687 1119 4740; x_wconf 87' lang='lat' dir='ltr'><strong>sessum,</strong></span> <span class='ocrx_word' id='word_1_556' title='bbox 1131 4677 1268 4727; x_wconf 83' lang='lat' dir='ltr'><strong>vocentur</strong></span> <span class='ocrx_word' id='word_1_557' title='bbox 1278 4670 1382 4727; x_wconf 90' lang='lat' dir='ltr'><strong>deinde</strong></span> <span class='ocrx_word' id='word_1_558' title='bbox 1397 4671 1576 4744; x_wconf 72' lang='lat' dir='ltr'><strong>presbyteri&lt;</strong></span> 
     </span>
    </p>
   </div>
   <div class='ocr_carea' id='block_1_3' title="bbox 19 4764 1570 4840">
    <p class='ocr_par' dir='ltr' id='par_1_4' title="bbox 19 4764 1570 4840">
     <span class='ocr_line' id='line_1_49' title="bbox 19 4764 1570 4840; baseline -0.001 -17"><span class='ocrx_word' id='word_1_559' title='bbox 19 4773 27 4790; x_wconf 75' lang='lat'><em>⁶</em></span> <span class='ocrx_word' id='word_1_560' title='bbox 135 4768 299 4824; x_wconf 74' lang='lat' dir='ltr'><strong>resurrexit.</strong></span> <span class='ocrx_word' id='word_1_561' title='bbox 323 4769 492 4840; x_wconf 83' lang='lat' dir='ltr'><strong>Assumptus</strong></span> <span class='ocrx_word' id='word_1_562' title='bbox 522 4767 552 4822; x_wconf 93' lang='lat' dir='ltr'><strong>in</strong></span> <span class='ocrx_word' id='word_1_563' title='bbox 573 4767 652 4822; x_wconf 85' lang='lat' dir='ltr'><strong>coelis</strong></span> <span class='ocrx_word' id='word_1_564' title='bbox 676 4769 812 4822; x_wconf 90' lang='lat' dir='ltr'><strong>venturus</strong></span> <span class='ocrx_word' id='word_1_565' title='bbox 840 4767 884 4820; x_wconf 90' lang='lat' dir='ltr'><strong>est</strong></span> <span class='ocrx_word' id='word_1_566' title='bbox 919 4766 950 4820; x_wconf 93' lang='lat' dir='ltr'><strong>in</strong></span> <span class='ocrx_word' id='word_1_567' title='bbox 998 4764 1108 4821; x_wconf 85' lang='lat' dir='ltr'><strong>baverit</strong></span> <span class='ocrx_word' id='word_1_568' title='bbox 1121 4765 1249 4820; x_wconf 87' lang='lat' dir='ltr'><strong>introire.</strong></span> <span class='ocrx_word' id='word_1_569' title='bbox 1265 4764 1364 4820; x_wconf 88' lang='lat' dir='ltr'><strong>Nullus</strong></span> <span class='ocrx_word' id='word_1_570' title='bbox 1380 4782 1409 4820; x_wconf 90' lang='lat' dir='ltr'><strong>se</strong></span> <span class='ocrx_word' id='word_1_571' title='bbox 1432 4766 1507 4820; x_wconf 89' lang='lat' dir='ltr'><strong>inter</strong></span> <span class='ocrx_word' id='word_1_572' title='bbox 1521 4781 1570 4821; x_wconf 88' lang='lat' dir='ltr'><strong>eos</strong></span> 
     </span>
    </p>
   </div>
   <div class='ocr_carea' id='block_1_4' title="bbox 131 4858 1576 5873">
    <p class='ocr_par' dir='ltr' id='par_1_5' title="bbox 131 4858 1576 5779">
     <span class='ocr_line' id='line_1_50' title="bbox 134 4858 1576 4934; baseline -0.001 -17"><span class='ocrx_word' id='word_1_573' title='bbox 134 4863 266 4917; x_wconf 78' lang='lat' dir='ltr'><strong>futurum</strong></span> <span class='ocrx_word' id='word_1_574' title='bbox 288 4861 326 4917; x_wconf 91' lang='lat' dir='ltr'><strong>ad</strong></span> <span class='ocrx_word' id='word_1_575' title='bbox 341 4861 481 4934; x_wconf 85' lang='lat' dir='ltr'><strong>judicium</strong></span> <span class='ocrx_word' id='word_1_576' title='bbox 498 4861 626 4917; x_wconf 79' lang='lat' dir='ltr'><strong>visorum</strong></span> <span class='ocrx_word' id='word_1_577' title='bbox 641 4863 671 4916; x_wconf 89' lang='lat' dir='ltr'><strong>et</strong></span> <span class='ocrx_word' id='word_1_578' title='bbox 693 4864 882 4916; x_wconf 89' lang='lat' dir='ltr'><strong>mortuorum.</strong></span> <span class='ocrx_word' id='word_1_579' title='bbox 895 4860 949 4914; x_wconf 87' lang='lat' dir='ltr'><strong>Cu·</strong></span> <span class='ocrx_word' id='word_1_580' title='bbox 999 4875 1112 4915; x_wconf 92' lang='lat' dir='ltr'><strong>norum.</strong></span> <span class='ocrx_word' id='word_1_581' title='bbox 1129 4861 1196 4914; x_wconf 89' lang='lat' dir='ltr'><strong>Post</strong></span> <span class='ocrx_word' id='word_1_582' title='bbox 1218 4860 1269 4914; x_wconf 89' lang='lat' dir='ltr'><strong>hos</strong></span> <span class='ocrx_word' id='word_1_583' title='bbox 1282 4858 1483 4930; x_wconf 85' lang='lat' dir='ltr'><strong>ingrediantur</strong></span> <span class='ocrx_word' id='word_1_584' title='bbox 1497 4859 1576 4915; x_wconf 91' lang='lat' dir='ltr'><strong>diaco</strong></span> 
     </span>
     <span class='ocr_line' id='line_1_51' title="bbox 131 4951 1576 5028; baseline -0.001 -18"><span class='ocrx_word' id='word_1_585' title='bbox 131 4956 180 5027; x_wconf 89' lang='lat' dir='ltr'><strong>jus</strong></span> <span class='ocrx_word' id='word_1_586' title='bbox 203 4957 298 5010; x_wconf 90' lang='lat' dir='ltr'><strong>morte</strong></span> <span class='ocrx_word' id='word_1_587' title='bbox 314 4959 343 5010; x_wconf 89' lang='lat' dir='ltr'><strong>et</strong></span> <span class='ocrx_word' id='word_1_588' title='bbox 363 4955 500 5028; x_wconf 88' lang='lat' dir='ltr'><strong>sanguine</strong></span> <span class='ocrx_word' id='word_1_589' title='bbox 519 4953 658 5022; x_wconf 88' lang='lat' dir='ltr'><strong>mundati,</strong></span> <span class='ocrx_word' id='word_1_590' title='bbox 674 4953 873 5009; x_wconf 86' lang='lat' dir='ltr'><strong>remissionem</strong></span> <span class='ocrx_word' id='word_1_591' title='bbox 888 4970 951 5026; x_wconf 90' lang='lat' dir='ltr'><strong>pec·</strong></span> <span class='ocrx_word' id='word_1_592' title='bbox 1001 4970 1073 5026; x_wconf 90' lang='lat' dir='ltr'><strong>quos</strong></span> <span class='ocrx_word' id='word_1_593' title='bbox 1087 4954 1155 5009; x_wconf 89' lang='lat' dir='ltr'><strong>ordo</strong></span> <span class='ocrx_word' id='word_1_594' title='bbox 1170 4951 1330 5025; x_wconf 89' lang='lat' dir='ltr'><strong>poposcerit</strong></span> <span class='ocrx_word' id='word_1_595' title='bbox 1352 4954 1496 5009; x_wconf 86' lang='lat' dir='ltr'><strong>interesse.</strong></span> <span class='ocrx_word' id='word_1_596' title='bbox 1511 4954 1546 5008; x_wconf 82' lang='lat' dir='ltr'><strong>Et</strong></span> <span class='ocrx_word' id='word_1_597' title='bbox 1566 4969 1576 5009; x_wconf 83' lang='lat' dir='ltr'><strong>c</strong></span> 
     </span>
     <span class='ocr_line' id='line_1_52' title="bbox 134 5045 1576 5119; baseline -0.001 -15"><span class='ocrx_word' id='word_1_598' title='bbox 134 5051 263 5104; x_wconf 90' lang='lat' dir='ltr'><strong>catorum</strong></span> <span class='ocrx_word' id='word_1_599' title='bbox 274 5048 419 5104; x_wconf 88' lang='lat' dir='ltr'><strong>consecuti</strong></span> <span class='ocrx_word' id='word_1_600' title='bbox 432 5064 541 5116; x_wconf 90' lang='lat' dir='ltr'><strong>sumus,</strong></span> <span class='ocrx_word' id='word_1_601' title='bbox 556 5046 743 5103; x_wconf 89' lang='lat' dir='ltr'><strong>resuscitandi</strong></span> <span class='ocrx_word' id='word_1_602' title='bbox 757 5045 793 5101; x_wconf 92' lang='lat' dir='ltr'><strong>nb</strong></span> <span class='ocrx_word' id='word_1_603' title='bbox 808 5062 841 5102; x_wconf 90' lang='lat' dir='ltr'><strong>eo</strong></span> <span class='ocrx_word' id='word_1_604' title='bbox 854 5046 883 5102; x_wconf 93' lang='lat' dir='ltr'><strong>in</strong></span> <span class='ocrx_word' id='word_1_605' title='bbox 905 5046 951 5102; x_wconf 88' lang='lat' dir='ltr'><strong>die</strong></span> <span class='ocrx_word' id='word_1_606' title='bbox 1001 5047 1114 5103; x_wconf 91' lang='lat' dir='ltr'><strong>sedibus</strong></span> <span class='ocrx_word' id='word_1_607' title='bbox 1123 5047 1500 5119; x_wconf 85' lang='lat' dir='ltr'><strong>episcoporum,presbyteri</strong></span> <span class='ocrx_word' id='word_1_608' title='bbox 1513 5063 1530 5102; x_wconf 89' lang='lat' dir='ltr'><strong>a</strong></span> <span class='ocrx_word' id='word_1_609' title='bbox 1543 5049 1576 5102; x_wconf 80' lang='lat' dir='ltr'><strong>te:</strong></span> 
     </span>
     <span class='ocr_line' id='line_1_53' title="bbox 134 5139 1576 5213; baseline -0.001 -15"><span class='ocrx_word' id='word_1_610' title='bbox 134 5142 299 5210; x_wconf 84' lang='lat' dir='ltr'><strong>novissima,</strong></span> <span class='ocrx_word' id='word_1_611' title='bbox 314 5141 342 5197; x_wconf 94' lang='lat' dir='ltr'><strong>iu</strong></span> <span class='ocrx_word' id='word_1_612' title='bbox 358 5157 391 5197; x_wconf 90' lang='lat' dir='ltr'><strong>ca</strong></span> <span class='ocrx_word' id='word_1_613' title='bbox 405 5157 463 5213; x_wconf 92' lang='lat' dir='ltr'><strong>qua</strong></span> <span class='ocrx_word' id='word_1_614' title='bbox 475 5156 551 5197; x_wconf 91' lang='lat' dir='ltr'><strong>nunc</strong></span> <span class='ocrx_word' id='word_1_615' title='bbox 575 5140 697 5196; x_wconf 77' lang='lat' dir='ltr'><strong>vivimus</strong></span> <span class='ocrx_word' id='word_1_616' title='bbox 718 5157 803 5196; x_wconf 90' lang='lat' dir='ltr'><strong>carne</strong></span> <span class='ocrx_word' id='word_1_617' title='bbox 824 5145 852 5195; x_wconf 89' lang='lat' dir='ltr'><strong>et</strong></span> <span class='ocrx_word' id='word_1_618' title='bbox 872 5139 902 5195; x_wconf 88' lang='lat' dir='ltr'><strong>in</strong></span> <span class='ocrx_word' id='word_1_619' title='bbox 919 5158 952 5195; x_wconf 86' lang='lat' dir='ltr'><strong>eu</strong></span> <span class='ocrx_word' id='word_1_620' title='bbox 1002 5141 1097 5208; x_wconf 87' lang='lat' dir='ltr'><strong>deant,</strong></span> <span class='ocrx_word' id='word_1_621' title='bbox 1114 5140 1226 5196; x_wconf 89' lang='lat' dir='ltr'><strong>diaconi</strong></span> <span class='ocrx_word' id='word_1_622' title='bbox 1239 5141 1268 5194; x_wconf 91' lang='lat' dir='ltr'><strong>in</strong></span> <span class='ocrx_word' id='word_1_623' title='bbox 1282 5144 1433 5212; x_wconf 88' lang='lat' dir='ltr'><strong>conspectu</strong></span> <span class='ocrx_word' id='word_1_624' title='bbox 1448 5156 1576 5196; x_wconf 84' lang='lat' dir='ltr'><strong>eorums</strong></span> 
     </span>
     <span class='ocr_line' id='line_1_54' title="bbox 136 5233 1576 5311; baseline -0.001 -18"><span class='ocrx_word' id='word_1_625' title='bbox 136 5252 192 5311; x_wconf 87' lang='lat' dir='ltr'><strong>qua</strong></span> <span class='ocrx_word' id='word_1_626' title='bbox 204 5234 363 5293; x_wconf 83' lang='lat' dir='ltr'><strong>resurrexit</strong></span> <span class='ocrx_word' id='word_1_627' title='bbox 376 5233 454 5290; x_wconf 90' lang='lat' dir='ltr'><strong>idem</strong></span> <span class='ocrx_word' id='word_1_628' title='bbox 476 5233 616 5290; x_wconf 85' lang='lat' dir='ltr'><strong>Dominus</strong></span> <span class='ocrx_word' id='word_1_629' title='bbox 629 5234 723 5289; x_wconf 82' lang='lat' dir='ltr'><strong>torma</strong></span> <span class='ocrx_word' id='word_1_630' title='bbox 740 5234 901 5307; x_wconf 88' lang='lat' dir='ltr'><strong>percepturi</strong></span> <span class='ocrx_word' id='word_1_631' title='bbox 915 5235 951 5289; x_wconf 90' lang='lat' dir='ltr'><strong>ab</strong></span> <span class='ocrx_word' id='word_1_632' title='bbox 1003 5234 1169 5307; x_wconf 83' lang='lat' dir='ltr'><strong>gradiantur</strong></span> <span class='ocrx_word' id='word_1_633' title='bbox 1193 5234 1277 5302; x_wconf 89' lang='lat' dir='ltr'><strong>laici,</strong></span> <span class='ocrx_word' id='word_1_634' title='bbox 1307 5234 1356 5307; x_wconf 94' lang='lat' dir='ltr'><strong>qui</strong></span> <span class='ocrx_word' id='word_1_635' title='bbox 1386 5233 1514 5290; x_wconf 90' lang='lat' dir='ltr'><strong>electioni</strong></span> <span class='ocrx_word' id='word_1_636' title='bbox 1545 5250 1576 5291; x_wconf 92' lang='lat' dir='ltr'><strong>co</strong></span> 
     </span>
     <span class='ocr_line' id='line_1_55' title="bbox 134 5326 1576 5403; baseline -0.003 -16"><span class='ocrx_word' id='word_1_637' title='bbox 134 5332 209 5403; x_wconf 90' lang='lat' dir='ltr'><strong>ipso,</strong></span> <span class='ocrx_word' id='word_1_638' title='bbox 224 5329 274 5387; x_wconf 91' lang='lat' dir='ltr'><strong>atii</strong></span> <span class='ocrx_word' id='word_1_639' title='bbox 287 5345 340 5403; x_wconf 90' lang='lat' dir='ltr'><strong>pro</strong></span> <span class='ocrx_word' id='word_1_640' title='bbox 363 5327 482 5401; x_wconf 80' lang='lat' dir='ltr'><strong>justitiae</strong></span> <span class='ocrx_word' id='word_1_641' title='bbox 506 5326 616 5384; x_wconf 90' lang='lat' dir='ltr'><strong>meritis</strong></span> <span class='ocrx_word' id='word_1_642' title='bbox 630 5327 716 5385; x_wconf 83' lang='lat' dir='ltr'><strong>vitam</strong></span> <span class='ocrx_word' id='word_1_643' title='bbox 743 5332 890 5395; x_wconf 75' lang='lat' dir='ltr'><strong>aternam,</strong></span> <span class='ocrx_word' id='word_1_644' title='bbox 904 5326 951 5382; x_wconf 85' lang='lat' dir='ltr'><strong>atii</strong></span> <span class='ocrx_word' id='word_1_645' title='bbox 1001 5329 1177 5383; x_wconf 87' lang='lat' dir='ltr'><strong>meruerunt.</strong></span> <span class='ocrx_word' id='word_1_646' title='bbox 1200 5329 1277 5383; x_wconf 89' lang='lat' dir='ltr'><strong>Tunc</strong></span> <span class='ocrx_word' id='word_1_647' title='bbox 1291 5344 1407 5399; x_wconf 91' lang='lat' dir='ltr'><strong>quoque</strong></span> <span class='ocrx_word' id='word_1_648' title='bbox 1430 5333 1459 5383; x_wconf 88' lang='lat' dir='ltr'><strong>at</strong></span> <span class='ocrx_word' id='word_1_649' title='bbox 1479 5328 1576 5384; x_wconf 85' lang='lat' dir='ltr'><strong>notari</strong></span> 
     </span>
     <span class='ocr_line' id='line_1_56' title="bbox 133 5421 1576 5498; baseline -0.002 -17"><span class='ocrx_word' id='word_1_650' title='bbox 133 5423 322 5498; x_wconf 88' lang='lat' dir='ltr'><strong>propeccatis</strong></span> <span class='ocrx_word' id='word_1_651' title='bbox 342 5421 474 5495; x_wconf 88' lang='lat' dir='ltr'><strong>supplicii</strong></span> <span class='ocrx_word' id='word_1_652' title='bbox 496 5421 596 5477; x_wconf 78' lang='lat' dir='ltr'><strong>aeterni</strong></span> <span class='ocrx_word' id='word_1_653' title='bbox 620 5421 803 5478; x_wconf 89' lang='lat' dir='ltr'><strong>sententiam.</strong></span> <span class='ocrx_word' id='word_1_654' title='bbox 825 5422 888 5475; x_wconf 82' lang='lat' dir='ltr'><strong>ttaeo</strong></span> <span class='ocrx_word' id='word_1_655' title='bbox 910 5423 953 5477; x_wconf 90' lang='lat' dir='ltr'><strong>est</strong></span> <span class='ocrx_word' id='word_1_656' title='bbox 1005 5421 1126 5476; x_wconf 87' lang='lat' dir='ltr'><strong>tandum</strong></span> <span class='ocrx_word' id='word_1_657' title='bbox 1140 5421 1184 5476; x_wconf 83' lang='lat' dir='ltr'><strong>vet</strong></span> <span class='ocrx_word' id='word_1_658' title='bbox 1200 5421 1399 5493; x_wconf 81' lang='lat' dir='ltr'><strong>excipiendum</strong></span> <span class='ocrx_word' id='word_1_659' title='bbox 1412 5422 1482 5478; x_wconf 90' lang='lat' dir='ltr'><strong>ordo</strong></span> <span class='ocrx_word' id='word_1_660' title='bbox 1496 5421 1576 5495; x_wconf 86' lang='lat' dir='ltr'><strong>requi</strong></span> 
     </span>
     <span class='ocr_line' id='line_1_57' title="bbox 135 5514 1576 5587; baseline -0.001 -12"><span class='ocrx_word' id='word_1_661' title='bbox 135 5518 266 5576; x_wconf 79' lang='lat' dir='ltr'><strong>Ecclesia</strong></span> <span class='ocrx_word' id='word_1_662' title='bbox 279 5517 428 5574; x_wconf 78' lang='lat' dir='ltr'><strong>catholicas</strong></span> <span class='ocrx_word' id='word_1_663' title='bbox 440 5515 522 5586; x_wconf 82' lang='lat' dir='ltr'><strong>fides,</strong></span> <span class='ocrx_word' id='word_1_664' title='bbox 539 5515 615 5572; x_wconf 90' lang='lat' dir='ltr'><strong>hanc</strong></span> <span class='ocrx_word' id='word_1_665' title='bbox 633 5515 837 5572; x_wconf 81' lang='lat' dir='ltr'><strong>contessionem</strong></span> <span class='ocrx_word' id='word_1_666' title='bbox 860 5531 953 5570; x_wconf 84' lang='lat' dir='ltr'><strong>serra-</strong></span> <span class='ocrx_word' id='word_1_667' title='bbox 1002 5519 1049 5570; x_wconf 91' lang='lat' dir='ltr'><strong>tur</strong></span> <span class='ocrx_word' id='word_1_668' title='bbox 1059 5515 1168 5586; x_wconf 85' lang='lat' dir='ltr'><strong>januae.</strong></span> <span class='ocrx_word' id='word_1_669' title='bbox 1180 5514 1408 5587; x_wconf 78' lang='lat' dir='ltr'><strong>sedentibusque</strong></span> <span class='ocrx_word' id='word_1_670' title='bbox 1421 5515 1451 5570; x_wconf 92' lang='lat' dir='ltr'><strong>in</strong></span> <span class='ocrx_word' id='word_1_671' title='bbox 1460 5515 1576 5573; x_wconf 87' lang='lat' dir='ltr'><strong>dinturn</strong></span> 
     </span>
     <span class='ocr_line' id='line_1_58' title="bbox 135 5608 1576 5686; baseline -0.003 -18"><span class='ocrx_word' id='word_1_672' title='bbox 135 5629 200 5668; x_wconf 91' lang='lat' dir='ltr'><strong>mus</strong></span> <span class='ocrx_word' id='word_1_673' title='bbox 214 5616 301 5686; x_wconf 90' lang='lat' dir='ltr'><strong>atque</strong></span> <span class='ocrx_word' id='word_1_674' title='bbox 316 5617 447 5669; x_wconf 88' lang='lat' dir='ltr'><strong>tenemus</strong></span> <span class='ocrx_word' id='word_1_675' title='bbox 459 5626 545 5685; x_wconf 84' lang='lat' dir='ltr'><strong>quam</strong></span> <span class='ocrx_word' id='word_1_676' title='bbox 554 5610 674 5683; x_wconf 89' lang='lat' dir='ltr'><strong>quisque</strong></span> <span class='ocrx_word' id='word_1_677' title='bbox 689 5608 852 5665; x_wconf 82' lang='lat' dir='ltr'><strong>firmissime</strong></span> <span class='ocrx_word' id='word_1_678' title='bbox 863 5611 953 5664; x_wconf 87' lang='lat' dir='ltr'><strong>custo-</strong></span> <span class='ocrx_word' id='word_1_679' title='bbox 1002 5608 1125 5676; x_wconf 88' lang='lat' dir='ltr'><strong>dotibus,</strong></span> <span class='ocrx_word' id='word_1_680' title='bbox 1141 5610 1170 5663; x_wconf 87' lang='lat' dir='ltr'><strong>et</strong></span> <span class='ocrx_word' id='word_1_681' title='bbox 1191 5611 1363 5664; x_wconf 77' lang='lat' dir='ltr'><strong>certantum</strong></span> <span class='ocrx_word' id='word_1_682' title='bbox 1385 5609 1554 5666; x_wconf 87' lang='lat' dir='ltr'><strong>habentibus</strong></span> <span class='ocrx_word' id='word_1_683' title='bbox 1573 5629 1576 5663; x_wconf 63' lang='lat' dir='ltr'><strong>i</strong></span> 
     </span>
     <span class='ocr_line' id='line_1_59' title="bbox 135 5701 1576 5779; baseline 0.003 -22"><span class='ocrx_word' id='word_1_684' title='bbox 135 5705 220 5761; x_wconf 87' lang='lat' dir='ltr'><strong>dierit</strong></span> <span class='ocrx_word' id='word_1_685' title='bbox 232 5711 401 5779; x_wconf 82' lang='lat' dir='ltr'><strong>perpetuam</strong></span> <span class='ocrx_word' id='word_1_686' title='bbox 414 5705 536 5763; x_wconf 88' lang='lat' dir='ltr'><strong>satutem</strong></span> <span class='ocrx_word' id='word_1_687' title='bbox 551 5703 678 5760; x_wconf 87' lang='lat' dir='ltr'><strong>habebit.</strong></span> <span class='ocrx_word' id='word_1_688' title='bbox 1002 5701 1240 5758; x_wconf 87' lang='lat' dir='ltr'><strong>archidiaconus:</strong></span> <span class='ocrx_word' id='word_1_689' title='bbox 1264 5702 1359 5767; x_wconf 85' lang='lat' dir='ltr'><strong>Orate,</strong></span> <span class='ocrx_word' id='word_1_690' title='bbox 1374 5701 1524 5775; x_wconf 88' lang='lat' dir='ltr'><strong>statimque</strong></span> <span class='ocrx_word' id='word_1_691' title='bbox 1539 5719 1576 5761; x_wconf 90' lang='lat' dir='ltr'><strong>on</strong></span> 
     </span>
    </p>

    <p class='ocr_par' dir='ltr' id='par_1_6' title="bbox 171 5784 1576 5873">
     <span class='ocr_line' id='line_1_60' title="bbox 171 5784 1576 5873; baseline 0.004 -22"><span class='ocrx_word' id='word_1_692' title='bbox 171 5797 201 5853; x_wconf 91' lang='lat' dir='ltr'><strong>tt.</strong></span> <span class='ocrx_word' id='word_1_693' title='bbox 215 5800 280 5857; x_wconf 83' lang='lat' dir='ltr'><strong>Post</strong></span> <span class='ocrx_word' id='word_1_694' title='bbox 297 5805 382 5859; x_wconf 80' lang='lat' dir='ltr'><strong>recta</strong></span> <span class='ocrx_word' id='word_1_695' title='bbox 404 5799 471 5858; x_wconf 84' lang='lat' dir='ltr'><strong>fidei</strong></span> <span class='ocrx_word' id='word_1_696' title='bbox 483 5784 698 5859; x_wconf 81' lang='lat' dir='ltr'><strong>contessionem</strong></span> <span class='ocrx_word' id='word_1_697' title='bbox 716 5813 782 5873; x_wconf 81' lang='lat' dir='ltr'><strong>qua</strong></span> <span class='ocrx_word' id='word_1_698' title='bbox 805 5797 836 5855; x_wconf 92' lang='lat' dir='ltr'><strong>in</strong></span> <span class='ocrx_word' id='word_1_699' title='bbox 856 5800 952 5856; x_wconf 83' lang='lat' dir='ltr'><strong>sancta</strong></span> <span class='ocrx_word' id='word_1_700' title='bbox 1002 5799 1228 5870; x_wconf 88' lang='lat' dir='ltr'><strong>prosternantur,</strong></span> <span class='ocrx_word' id='word_1_701' title='bbox 1244 5799 1273 5853; x_wconf 90' lang='lat' dir='ltr'><strong>ct</strong></span> <span class='ocrx_word' id='word_1_702' title='bbox 1285 5795 1433 5854; x_wconf 85' lang='lat' dir='ltr'><strong>orantibus</strong></span> <span class='ocrx_word' id='word_1_703' title='bbox 1445 5795 1576 5856; x_wconf 83' lang='lat' dir='ltr'><strong>diutiust</strong></span> 
     </span>
    </p>
   </div>
   <div class='ocr_carea' id='block_1_5' title="bbox 0 0 1949 6148">
    <p class='ocr_par' dir='ltr' id='par_1_7' title="bbox 0 0 1949 6148">
     <span class='ocr_line' id='line_1_61' title="bbox 0 0 1949 6148; baseline 0 0"><span class='ocrx_word' id='word_1_704' title='bbox 0 0 1949 6148; x_wconf 95' lang='lat' dir='ltr'><strong> </strong></span> 
     </span>
    </p>
   </div>
  </div>
 </body>
</html>
