3870 6150
120 282 174 337 183
740 273 980 336 hncnututtutt
1000 278 1192 336 cuttectto.
1755 282 1806 341 186

119 390 158 445 113
170 389 332 455 morantur,
344 386 463 442 utnulla
476 402 511 442 ex
523 394 603 459 parte
616 403 669 459 per
680 386 808 459 inopiam
821 386 937 443 1311311-
949 391 1066 475 Α3331,
1092 388 1150 442 3113
1183 387 1218 443 13
1244 389 1331 460 agris,
1355 390 1412 445 sire
1438 389 1474 445 13
1498 390 1559 446 31113
1590 391 1806 465 quibuscunque

121 482 226 536 dentur
248 480 406 536 secundum
426 480 590 552 Apostolum
613 479 756 536 dicentem
776 497 782 536 :
800 503 814 531 u
832 481 939 535 liuben-
989 480 1181 536 ecclesiasticis
1199 481 1299 551 causis,
1315 499 1363 537 eos
1376 482 1490 539 sibimet
1508 501 1655 556 usurpare,
1668 501 1806 559 pauperes

120 579 163 629 tes
184 575 294 629 rictum
317 573 515 645 quotidianum
537 577 566 630 et
588 577 788 646 tegumentum
812 573 940 645 corporis
989 590 1055 629 vcro
1073 573 1240 630 necessitate
1259 578 1289 629 31
1309 576 1430 646 penuria
1452 576 1586 649 opprimi,
1601 581 1687 650 atque
1700 596 1734 635 ex
1751 581 1807 637 hoc

120 668 165 723 his
184 667 312 723 contenti
327 668 416 722 simus
432 669 455 737 (l
469 671 538 724 11111.
554 684 590 735 rr,
604 669 640 739 8).
657 688 670 715 »
689 666 771 732 Quod
789 668 813 722 si
828 667 872 723 his
889 667 940 721 131-
989 667 1050 738 1333
1068 684 1125 722 333
1146 668 1237 723 331331
1261 669 1460 724 ecclesiastice
1472 670 1586 741 rationi,
1600 688 1701 728 rerum
1721 673 1806 730 etiam

121 761 197 816 nime
211 764 364 817 contentus
376 764 461 832 atque
475 761 617 816 suiticiens
636 760 789 815 transierat
802 760 831 815 in
847 775 942 816 neces-
990 760 1235 832 dispensatoribus
1251 762 1313 834 ejus
1332 761 1483 818 maledicta
1501 764 1685 836 reprehensio
1706 783 1809 839 augea·

121 855 217 908 situlos
230 853 436 909 ecclesiasticas
450 870 496 910 res
509 854 716 910 velcommoda
736 853 872 926 quelibet
893 869 939 908 cc·
989 857 1046 909 tur.
1070 855 1151 910 Hunc
1175 854 1253 910 enim
1277 855 1482 911 correctionem
1504 859 1616 928 oportet
1639 860 1753 928 mereri,
1778 861 1807 917 11

122 947 226 1017 clesie,
246 950 297 1001 aut
317 963 452 1019 agrorum
475 947 727 1002 ecclesiasticorum
748 946 858 1002 fructus
880 945 941 1001 siue
990 962 1105 1019 quoque
1120 946 1258 1004 condecet
1275 951 1372 1003 sancta
1387 949 1496 1020 synodo
1509 956 1706 1022 cognoscente.
1719 954 1806 1009 Ense·

121 1040 297 1095 couscientia
316 1040 546 1113 presbyterorum
568 1041 644 1113 apud
657 1056 687 1095 33
712 1039 833 1111 redigat,
850 1048 879 1095 31
890 1039 939 1094 do·
990 1038 1055 1094 hius
1067 1039 1200 1095 omnihus
1214 1056 1279 1113 que
1293 1040 1445 1097 constituta
1462 1045 1530 1097 sunl
1545 1060 1669 1115 presens
1685 1046 1806 1118 scripsit.

123 1133 247 1188 mesticis
264 1134 323 1188 suis
339 1133 383 1188 rel
403 1132 489 1189 etiam
506 1133 639 1189 affinibus
660 1136 711 1189 aut
733 1132 877 1203 iratribus,
891 1136 943 1188 aut
990 1131 1165 1201 Theodorus,
1195 1133 1301 1201 Niceta,
1329 1133 1520 1204 Macedonica,
1550 1137 1707 1209 Anatolius,
1735 1139 1808 1194 liar-

122 1227 182 1282 liliis
194 1243 403 1283 earumrerum
418 1227 525 1282 tribuat
537 1231 719 1299 potestatem,
730 1231 763 1281 ut
774 1242 826 1299 per
841 1241 941 1282 eorum
989 1223 1197 1298 codunanetus,
1215 1226 1356 1296 1113311113,
1375 1227 1529 1299 Narcissus,
1551 1229 1728 1300 Eustachlus,
1747 1232 1807 1287 Esi-

123 1324 261 1376 secretam
284 1319 464 1391 diligentiam
489 1319 666 1375 ecclesiastici
693 1318 758 1374 laedi
779 1318 941 1389 rideantur,
990 1318 1081 1390 chius,
1099 1319 1243 1389 1131113133,
1257 1319 1371 1388 Paulus,
1386 1322 1414 1375 et
1431 1321 1536 1391 ceteri,
1552 1338 1675 1394 quornm
1690 1323 1809 1380 nomina

123 1417 234 1470 reatum
240 1413 319 1468 hanc
327 1413 376 1484 qui
386 1412 549 1484 hujusmodi
557 1417 600 1467 est
607 1412 683 1484 apud
691 1411 942 1483 metropolitanum
991 1412 1021 1467 in
1034 1412 1130 1468 Greco
1141 1413 1204 1484 jam
1218 1413 1347 1485 superius
1360 1413 1552 1486 continentur,
1564 1420 1768 1473 consenserunt
1781 1423 1809 1473 et

123 1506 277 1579 prouinciae
298 1510 433 1578 prestare
457 1505 580 1575 debebit,
597 1506 673 1577 quod
692 1505 715 1561 si
736 1505 830 1562 taliter
848 1521 943 1578 repre·
992 1505 1231 1578 subscripserunt.

124 1601 267 1656 hendatnr
279 1599 439 1672 episcopus,
454 1599 499 1655 vel
514 1597 545 1654 bi
563 1598 614 1672 qni
629 1615 695 1653 cum
710 1599 770 1670 ipso
789 1603 856 1654 sunt
881 1613 943 1671 pre
1135 1598 1255 1672 Explicit
1266 1599 1419 1656 concilium
1428 1601 1647 1660 Antiochenam.

124 1694 228 1766 shyteri
246 1710 304 1766 quo
324 1693 454 1748 11333131
467 1693 528 1749 heo
545 1707 610 1765 que
631 1691 668 1747 ad
689 1692 837 1747 ecclesiam
851 1691 941 1765 perti·

546 1928 746 1996 lNClPlUN'l'
768 1928 966 1996 CAPl'l'ULA
987 1929 1152 1996 cottctttt
1175 1928 1396 1995 LAUlllCENl.

160 2066 186 2119 1.
207 2065 248 2121 33
259 2065 394 2139 bigamis.
952 2080 982 2154 B
1029 2068 1073 2124 33.
1093 2066 1168 2122 Nulli
1181 2065 1342 2123 Christiano
1357 2066 1442 2123 licere
1465 2082 1530 2122 cum
1546 2065 1714 2124 mulieribus
1731 2067 1809 2124 lava·

159 2161 187 2214 1.
206 2160 246 2214 33
263 2159 308 2214 his
319 2159 369 2233 qui
386 2160 565 2218 diversorum
584 2166 764 2234 peccatorum
782 2161 942 2235 133333111-
993 2176 1041 2217 cra
1054 2176 1213 2216 excercere.

132 2258 253 2308 curmnt.
1028 2257 1072 2311 31.
1093 2256 1131 2309 33
1146 2253 1277 2309 carendis
1291 2254 1494 2311 hereticorum
1509 2253 1669 2310 connubiis.

162 2350 187 2402 3.
208 2348 247 2402 33
258 2347 403 2418 neophitis
417 2364 475 2402 non
488 2349 687 2421 promerendis
697 2346 733 2405 ed
743 2349 943 2406 sacerdotium.
1028 2350 1072 2403 31.
1092 2347 1155 2402 lton
1168 2347 1254 2403 licere
1267 2347 1304 2402 33
1317 2346 1460 2403 hereticis
1474 2347 1599 2419 eulogias
1609 2347 1747 2419 accipere.

161 2440 189 2496 1.
208 2440 269 2495 1133
283 2440 380 2497 licebit
400 2456 495 2496 coram
518 2442 729 2498 catechumenis
742 2442 859 2498 clericos
871 2442 943 2498 fleri.
1029 2443 1072 2497 33.
1092 2441 1153 2496 Non
1171 2440 1275 2496 133313
1294 2457 1360 2495 cum
1378 2440 1531 2510 hereticis,
1554 2443 1605 2495 aut
1628 2440 1813 2496 schismaticis

163 2536 189 2589 5.
204 2534 266 2589 1133
275 2533 361 2589 113313
371 2533 479 2590 31311313
488 2551 605 2591 usuram
613 2536 657 2591 rel
667 2536 799 2608 sexcupla
807 2535 943 2609 accipere.
995 2550 1086 2590 orare.

163 2629 189 2682 6.
209 2627 390 2683 Ι133133313
409 2628 556 2684 hereticos
573 2629 603 2685 in
619 2629 723 2685 heresi
746 2635 946 2702 permanentes
1031 2630 1075 2683 31.
1093 2628 1155 2684 1133
1170 2627 1305 2683 33131313
1326 2627 1362 2682 31
1376 2626 1460 2681 131333
1474 2630 1624 2698 martyres.

135 2717 158 2775 in
171 2720 319 2776 ecclesiam
338 2720 462 2795 ingredi.
1029 2723 1073 2777 33.
1094 2722 1156 2777 1133
1180 2722 1265 2776 113313
1284 2720 1458 2777 Christianos
1480 2720 1616 2776 derelicta
1642 2719 1760 2777 ccclesia
1775 2722 1813 2778 ad

162 2819 188 2869 7.
208 2814 250 2869 33
263 2816 425 2871 Novatianis
437 2819 466 2871 et
479 2816 752 2881 Quartodecimums.
994 2816 1165 2886 angulorum
1178 2814 1417 2887 congregationes
1429 2814 1534 2885 colligi.

163 2911 189 2964 8.
210 2909 251 2962 33
266 2909 452 2981 cataphrygis
467 2909 505 2965 ad
517 2909 671 2966 Ecclesiam
683 2910 873 2966 vementibus.
1030 2911 1074 2964 33.
1095 2909 1155 2963 Non
1178 2907 1264 2964 licere
1290 2907 1416 2977 clericos,
1434 2924 1542 2979 magos,
1563 2908 1608 2963 vel
1627 2907 1816 2964 incantatores

163 3003 189 3056 9.
209 3003 274 3056 Non
284 3000 390 3058 debere
406 3002 571 3072 catholicos,
584 3002 614 3059 in
624 3020 656 3058 ea
671 3019 736 3076 que
748 3005 886 3077 martyria
895 3020 947 3060 sua
995 3017 1065 3070 esse,
1078 3004 1128 3057 aut
1140 3000 1313 3074 phylacteria
1324 3001 1429 3056 facere.

129 3092 254 3150 heretici
267 3094 375 3163 dicunt,
388 3095 508 3153 intrare.
1031 3098 1075 3151 37.
1095 3095 1157 3149 1133
1176 3093 1262 3150 113313
1285 3093 1320 3150 ab
1342 3093 1484 3150 hereticis
1498 3095 1543 3150 rel
1560 3095 1667 3151 Iudeis
1688 3095 1816 3151 feriatica
1846 3077 1853 3087 ’

164 3192 208 3245 13.
228 3189 291 3244 1133
313 3189 416 3246 133313
434 3190 602 3246 331113Ιί3311
622 3190 824 3248 hereticorum
844 3191 944 3248 matri·
996 3204 1062 3261 qne
1076 3187 1232 3244 mittuntur
1244 3187 1381 3260 accipere.

126 3279 225 3339 monio
239 3281 348 3338 sociari.
1032 3285 1077 3339 33.
1097 3282 1159 3337 1133
1177 3281 1262 3337 113313
1277 3297 1294 3337 3
1307 3280 1413 3337 iudeis
1431 3297 1543 3354 azymas
1555 3281 1692 3354 accipere.

164 3380 207 3434 tl.
228 3376 268 3431 33
280 3376 492 3433 catechumenis
505 3377 646 3435 Ecclesiae.
1032 3378 1077 3432 33.
1097 3377 1160 3431 Non
1176 3375 1260 3430 licere
1272 3391 1339 3430 cum
1353 3374 1473 3448 paganis
1485 3375 1558 3431 13313
1573 3375 1725 3431 331331313.

164 3474 208 3526 11.
229 3470 269 3525 33
283 3469 450 3526 ordinandis
465 3471 604 3545 episcopis
616 3488 683 3529 cum
701 3472 820 3530 concilio
840 3450 985 3530 metro-C
1035 3471 1079 3525 to.
1100 3469 1250 3541 Episcopcs
1272 3469 1308 3524 31
1337 3468 1480 3540 synodum
1501 3470 1613 3524 vocatos
1626 3483 1692 3525 non
1715 3466 1817 3525 133313

127 3563 246 3636 polliani
259 3564 288 3618 31
300 3562 491 3620 finitimorum
506 3565 717 3639 episcopomm.
998 3565 1193 3619 contemnere.
1384 3632 1390 3639 ·

167 3661 209 3714 13.
229 3658 293 3714 1133
307 3657 393 3714 113313
408 3659 514 3732 333313
528 3659 673 3716 3113131133
685 3659 782 3716 altaris
795 3659 913 3733 eligere.
1034 3657 1079 3712 11.
1099 3656 1160 3710 1133
1175 3654 1277 3711 133313
1288 3652 1422 3710 clericum
1435 3654 1592 3711 vellaicum
1604 3654 1666 3712 sine
1681 3654 1819 3728 episcopis

169 3752 211 3808 11.
231 3751 348 3808 Sanctae
363 3752 519 3810 oblationes
538 3770 589 3826 pro
609 3754 730 3827 eulogiis
750 3754 780 3810 in
800 3753 951 3811 festivitate
1000 3748 1189 3823 peregrinari.

137 3845 256 3901 Paschali
268 3846 305 3902 31
317 3846 387 3902 31133
399 3848 549 3919 parochias
562 3864 621 3904 non
635 3848 739 3906 dehere
748 3846 914 3905 transmitti.
1034 3844 1080 3899 11.
1099 3841 1215 3898 Nullum
1228 3838 1363 3897 clericum
1377 3839 1482 3896 133313
1496 3835 1558 3895 3133
1573 3838 1695 3913 episcopi
1708 3838 1753 3896 sui
1760 3840 1820 3913 jus·

172 3942 211 3996 15.
232 3938 448 4012 3333311313113.
1001 3933 1442 4008 sicnepercgrinarietsignnm
1457 3933 1609 4008 suscipere.

173 4035 213 4089 to.
233 4034 269 4089 Ut
284 4036 417 4089 sanctum
429 4034 615 4108 Evangelium
630 4034 762 4092 sabbatis
776 4034 896 4109 legatur.
1036 4032 1080 4087 13.
1100 4029 1240 4086 1113131133
1254 4043 1313 4084 333
1328 4028 1432 4085 133313
1446 4027 1481 4083 33
1496 4027 1594 4084 hostiis
1607 4027 1750 4084 recedere.

173 4130 212 4183 l't.
232 4128 358 4194 Psalmcs
372 4129 491 4201 sparsim
505 4145 562 4185 non
572 4128 658 4185 licere
667 4129 813 4187 conlundi.
1037 4125 1080 4181 11.
1100 4122 1163 4179 Nou
1179 4125 1293 4195 oportet
1306 4138 1360 4194 per
1372 4122 1444 4178 duas
1460 4121 1635 4193 septimanas
1656 4119 1821 4192 03311333-

173 4224 213 4277 18.
234 4221 465 4278 3331311331333
476 4219 660 4296 quotidianis.
1002 4218 1083 4274 sime
1097 4217 1222 4291 aliquem
1236 4216 1272 4272 31
1284 4215 1459 4289 baptismum
1475 4216 1630 4288 suscipere.

173 4316 214 4371 13.
234 4316 275 4372 33
288 4314 388 4372 ordine
403 4317 568 4373 orationum
583 4317 853 4374 catechumenorum
867 4320 953 4390 atque
1038 4313 1082 4368 te.
1103 4313 1164 4367 1133
1178 4309 1283 4366 133313
1296 4308 1450 4365 1331131313
1465 4308 1577 4381 ingredi
1589 4308 1627 4365 ad
1639 4309 1738 4365 311313.

147 4400 263 4464 fidelium
276 4412 305 4464 et
316 4409 530 4467 communione.
1039 4406 1084 4461 13.
1105 4403 1290 4476 baptizandos
1302 4402 1407 4459 debere
1420 4398 1584 4475 symbolum
1594 4397 1663 4458 fidei
1676 4405 1704 4459 et
1716 4397 1823 4457 discere

171 4506 215 4563 13.
236 4504 274 4560 33
287 4502 435 4576 disciplina
446 4508 531 4577 atque
542 4501 671 4561 molestia
684 4504 863 4560 clericorum.
1005 4505 1033 4557 et
1047 4498 1179 4556 reddere.

170 4601 216 4653 11.
236 4598 276 4653 33
289 4596 450 4653 ministerio
469 4599 720 4655 subdiaconorum.
1039 4593 1085 4648 17.
1105 4592 1144 4647 113
1156 4589 1201 4646 1113
1213 4589 1263 4664 qui
1281 4588 1312 4646 in
1327 4583 1498 4662 egritudine
1511 4585 1702 4660 baptizantur.

168 4693 215 4747 11.
237 4691 277 4746 33
294 4691 444 4763 ministris,
459 4697 490 4749 ut
504 4693 598 4748 orario
612 4708 669 4747 non
687 4693 814 4748 3133131.
1040 4686 1085 4742 13.
1106 4685 1180 4751 Quia
1194 4687 1260 4756 post
1270 4682 1447 4756 baptismum
1461 4681 1678 4738 chrismandum
1692 4684 1745 4739 331.

170 4789 217 4842 13.
238 4784 380 4850 Quoniam
394 4802 452 4841 nou
469 4788 582 4858 oportet
600 4786 719 4841 lectores
736 4785 781 4840 vel
795 4784 955 4859 psalmistas
967 4820 997 4893 D
1042 4782 1087 4836 13.
1109 4781 1139 4835 13
1150 4776 1375 4850 Quadmgesima
1385 4772 1506 4832 Sabbata
1516 4778 1629 4832 tantum
1639 4779 1668 4832 ct
1679 4775 1826 4833 Dominica

137 4879 232 4936 013113
246 4878 289 4934 311
307 4884 336 4935 31
351 4874 390 4934 313
402 4877 511 4952 legere.
1009 4869 1191 4931 offerendum
1206 4875 1259 4927 331.
1898 4885 1903 4891 ·

171 4974 219 5029 ut.
238 4973 278 5028 33
296 4973 447 5030 1311311333
472 4979 500 5030 31
517 4973 684 5047 psalmistis,
699 4975 733 5030 31
749 4974 879 5031 13331333
900 4986 959 5030 uon
1044 4964 1089 5025 eo.
1108 4968 1171 5023 Non
1183 4965 1269 5022 licere
1278 4962 1409 5037 quintam
1418 4954 1521 5020 leriam
1531 4963 1700 5036 septimane
1708 4960 1826 5036 majoris

136 5058 260 5123 intrent.
1005 5060 1203 5137 jejuuilsolti.

172 5165 222 5218 15.
242 5160 405 5218 1133113313
417 5159 556 5219 ministris
568 5177 674 5236 panem
689 5158 768 5234 dare,
782 5161 833 5219 331
841 5159 959 5221 calicem
1045 5162 1089 5216 tlt.
1110 5159 1172 5215 Non
1186 5150 1290 5213 dehere
1303 5154 1332 5211 in
1346 5142 1570 5226 Ouadmgesima
1590 5147 1645 5210 nlsi
1663 5147 1785 5211 Sabbata
1798 5156 1827 5212 31

135 5246 323 5311 3333113313.
1010 5251 1160 5310 331313133
1171 5250 1297 5307 natalitia
1309 5251 1470 5321 martyrum
1483 5247 1638 5304 celebrare.

174 5352 222 5404 13.
243 5348 283 5404 33
295 5348 452 5404 exorcistis.
1048 5349 1092 5403 111.
1112 5345 1175 5400 Non
1187 5343 1273 5398 licere
1289 5341 1403 5414 nuptias
1413 5341 1474 5397 fleri
1486 5340 1516 5396 in
1530 5339 1762 5411 Quadragesima.

174 5446 223 5498 17.
243 5440 306 5497 Non
324 5443 428 5499 debere
450 5440 567 5501 clericos
592 5443 650 5500 3113
672 5443 759 5501 131333
782 5444 819 5501 ad
840 5459 961 5518 agapem
1046 5442 1090 5495 aa.
1110 5437 1172 5492 Non
1184 5436 1270 5492 licere
1286 5434 1461 5492 Christianos
1474 5433 1510 5490 31
1522 5433 1638 5505 3331133
1650 5435 1749 5489 333133
1763 5449 1829 5489 cau·

137 5538 256 5592 rocetos
270 5541 367 5608 partes
381 5536 494 5594 tollere.
1012 5536 1073 5588 1313
1086 5535 1136 5588 331
1149 5530 1256 5586 331313.

175 5632 223 5687 18.
244 5630 306 5686 1133
323 5631 409 5687 licere
421 5632 452 5686 in
468 5632 591 5689 ecclesiis
611 5630 756 5689 accubitus
777 5634 904 5688 sternere
918 5626 963 5684 vel
1047 5626 1093 5682 31.
1112 5624 1271 5680 1133113313
1289 5621 1436 5679 1311131133
1448 5620 1544 5677 allans
1556 5622 1599 5678 rel
1612 5625 1729 5678 ceteros
1742 5638 1826 5696 qnos·

140 5739 266 5799 agapem
280 5724 386 5782 lacere.
1011 5718 1083 5775 11331
1094 5715 1259 5791 spectaculis
1272 5732 1338 5789 que
1349 5716 1379 5772 in
1394 5715 1511 5789 nuptiis,
1526 5717 1577 5770 aut
1593 5714 1624 5773 iu
1647 5715 1740 5773 scenis
1753 5715 1833 5774 exhi-

179 5821 228 5878 13.
248 5819 310 5876 1133
324 5819 428 5877 debere
442 5819 616 5879 Christianos
628 5819 810 5878 sabbatizare.
1013 5811 1286 5874 terminasses.
