3870 6150
108 261 159 314 >59
570 254 712 310 hPPEND.
731 250 775 310 ab
794 252 874 311 SAEC.
895 254 938 309 lll.
953 283 987 293 -
1006 250 1131 309 tstooru
1149 250 1362 309 MERCATORlS
1771 258 1804 314 bb

122 367 213 422 multa
226 365 314 421 verba
328 364 359 420 in
372 362 524 435 scripturis
538 361 715 436 divinisque
730 368 849 435 possunt
863 363 939 419 trahi
949 377 1051 451 Apus,
1063 363 1177 420 senibus
1189 365 1286 417 autem
1294 363 1355 434 jam
1370 376 1424 416 nec
1437 360 1578 417 incertum
1588 363 1641 431 est,
1655 362 1805 418 nonenim

124 460 240 516 adeum
255 473 369 514 sensum
381 472 467 530 quern
482 456 535 511 sibi
548 456 743 529 unusquisque
756 460 856 529 sponte
868 473 940 529 prae·
990 456 1135 512 dubitatur
1145 457 1215 527 quin
1227 459 1478 528 quantumcunque
1491 457 1534 510 est
1547 454 1623 527 quod
1636 457 1755 527 putatur
1763 472 1807 511 su-

123 552 253 625 sumpsit,
274 550 323 606 sed
342 549 404 606 fieri
424 566 482 605 non
499 554 610 621 oportet
627 568 635 605 z
651 566 708 605 non
729 549 807 604 enim
827 566 942 606 sensum
989 565 1103 621 peresse
1117 549 1202 605 breve
1218 549 1262 604 sit.
1276 551 1310 606 Et
1328 549 1393 605 ideo
1409 552 1469 604 tam
1483 547 1603 618 juvenes
1618 563 1707 620 quam
1726 563 1806 605 senes

123 662 210 720 quem
234 644 404 700 extrinsecus
430 643 612 712 adulteratis,
636 643 765 699 alienum
791 647 819 699 et
848 647 941 698 extra·
990 645 1103 715 oportet
1126 642 1162 698 de
1185 642 1369 699 conversione
1393 646 1421 696 et
1447 639 1614 712 poenitentia
1639 640 1720 696 valde
1746 657 1806 697 esse

123 755 212 795 neum
225 737 333 794 debetis
345 753 487 808 quaerere,
501 741 552 793 aut
564 736 707 809 quomodo
720 736 814 808 ipsum
829 752 861 792 ex
873 736 943 793 Scri·
990 735 1133 805 sollicitos,
1145 739 1175 792 et
1187 736 1255 793 satis
1264 751 1350 808 agere
1359 738 1393 790 ut
1402 735 1436 790 de
1448 733 1557 807 reliquo
1568 739 1673 790 ornent
1681 733 1807 790 animam

124 831 272 905 pturarum
286 830 452 886 auctoritate
465 828 655 899 confirmetis,
670 830 720 885 sed
736 846 769 885 ex
786 829 853 901 ipsis
866 829 940 886 Scri·
990 845 1073 885 suam
1087 829 1261 886 ornamentis
1273 827 1457 902 dignissimis,
1466 827 1496 883 id
1509 831 1552 883 est
1562 827 1748 899 dogmatibus
1760 843 1805 882 ve·

123 926 216 999 pturis
226 939 341 981 sensum
354 938 455 995 capere
467 923 603 979 veritatis.
615 925 649 979 Et
659 922 724 979 ideo
737 927 849 996 oportet
860 923 941 979 abeo
991 922 1091 990 nitatis,
1103 921 1205 979 decore
1215 921 1371 995 pudicitior,
1386 920 1536 995 splendore
1544 920 1672 992 justitiae,
1685 921 1807 977 candore

124 1016 348 1090 intelligentiam
360 1015 468 1072 discere
482 1016 692 1088 scripturarum
706 1016 757 1087 qui
771 1032 835 1071 eam
850 1032 940 1072 ame·
989 1015 1115 1088 pietatis,
1134 1016 1254 1089 aliisquo
1275 1015 1416 1087 omuibus,
1440 1015 1543 1087 quibus
1563 1017 1706 1086 comptam
1727 1014 1808 1071 decet

121 1111 232 1184 joribns
255 1110 413 1166 secundnm
437 1109 586 1164 veritatem
610 1108 663 1164 sibi
684 1109 818 1164 traditam
840 1113 940 1179 servat,
991 1116 1051 1165 esse
1060 1107 1258 1165 rationabilem
1273 1113 1411 1164 mentem.
1427 1108 1516 1178 Unde,
1533 1107 1683 1163 consilium
1696 1106 1806 1179 dantes,

125 1210 158 1260 ut
172 1208 201 1258 et
216 1203 278 1275 ipse
291 1202 378 1275 possit
391 1218 424 1258 ea
439 1218 504 1274 qnae
516 1206 591 1257 recte
610 1201 734 1274 suscepit
746 1204 943 1274 competenter
989 1206 1113 1258 vestram
1126 1202 1262 1274 pudicam
1274 1201 1455 1273 prudentiam
1466 1200 1626 1270 hortamur,
1644 1203 1675 1256 ut
1689 1200 1724 1256 ab
1740 1216 1806 1273 epo·

125 1312 261 1352 asserere.
288 1298 361 1358 Cum
385 1294 463 1350 enim
490 1311 525 1349 ex
554 1294 657 1350 divinis
686 1293 837 1366 scripturis
867 1293 940 1349 inte·
991 1295 1095 1351 stolicis
1109 1295 1218 1368 regulis
1230 1311 1287 1350 non
1304 1294 1451 1362 recedatis,
1465 1293 1514 1349 sed
1527 1309 1711 1349 communem
1721 1293 1806 1349 vitam

16 1420 27 1430 =
127 1405 208 1461 gram
224 1389 289 1461 quis
308 1393 336 1444 et
356 1388 470 1443 firmam
488 1387 621 1459 regulam
637 1387 762 1443 veritatis
777 1387 942 1459 susceperit,
990 1388 1126 1444 ducentes
1149 1392 1179 1443 et
1197 1388 1356 1460 Scripturas
1376 1390 1487 1442 sanctas
1509 1386 1720 1458 intelligentes,
1744 1402 1807 1459 quae

127 1482 283 1538 absurdum
296 1481 437 1548 nouerit,
457 1480 480 1535 si
500 1479 607 1551 aliquid
625 1479 711 1535 etiam
731 1495 767 1535 ex
784 1479 943 1536 eruditione
992 1480 1112 1536 Domino
1130 1481 1254 1550 vovistis,
1273 1481 1430 1553 adimplere
1449 1480 1594 1551 satagatis.
1614 1481 1725 1553 Etcum
1746 1495 1806 1534 ora·

124 1575 269 1630 communi
280 1591 312 1629 ac
324 1573 488 1629 liberalibus
500 1573 601 1628 studiis
613 1588 677 1644 quae
689 1571 762 1628 forte
775 1571 806 1627 in
820 1573 944 1644 pueritia
991 1573 1069 1629 hone
1087 1574 1199 1630 assidua
1215 1573 1343 1630 obtinere
1359 1573 1530 1643 merueritis,
1548 1577 1626 1642 tunc,
1643 1573 1705 1628 sine
1721 1572 1809 1645 suspi-

127 1667 231 1739 attigit,
252 1667 288 1723 ed
308 1666 493 1723 assertionem
511 1666 573 1721 reri
592 1666 733 1738 dogmatis
749 1665 888 1736 conterat,
904 1666 945 1722 ita
993 1665 1074 1723 cione
1092 1667 1162 1722 mali
1178 1666 1321 1734 interitus,
1339 1669 1403 1722 vota
1420 1665 1530 1738 possint
1543 1665 1679 1722 celebrari
1698 1665 1807 1722 lestira

127 1765 224 1817 tamen
245 1764 278 1817 nt
294 1760 344 1816 ubi
363 1775 431 1816 vera
449 1758 557 1829 didicit,
573 1759 643 1814 falsa
660 1763 689 1815 et
706 1758 837 1814 simulata
856 1759 942 1816 decli·
953 1740 982 1813 Β
993 1760 1067 1817 Dens
1081 1763 1177 1817 autern
1191 1759 1270 1833 pacis
1283 1760 1321 1816 sit
1333 1775 1399 1816 cum
1413 1752 1545 1816 omnibns
1558 1759 1646 1816 vobis.
1659 1761 1761 1816 Amen.

129 1857 189 1909 net.
205 1855 347 1910 Incertum
366 1858 410 1910 est
427 1852 505 1909 enirn
521 1851 607 1909 etiam
620 1852 773 1924 juvenibus
786 1852 850 1908 vitae
869 1855 943 1909 tem·
1594 1871 1596 1875 ·

369 2181 685 2278 INCIPIUNT
723 2182 1005 2279 DECRETA
1041 2182 1345 2280 ANACLETI
1389 2183 1590 2284 PAPAE.

130 2351 178 2416 De
200 2349 405 2434 oppressione
426 2352 661 2435 episcoporum,
678 2360 709 2417 et
727 2353 767 2418 de
786 2356 991 2419 accusatione
1011 2356 1247 2499 episcoporum,
1263 2361 1294 2420 et
1314 2356 1353 2420 de
1373 2355 1577 2420 ordinatione
1594 2355 1811 2438 archiepisco·

400 2449 536 2514 porum,
552 2432 636 2497 etde
650 2435 850 2516 primatibus
864 2443 896 2499 et
909 2435 949 2500 de
960 2437 1108 2518 patriorc
1133 2437 1160 2499 is
1178 2453 1355 2519 eorumque
1369 2436 1538 2500 ministris.

562 2568 620 2632 (llic
635 2569 685 2622 tuit
696 2583 765 2622 anno
778 2570 872 2623 Christi
885 2574 941 2635 rot,
953 2574 1072 2637 tempore
1084 2570 1185 2636 ‘trajani
1199 2571 1381 2636 imperatoris.)

166 2874 333 2941 Anscmrrs,
353 2888 450 2929 servus
464 2873 568 2930 Christi
583 2875 660 2944 iesu,
679 2875 795 2932 insede
814 2877 944 2946 apostoli·
995 2875 1111 2946 vidistis,
1132 2875 1266 2949 quonism
1284 2873 1443 2930 misericors
1462 2876 1491 2928 et
1509 2872 1660 2927 miserator
1673 2870 1812 2927 Dominus

131 2981 164 3018 ca
185 2964 306 3020 Domino
324 2966 458 3036 serviens,
473 2968 612 3040 episcopis
629 2967 773 3036 omnibus,
790 2971 818 3023 et
837 2969 947 3024 caeoeris
996 2972 1040 3024 est
1052 2965 1142 3039 (leid,
1160 2969 1259 3040 tort).
1270 2989 1284 3019 o
1298 2966 1504 3022 Tribulationes
1520 2970 1626 3022 restrae
1638 2964 1811 3030 audivimus,

131 3058 239 3112 cunctis
258 3058 388 3114 fidelibus
410 3060 461 3131 qui
484 3060 660 3133 coaequalem
684 3060 833 3117 nobiscum
858 3060 947 3116 sortiti
995 3061 1106 3132 iratres,
1117 3065 1176 3116 tam
1186 3076 1238 3133 per
1247 3062 1359 3115 nostros
1371 3075 1456 3132 quam
1468 3061 1496 3114 et
1509 3075 1562 3129 par
1571 3057 1692 3113 aliomm
1704 3057 1813 3128 apocri·

131 3155 198 3205 sunt
219 3150 315 3221 fidem,
338 3152 429 3223 gratia
448 3153 525 3208 vobis
547 3157 576 3210 et
595 3170 660 3226 pax,
683 3157 770 3226 atquo
792 3153 947 3210 consolatio
997 3153 1095 3222 serios,
1110 3169 1195 3225 super
1206 3153 1310 3226 quibus
1323 3151 1405 3206 valde
1423 3151 1563 3219 dolemus,
1577 3150 1712 3222 vobisque
1731 3166 1811 3205 com-

132 3242 337 3313 multiplicetur
351 3261 369 3299 a
381 3245 501 3301 Domino
515 3246 546 3300 in
559 3246 674 3302 scecula.
957 3211 985 3287 C
997 3246 1130 3317 patimur,
1144 3251 1173 3301 et
1182 3245 1320 3301 auxilium
1332 3245 1416 3313 terre,
1430 3248 1516 3315 prout
1525 3243 1585 3314 ipse
1597 3242 1717 3315 largitus
1728 3242 1815 3299 luerit

168 3336 336 3392 Benedictus
347 3337 419 3393 Deus
432 3343 460 3394 et
472 3339 555 3395 Pater
564 3339 676 3395 Domini
687 3339 777 3395 nostri
790 3339 855 3395 lesu
865 3338 947 3395 Chri·
997 3339 1047 3410 qui
1060 3354 1112 3410 pro
1124 3337 1206 3394 nobis
1219 3353 1278 3394 non
1292 3338 1384 3393 solum
1398 3337 1560 3403 tribulatus,
1576 3334 1626 3391 sed
1643 3335 1731 3391 etiam
1745 3351 1811 3407 pas-

133 3428 179 3498 sti,
192 3428 242 3501 qui
255 3429 412 3486 secundum
426 3447 564 3503 magnam
576 3430 803 3488 misericordiam
813 3447 896 3487 suam
908 3447 950 3488 re
998 3448 1046 3487 sus
1065 3435 1118 3502 est,
1135 3431 1229 3503 parati
1248 3446 1356 3486 sumus.
1378 3449 1393 3482 c
1408 3429 1501 3485 Nolite
1519 3428 1627 3498 mirari,
1644 3427 1812 3497 charissimi,

134 3522 284 3593 generavit
299 3538 353 3578 nos
372 3523 403 3578 in
421 3540 502 3595 spem
517 3525 620 3592 vivam,
641 3541 692 3596 per
710 3525 949 3581 resurrectionem
999 3524 1049 3597 qui
1060 3524 1273 3597 persecutiones
1284 3523 1425 3596 patimini,
1440 3522 1522 3596 qnasi
1535 3522 1602 3578 novi
1616 3520 1695 3578 vobis
1705 3520 1813 3594 aliquid

132 3614 197 3668 lesu
213 3613 317 3670 Christi
331 3631 364 3670 ex
380 3616 501 3672 mortuis
518 3617 549 3672 in
563 3617 762 3673 haereditatem
776 3616 948 3689 incorrupti·
998 3618 1161 3691 confingam
1184 3618 1233 3674 sed
1251 3616 1493 3673 communicantes
1512 3615 1615 3672 Christi
1634 3614 1813 3687 passionibus

132 3706 228 3775 bilem,
247 3710 276 3763 et
288 3706 542 3765 incontaminatam
553 3713 582 3766 et
598 3709 872 3781 immarcessibilem,
886 3727 951 3767 con·
999 3711 1132 3783 gaudete,
1142 3715 1175 3767 ut
1188 3711 1219 3766 in
1230 3710 1400 3766 revelatione
1413 3709 1513 3782 gloriae
1525 3708 1587 3780 ejus
1600 3707 1749 3780 gaudeatis
1761 3722 1811 3763 cx·

132 3805 273 3856 serratam
286 3800 315 3856 in
330 3801 416 3871 coelis,
430 3803 461 3858 in
478 3803 557 3859 vobis
570 3802 619 3876 qui
631 3803 662 3859 in
674 3803 778 3861 virtute
792 3804 843 3859 Dei
855 3806 948 3861 custo-
999 3805 1144 3860 sultantes.
1159 3803 1188 3860 Si
1204 3802 1416 3874 exprobramini
1429 3802 1460 3857 in
1477 3801 1595 3858 nomine
1608 3800 1724 3872 Christi,
1737 3800 1813 3858 beati

133 3892 234 3949 dimini
253 3909 306 3966 per
325 3894 411 3952 iidem
433 3896 464 3950 in
488 3896 611 3953 salutern
631 3899 759 3967 paratam
782 3896 901 3951 revelari
919 3896 950 3950 in
999 3896 1085 3966 eritis,
1100 3896 1235 3969 quoniam
1247 3896 1322 3968 quod
1339 3899 1380 3951 est
1394 3896 1520 3964 honoris,
1537 3894 1646 3967 gloria,
1661 3897 1691 3950 et
1701 3892 1815 3950 virtutis

132 3994 261 4057 tempore
282 3987 446 4054 norhumo,
466 3987 496 4042 in
513 4003 571 4060 quo
595 3988 787 4055 exsultabitis,
803 3986 950 4042 modicum
1000 3988 1121 4055 Domini,
1132 3989 1272 4061 etquiest
1285 3990 1345 4062 ejus
1358 3989 1484 4062 spiritus,
1497 4004 1640 4062 supervos
1650 3987 1812 4060 requiescit.

131 4093 209 4132 nunc
223 4079 245 4132 si
261 4082 372 4150 oportet
385 4077 546 4134 contristari
560 4079 591 4134 in
608 4079 693 4134 variis
710 4078 949 4148 tribulationibus,
999 4081 1088 4137 Nemo
1102 4086 1197 4138 autem
1210 4086 1338 4139 restrum
1353 4083 1479 4154 patiatur
1491 4082 1572 4155 quasi
1590 4080 1750 4150 homicida,
1764 4085 1815 4136 aut

134 4173 165 4224 ut
183 4167 313 4240 probatio
332 4171 432 4224 restrae
451 4168 520 4225 fldei
537 4170 628 4226 multo
645 4170 798 4242 pretiosior
816 4170 852 4227 sit
868 4187 949 4243 auro,
999 4174 1055 4244 lur,
1069 4179 1120 4231 aut
1135 4174 1290 4245 maleficus,
1309 4181 1359 4232 aut
1375 4175 1533 4232 alienorum
1553 4175 1702 4248 appetitor.
1716 4172 1744 4231 Si
1760 4189 1813 4228 au·

133 4260 249 4333 quando
267 4276 319 4333 per
335 4262 434 4333 ignem
454 4262 594 4334 probatur
606 4263 631 4335 (l
639 4266 713 4320 Patr.
732 4280 751 4332 1,
765 4266 781 4320 3
795 4269 819 4320 et
837 4265 915 4336 sep),
927 4265 951 4320 si
1000 4271 1059 4325 tem
1070 4273 1103 4324 ut
1117 4268 1299 4341 Christianus,
1315 4284 1372 4325 non
1390 4268 1549 4336 erubescat,
1564 4267 1703 4341 glorillcet
1717 4270 1815 4323 autem

133 4356 247 4409 tantum
256 4354 485 4412 tribulatmnibus
504 4357 614 4429 experti
624 4356 737 4430 probati
752 4358 948 4414 inveniamini.
1000 4357 1153 4414 Dominum
1169 4357 1200 4413 in
1217 4358 1271 4414 isto
1288 4357 1414 4427 nomine,
1429 4357 1566 4430 quoniam
1586 4360 1701 4429 tempus
1720 4361 1816 4412 estut

134 4443 198 4521 13
213 4468 227 4499 α
240 4447 382 4505 Patientes
394 4452 485 4523 estote
496 4451 596 4522 (loom,
608 4452 646 4523 7),
661 4472 676 4502 »
690 4449 951 4525 dilectissimique
999 4450 1117 4523 incipiat
1124 4450 1267 4523 judicium
1278 4450 1313 4508 de
1325 4451 1411 4507 domo
1422 4451 1546 4506 Domini.
1555 4451 1584 4507 Si
1594 4455 1691 4506 autem
1702 4465 1719 4504 a
1731 4448 1816 4504 uobis

134 4563 148 4591 ι(
168 4541 307 4614 patientia
331 4542 532 4613 probationem
555 4548 706 4616 operatur,
732 4544 861 4616 probatio
882 4561 949 4602 vero
958 4572 989 4647 D
999 4544 1135 4616 primum,
1147 4543 1210 4617 quis
1222 4545 1287 4600 linis
1296 4559 1395 4600 eorum
1406 4545 1455 4617 qui
1464 4560 1522 4600 non
1532 4545 1653 4600 credunt
1663 4543 1713 4598 Dei
1725 4543 1816 4598 Evan-

133 4650 230 4707 spam,
255 4651 319 4706 spes
343 4643 439 4693 autem
462 4654 520 4693 non
544 4637 694 4693 confundit
719 4638 802 4709 (Rom.
832 4653 866 4709 v;
889 4641 949 4696 Joc.
1000 4637 1097 4710 geliol
1110 4639 1144 4692 Et
1159 4637 1184 4692 si
1196 4637 1242 4692 vix
1251 4637 1345 4708 justus
1364 4636 1531 4705 salvabitur,
1545 4637 1651 4708 impius
1668 4640 1697 4691 et
1713 4649 1814 4707 pecca·

136 4730 161 4797 l,
175 4730 212 4797 3).
227 4745 241 4780 o
255 4745 269 4780 a
282 4730 351 4784 Ecce
366 4729 491 4800 agricola
504 4734 644 4802 exspectat
657 4730 817 4803 pretiosum
825 4731 949 4788 fructum
998 4735 1045 4787 tor
1057 4730 1107 4786 ubi
1122 4729 1285 4803 parebunt?
1299 4730 1324 4802 (l
1335 4733 1407 4787 Patr.
1421 4747 1459 4798 rv,
1475 4731 1580 4801 ra-ta).
1598 4750 1612 4779 »
1628 4731 1726 4800 ltaque
1739 4733 1770 4784 et
1784 4727 1816 4784 hi

133 4824 228 4889 terrae,
239 4821 382 4892 patienter
390 4822 495 4893 ferens,
504 4824 595 4880 donec
604 4823 722 4896 accipiat
732 4827 950 4895 temporaneum
1000 4824 1050 4896 qui
1068 4823 1225 4896 patiuntur,
1244 4822 1321 4880 fideli
1338 4823 1463 4880 Creatori
1483 4823 1689 4879 commendent
1705 4820 1817 4877 animas

133 4918 162 4969 et
178 4913 335 4970 serotinum
352 4914 418 4986 (Joc.
434 4933 461 4983 v,
477 4918 514 4989 7).
532 4938 546 4968 o
562 4916 591 4975 Si
609 4916 743 4991 agricola
759 4917 822 4973 hac
839 4919 949 4990 patien-
1000 4933 1065 4973 suas
1088 4917 1245 4974 secundum
1265 4917 1441 4973 voluntatem
1466 4915 1577 4972 Domini
1596 4914 1627 4971 in
1649 4913 1823 4972 benefactis.¹

133 5010 178 5063 ter
188 5005 285 5062 ferunt
298 5024 350 5080 pro
361 5009 566 5080 temporalibus
576 5010 725 5081 fructibus,
737 5014 845 5084 quanto
857 5013 951 5085 magis
999 5010 1071 5066 Nam
1093 5010 1135 5081 (ut
1147 5007 1194 5066 'ait
1211 5010 1312 5066 beatus
1330 5009 1461 5066 Clemens
1477 5009 1639 5080 praedictus,
1654 5013 1823 5065 antecessor

134 5113 182 5156 vos
199 5115 251 5172 pro
269 5101 383 5157 aeternis
398 5103 537 5174 patientes
551 5119 613 5160 esse
628 5103 761 5159 debetis?
773 5105 868 5161 Estote
882 5120 951 5178 argo
999 5104 1216 5176 nosterlsimilis
1226 5109 1269 5161 est
1280 5102 1815 5174 omnisecclesiasiatusnavimagnae,

133 5194 282 5267 patientes,
297 5198 327 5249 et
338 5195 506 5252 confirmate
519 5197 605 5253 corda
619 5202 722 5269 vestra,
737 5201 770 5253 ut
783 5198 951 5255 adveniente
1000 5212 1064 5269 quae
1077 5213 1129 5269 per
1140 5196 1283 5254 undosum
1292 5196 1413 5270 pelagus
1423 5197 1540 5254 dirersis
1551 5213 1566 5252 e
1579 5195 1646 5251 locis
1656 5200 1685 5251 ct
1693 5193 1819 5267 regioni·

130 5287 227 5360 judice
241 5286 363 5360 Christo,
375 5287 435 5345 lasti
448 5291 478 5344 et
489 5289 599 5362 probati
613 5306 673 5347 esse
686 5290 813 5346 valeatis.
830 5310 845 5344 s
858 5291 952 5347 Nolite
1000 5288 1053 5344 bus
1062 5289 1134 5346 viros
1146 5293 1250 5362 portat,
1261 5291 1299 5346 ed
1308 5307 1395 5346 unam
1406 5290 1530 5364 potentis
1541 5288 1625 5362 regni
1638 5287 1742 5344 urbem
1752 5302 1818 5359 pro·

132 5380 321 5453 ingemiscere
335 5381 365 5436 in
380 5383 560 5453 alterutmm,
574 5387 607 5439 ut
619 5400 679 5440 non
688 5381 870 5456 judicemini.
881 5384 952 5440 Ecca
999 5397 1102 5455 pecare
1113 5383 1267 5456 cupientes.
1282 5384 1323 5441 Sit
1334 5399 1403 5455 ergo
1417 5383 1496 5439 naris
1505 5385 1606 5438 auctor
1617 5380 1704 5452 hujus
1718 5377 1816 5436 omui·

130 5474 221 5545 judex
233 5478 299 5531 ante
311 5474 431 5546 januam
443 5476 557 5533 assistit.
570 5475 742 5548 Exemplum
750 5476 878 5548 accipite,
887 5477 953 5533 cha·
1000 5481 1102 5548 potens
1116 5476 1176 5549 ipse
1187 5477 1271 5547 Deus,
1287 5477 1461 5549 gubernator
1470 5492 1538 5532 vero
1551 5474 1587 5531 sit
1599 5473 1737 5541 Christus,
1752 5476 1817 5527 tum

134 5566 248 5638 nissimi,
262 5568 366 5625 laboris
380 5573 409 5626 et
421 5570 568 5643 patientiae
581 5570 745 5642 prophetas,
759 5569 809 5642 qui
821 5570 908 5626 locuti
920 5571 952 5627 in
1002 5568 1105 5626 ddnde
1114 5569 1525 5643 proretceolllciumepiscopus
1533 5569 1660 5642 impleat,
1667 5565 1818 5640 presbyter

135 5659 254 5716 nomine
269 5663 381 5719 Domini
395 5670 472 5721 sunt.
481 5664 524 5720 En
535 5661 729 5720 beatificamus
743 5679 792 5719 eos
803 5663 854 5736 qui
865 5665 951 5722 susti·
1001 5666 1165 5733 nautarum,
1179 5663 1291 5721 diaconi
1300 5663 1528 5737 dispensatorum
1540 5664 1636 5720 locum
1647 5663 1773 5731 teneam,
1784 5658 1817 5717 hi

135 5757 270 5817 puerunt.
284 5754 684 5831 sufferentiamlobaudistis,
697 5756 822 5819 ettlnam
838 5759 952 5819 Domini
1001 5755 1051 5835 qui
1081 5757 1253 5816 animant
1282 5758 1443 5837 naumlogis
1469 5757 1661 5818 conferantur.
1690 5751 1816 5833 Epibatlt
