3870 6150
154 300 205 356 803
598 292 740 349 ΑΡΡΕΝΙ).
759 293 803 349 ab
822 293 901 350 SAEC.
923 293 1015 348 tlt-
1034 291 1156 349 tslttottl
1176 291 1389 350 nnncntottts
1785 295 1836 350 aot

154 408 191 461 ris
205 403 371 471 excessibus,
383 405 417 457 ut
433 403 561 458 sanctam
577 402 720 473 synodum
735 403 769 456 ad
785 402 968 474 exstinguen-
977 415 1007 489 Α
1018 419 1105 474 quam
1123 420 1141 458 a
1161 403 1417 475 praedecessoribus
1441 401 1497 458 tuis
1521 402 1558 458 ad
1583 399 1749 472 apostolicae
1762 403 1834 458 Sedis

154 500 220 554 dam
232 498 321 553 solam
337 497 471 555 haeresim
488 501 517 552 ct
529 496 775 551 confirmationem
789 496 854 552 fidei
870 497 965 551 catho·
1018 497 1183 552 transmissa
1198 497 1331 551 notitiam
1340 495 1384 551 cui
1393 496 1429 552 ab
1440 494 1522 550 initio
1534 496 1579 550 sui
1590 496 1707 551 caducae
1717 495 1832 550 dudum-

151 594 215 648 licae
228 593 322 647 studio
332 590 564 647 christianissimi
577 590 713 662 principis
721 594 925 662 congregatam
939 590 968 645 iu
1018 591 1223 662 quecollapsae,
1236 607 1299 645 sera
1310 607 1385 645 nunc
1395 593 1424 644 et
1433 589 1546 645 inutilia
1556 589 1701 661 subjicere
1711 590 1833 646 fomenta

153 687 329 742 occasionem
338 684 614 752 ambitustrahas,et
626 687 658 738 ut
668 684 880 739 conniventiam
888 700 968 738 suam
1018 685 1141 754 voluisti,
1156 685 1294 740 eliciendo
1308 701 1323 738 a
1339 683 1474 739 iratribus
1495 683 1621 754 speciem
1644 685 1831 739 consensionis

152 780 408 851 tibidetimpellas,
417 784 555 851 tanquam
563 777 681 833 refutari
689 783 820 848 nequmt,
830 777 906 849 quod
918 777 970 832 illi-
1018 796 1105 851 quam
1126 779 1177 833 tibi
1197 779 1226 833 in
1248 795 1329 834 suam
1353 778 1490 849 injuriam
1516 777 1692 833 verecundia
1721 779 1831 848 fatigata

152 875 206 930 cite
221 874 342 930 voluerit
357 872 522 938 multitudo,
533 878 562 928 et
574 873 622 926 illa
635 872 811 927 Nicaenorum
826 888 969 927 canonum
1019 874 1171 944 praeberet.
1192 873 1330 927 Memento
1352 871 1421 944 quid
1443 872 1579 927 Dominus
1591 872 1615 927 ei
1632 871 1686 944 qui
1698 888 1787 926 unum
1799 873 1829 927 dr

153 987 205 1042 per
219 974 349 1024 sanctum
362 983 427 1021 vere
440 966 580 1038 Spiritum
593 966 724 1021 ordinata
736 965 861 1021 conditio
876 965 970 1037 aliqua
1019 967 1127 1039 pusillis
1146 965 1376 1022 scandalizaverit
1399 965 1569 1035 cominatur,
1584 971 1613 1020 et
1635 966 1781 1037 sapienter
1792 967 1828 1021 iu·

153 1064 286 1135 cuiquam
295 1062 331 1115 sit
341 1064 421 1132 parte
429 1060 567 1115 solubilis.
578 1060 659 1115 Nulla
666 1059 781 1114 sibimet
790 1060 825 1114 de
834 1056 970 1131 multipli·
1018 1062 1116 1133 tellige
1130 1061 1212 1133 quale
1232 1060 1268 1115 sit
1280 1059 1421 1131 judicium
1435 1059 1483 1114 nel
1497 1059 1655 1126 subiturus,
1673 1059 1723 1131 qui
1737 1064 1779 1114 tot
1790 1076 1827 1114 er-

153 1158 264 1214 catiouc
280 1155 512 1228 congregationis
530 1154 674 1226 synodalia
687 1154 807 1209 concilia
821 1153 970 1208 blandian·
1019 1155 1120 1225 etesiis,
1131 1159 1173 1210 tot
1187 1154 1381 1210 mcerdotibus
1396 1153 1561 1210 scandalum
1574 1154 1683 1208 inferre
1704 1171 1761 1209 non
1781 1172 1829 1209 mo

153 1255 209 1318 tur,
222 1266 316 1322 neque
328 1249 460 1304 trecentis
470 1248 526 1302 illis
538 1249 638 1303 decem
653 1250 739 1319 atque
756 1249 818 1301 octo
828 1246 969 1319 copiosior
1019 1250 1082 1317 tuit,
1096 1250 1188 1305 fateor
1199 1249 1277 1305 enim
1294 1248 1335 1303 ita
1355 1264 1402 1302 me
1417 1248 1570 1303 dilectione
1580 1248 1726 1303 universa
1741 1248 1828 1303 irater

153 1361 290 1400 numerus
311 1343 499 1410 sacerdotum,
518 1357 681 1413 comparare
696 1358 726 1395 se
740 1340 844 1396 audeat
857 1345 885 1396 et
899 1356 970 1411 prae-
1020 1344 1116 1400 nitatis
1130 1343 1280 1416 obstringi,
1288 1347 1320 1398 ut
1328 1343 1438 1399 nemini
1449 1359 1564 1415 prorsus
1573 1342 1603 1397 in
1613 1342 1734 1414 hisquae
1744 1348 1827 1397 contu

152 1440 311 1506 serrarum
321 1440 402 1492 tanto
413 1436 548 1491 divinitus
556 1435 706 1506 privilegio
717 1435 832 1490 Nicaena
842 1433 879 1489 sit
888 1451 969 1505 syno
1019 1455 1048 1495 se
1069 1438 1161 1510 poscit
1177 1437 1320 1504 assentiat,
1343 1438 1490 1509 possisque
1513 1436 1664 1492 evidenter
1683 1453 1826 1508 agnoscere

154 1533 207 1586 dus
222 1533 394 1600 consecrata,
405 1534 436 1585 ut
449 1530 505 1584 siva
518 1546 570 1600 per
580 1529 734 1600 pauciores,
744 1528 801 1583 sire
812 1528 969 1600 perplures
1019 1549 1064 1588 me
1079 1530 1224 1588 dilectioni
1244 1534 1302 1585 tuae
1321 1530 1460 1587 benevolo
1472 1530 1568 1586 animo
1582 1531 1741 1595 contraire,
1755 1536 1783 1585 ut
1796 1547 1826 1585 sc

153 1621 969 1695 aeclesiasticajudiciacelebrentur,omnipenitusauctori·
1020 1628 1099 1682 niore
1121 1626 1237 1681 consilio
1260 1625 1296 1680 nb
1317 1626 1480 1681 universalis
1501 1629 1527 1679 tc
1542 1624 1675 1680 Ecclesiae
1690 1624 1824 1696 perturba·

153 1725 210 1776 tate
224 1720 261 1775 sit
272 1734 393 1773 vacuum
407 1717 546 1789 quidquid
560 1717 595 1771 ab
608 1715 724 1771 illorum
734 1715 821 1771 luerit
834 1715 969 1770 coustitu-
1018 1721 1096 1776 tione
1121 1721 1279 1775 contineas.
1307 1720 1370 1775 Non
1396 1719 1593 1774 convellantur
1622 1717 1826 1791 provincialium

153 1814 229 1869 tione
240 1813 394 1868 diversum.
403 1811 491 1866 Nimis
501 1827 570 1883 ergo
582 1811 642 1865 haec
653 1809 794 1881 improba,
806 1809 890 1864 nimis
903 1812 970 1864 sunt
979 1800 1007 1873 B
1014 1815 1081 1887 jura
1093 1815 1263 1887 primatum,
1278 1831 1331 1868 nec
1352 1813 1506 1885 privilegiis
1526 1812 1691 1884 antiquitus
1705 1812 1827 1867 institutis

152 1924 240 1980 prava
249 1924 314 1981 quae
327 1904 523 1962 sacratissimis
535 1904 693 1960 canonibus
706 1904 891 1959 inveniuntur
905 1919 968 1959 esse
1017 1908 1232 1979 metropolitani
1255 1908 1395 1963 antistites
1419 1907 1598 1962 fraudentur.
1619 1907 1697 1961 Nihil
1719 1907 1824 1962 Alexan·

81 1985 83 1989 Α
152 2001 305 2070 contraria,
316 2001 346 2055 in
356 1999 445 2055 totius
454 1999 581 2054 Ecclesiae
591 1998 835 2070 perturbationem
846 1996 968 2069 superba
1017 2003 1108 2060 drinae
1130 2001 1191 2056 sedi
1215 2002 1277 2072 ejus
1300 2018 1387 2073 quarn
1403 2006 1598 2073 persanctum
1613 2000 1825 2056 hiarcnmerm·

153 2097 214 2151 haec
224 2095 318 2151 tondit
327 2094 424 2163 elatio,
438 2109 503 2165 qrroe
513 2093 553 2147 ita
562 2092 641 2147 abuti
653 2092 743 2147 voluit
752 2091 871 2147 concilio
886 2107 968 2162 syuo-
1018 2098 1148 2170 gelistam
1162 2095 1240 2151 beati
1249 2096 1324 2151 Petri
1336 2095 1504 2168 discipulum
1517 2093 1626 2149 meruit
1634 2092 1824 2164 pereatdigni·

152 2185 968 2257 dali,uttratresiuiideitantummodonogotiumconvoca·
1017 2191 1091 2247 tatis,
1115 2191 1170 2245 Nec
1190 2190 1322 2245 Dioscoro
1344 2189 1498 2260 impietatis
1521 2204 1580 2242 sure
1603 2187 1765 2259 pertinacia
1780 2203 1827 2241 cor·

152 2288 196 2339 tos
211 2282 248 2337 ad
268 2281 504 2338 consentiendum
516 2279 568 2335 sibi
577 2279 760 2351 depravando
773 2280 965 2351 compelleret.
1017 2288 1119 2340 ruente
1134 2283 1270 2356 splendor
1287 2286 1372 2338 tantae
1389 2282 1518 2337 Ecclesiae
1529 2281 1659 2336 tenebris
1673 2281 1827 2336 obscuretur

154 2377 303 2433 lndeenim
312 2375 520 2443 iratresnostri,
528 2373 723 2446 abapostolica
729 2373 799 2429 Sede
806 2372 968 2444 directi,qui
1017 2379 1128 2447 alienis,
1140 2377 1323 2433 Antiocheno
1336 2392 1449 2448 qnoque
1460 2376 1593 2442 Ecclesia,
1602 2375 1634 2429 in
1646 2391 1706 2448 qua
1716 2374 1826 2448 primun

151 2470 399 2543 vicemeasynodo
409 2468 604 2542 praesidebant
613 2467 891 2541 probabiliteratque
902 2483 968 2523 con·
1017 2473 1187 2546 predicante
1197 2472 1327 2544 apostolo
1337 2473 1420 2526 Petro
1430 2469 1628 2527 christianum
1641 2485 1753 2525 nomen
1763 2484 1826 2524 exor-

151 2571 261 2624 stanter
271 2565 373 2621 illicitis
383 2564 500 2619 ausibus
510 2562 688 2630 obstiterunt,
699 2565 796 2633 aparte
812 2562 967 2617 clamantes
1018 2572 1077 2623 tinn
1092 2567 1175 2621 estin
1188 2572 1315 2638 paterne
1326 2563 1535 2621 constitutionis
1545 2563 1650 2618 ordine
1661 2568 1827 2635 perseveret,

151 2659 556 2719 nccontrainstitutallicaenae
565 2655 968 2728 praesumptioreprobaenori·
1017 2667 1045 2716 ot
1058 2662 1087 2716 in
1105 2660 1196 2733 grado
1206 2659 1291 2715 tertio
1302 2660 1439 2714 collocata
1451 2673 1597 2729 nunquam
1610 2674 1641 2712 se
1651 2657 1826 2712 tiatinierior,

152 2755 217 2810 tatis
231 2751 327 2826 198
342 2756 512 2823 assurgeret,
528 2767 581 2805 nec
595 2752 690 2822 potest
699 2749 734 2804 de
745 2765 845 2805 eorum
857 2752 967 2804 contra·
1016 2755 1098 2810 atiud
1114 2755 1191 2809 enim
1202 2758 1270 2809 sunt
1280 2753 1361 2808 sedes
1373 2752 1450 2807 aliud
1463 2751 1665 2823 presidentes,
1680 2755 1710 2806 et
1720 2766 1828 2823 magum

151 2848 275 2904 dictione
291 2844 427 2912 dubitari,
447 2844 482 2898 da
500 2844 603 2915 quibus
623 2843 652 2897 iu
676 2843 795 2914 epistola
814 2847 862 2897 tua
877 2842 965 2897 etiarn
1017 2848 1168 2920 unicnique
1190 2848 1281 2902 honor
1303 2851 1348 2902 est
1369 2847 1519 2917 integritas
1540 2861 1602 2914 sua,
1629 2862 1697 2918 quar
1722 2861 1783 2900 cum
1804 2845 1827 2897 in

152 2944 212 3014 ipse
228 2939 423 3011 conquereris,
438 2937 514 3010 quod
529 2937 675 2992 conatibus
688 2937 745 2991 tuis
758 2936 901 2992 voluerint
915 2936 964 2991 ob·
1016 2941 1189 3014 quibuslibet
1211 2941 1280 2996 locis
1302 2941 1418 3012 propria
1444 2942 1616 2994 ornamenta
1642 2954 1706 2994 non
1729 2937 1827 3010 perdat,

151 3037 239 3091 viare.
259 3037 290 3090 ln
309 3050 366 3106 quo
387 3048 434 3088 eos
456 3031 574 3101 quidem
593 3030 717 3086 multum
736 3031 805 3084 mihi
824 3030 884 3086 haec
903 3030 967 3085 scri·
1016 3035 1231 3108 quantomagis
1249 3035 1278 3089 in
1296 3032 1621 3104 constantinopolitane
1634 3033 1719 3088 urbis
1731 3031 1827 3102 magui·

151 3130 246 3185 hendo
262 3126 455 3196 commendas,
464 3126 514 3181 sed
526 3127 706 3197 temetipsum
723 3124 800 3196 quod
814 3124 856 3179 eis
867 3139 966 3195 parere
976 3173 1003 3248 c
1016 3131 1296 3201 licentiapotestesse
1302 3128 1434 3200 gloriosa,
1447 3128 1470 3181 si
1479 3126 1751 3198 perobsernantium
1758 3132 1825 3180 tuam

152 3224 287 3292 nolueris,
298 3222 368 3278 dum
382 3219 482 3275 illicita
497 3219 605 3274 moliris
620 3236 735 3275 accusas
749 3217 893 3290 superflue
907 3235 965 3274 non
1017 3231 1045 3279 et
1060 3224 1259 3278 defensionem
1278 3223 1390 3294 paterni
1409 3238 1531 3276 canones
1545 3225 1574 3275 et
1590 3222 1758 3292 exemptum
1770 3234 1824 3290 pru·

151 3317 335 3374 concedenda
350 3320 488 3388 appetens
502 3319 531 3369 et
543 3313 695 3368 salubriter
707 3312 848 3368 contraria
861 3329 964 3367 concu·
1016 3317 1203 3374 bitatismulti
1219 3317 1346 3372 habeant
1357 3316 1535 3372 sacerdotes?
1551 3316 1617 3369 llaec
1630 3315 1686 3370 tibi
1703 3314 1824 3378 scribens,

149 3413 270 3487 pisceus,
293 3427 356 3483 quae
381 3409 493 3464 nullum
515 3424 643 3479 unquam
660 3411 816 3479 potuerunt
837 3411 964 3462 nostrum
1014 3411 1151 3482 irater,in
1170 3411 1291 3466 llomino
1307 3411 1409 3466 hortor
1423 3427 1455 3465 ac
1471 3425 1585 3478 moneo,
1596 3409 1826 3481 utdepositoatn·

149 3507 278 3563 obtinere
293 3520 474 3559 consensum.
495 3501 575 3557 absit
597 3501 674 3556 enim
687 3519 703 3555 a
716 3500 888 3556 conscientia
901 3516 965 3555 mea
1015 3505 1131 3562 hittonis
1147 3504 1289 3560 desiderio
1309 3505 1409 3576 spiritu
1434 3503 1526 3576 potius
1552 3503 1670 3558 ferveas
1695 3499 1824 3559 charitatis

149 3606 182 3656 ut
205 3604 264 3655 tam
284 3614 370 3670 prava
392 3596 532 3669 cupiditas
550 3596 621 3651 meis
641 3594 741 3650 studiis
762 3594 913 3665 adjuvetur
932 3609 965 3648 ³0
1015 3600 1077 3672 ejus
1091 3616 1206 3672 quoque
1220 3598 1372 3654 virtutibus
1383 3598 1539 3654 secundum
1549 3596 1715 3652 doctrinam
1729 3600 1824 3669 aposto

151 3710 208 3750 non
224 3694 319 3766 potius
337 3696 367 3748 et
383 3709 447 3747 meo
466 3696 495 3748 et
509 3689 638 3745 omnium
650 3689 699 3760 qui
708 3705 765 3744 non
775 3688 832 3743 alta
840 3688 963 3760 sapiunt,
1016 3694 1100 3749 licam
1122 3693 1304 3765 proficienter
1325 3692 1446 3747 orneris,
1464 3714 1477 3740 o
1499 3692 1546 3746 Est
1564 3691 1644 3746 enirn
1671 3691 1824 3763 patiencet

150 3790 199 3846 sed
219 3787 376 3844 humilibus
391 3785 574 3841 consentiunt
588 3796 674 3855 opere
689 3783 851 3838 subruatur.
872 3779 964 3838 Sancti
1015 3789 1141 3860 benigna
1156 3791 1185 3842 et
1196 3804 1253 3842 non
1269 3788 1430 3853 emulatur,
1445 3801 1503 3841 non
1516 3784 1579 3857 agit
1599 3800 1763 3857 perperam,
1776 3797 1823 3838 noa

150 3883 189 3938 illi
206 3888 234 3938 et
245 3881 423 3936 venerabiles
437 3881 533 3935 Patres
549 3877 597 3950 qui
619 3877 648 3932 in
672 3876 742 3932 urhe
755 3877 867 3931 Nicaeua
879 3875 964 3930 sacri·
1015 3884 1207 3950 intretur-‚non
1218 3886 1260 3937 est
1272 3881 1431 3948 ambitiosa,
1447 3896 1504 3935 non
1517 3879 1701 3952 quaeritquae
1714 3879 1823 3935 manunt

149 3979 214 4049 lego
237 3976 304 4031 Ario
326 3991 392 4030 eum
415 3990 467 4028 sua
491 3972 637 4043 impietate
661 3971 797 4026 damnato
818 3985 966 4024 mansuras
1017 3978 1038 4047 (ι
1057 3977 1115 4032 Gor,
1136 3992 1194 4043 nri,
1209 3976 1236 4043 t,
1253 3976 1289 4048 5).
1304 3975 1384 4031 Unde
1397 3975 1421 4030 ei
1435 3974 1558 4029 charitas
1580 3990 1639 4029 non
1656 3973 1758 4046 quent
1770 3985 1822 4045 pro

149 4088 240 4143 usque
258 4070 287 4124 iu
301 4069 390 4123 linem
406 4067 507 4122 muudi
522 4063 867 4136 legesecclesiasticorum
881 4080 964 4118 cano·
1015 4069 1087 4143 pria,
1114 4073 1253 4142 qnantum
1283 4074 1381 4143 peceat
1406 4068 1457 4141 qui
1485 4067 1666 4140 concupiscit
1686 4064 1820 4123 alienati

150 4180 221 4220 uum
234 4161 435 4226 condiderunt,
447 4164 476 4214 at
483 4159 559 4230 apud
569 4175 621 4213 nos
632 4158 661 4212 in
672 4162 732 4212 toto
743 4157 811 4212 orbe
823 4162 966 4212 terrarum
1017 4165 1120 4238 quibus
1132 4165 1196 4221 volo
1211 4167 1244 4220 ut
1255 4170 1283 4219 te
1297 4180 1415 4236 prorsus
1427 4162 1580 4231 abstineas,
1597 4177 1716 4217 memor
1727 4161 1762 4217 sis
1771 4173 1821 4214 scu
1861 4218 1863 4225 ,

150 4258 179 4313 in
190 4257 248 4312 suis
258 4252 507 4310 constitutionibus
518 4251 692 4321 munierunt,
702 4250 755 4306 etsi
765 4250 834 4321 quid
845 4268 965 4323 usquam
1017 4259 1112 4316 tentio
1127 4275 1190 4330 qun
1205 4258 1273 4312 dicit
1294 4258 1390 4312 :Tene
1411 4256 1487 4329 qnod
1509 4261 1599 4323 tenes,
1617 4271 1657 4311 ne
1677 4255 1749 4311 cline
1766 4250 1819 4308 aeri

151 4344 965 4422 aliterquamilttstatuerepresumitur,sinecunctatione
1015 4355 1077 4427 piet
1091 4369 1225 4409 coronam
1239 4356 1328 4407 lnam,
1355 4352 1425 4406 Nam
1447 4351 1470 4406 si
1493 4351 1660 4406 inconcessa
1682 4344 1817 4424 quesieris,

151 4449 285 4513 cassatur,
298 4448 329 4498 ut
338 4441 446 4515 quaead
456 4445 623 4513 perpetuam
633 4438 783 4494 utilitatem
794 4438 967 4510 generaliter
1015 4449 1075 4520 ipse
1097 4452 1146 4503 too
1168 4462 1253 4518 opere
1279 4451 1363 4518 atqie
1383 4444 1493 4516 jndicio
1513 4444 1689 4500 universalis
1707 4438 1816 4499 Ecclesia

151 4540 278 4597 instituta
287 4540 363 4607 sunt,
374 4536 454 4590 nulla
466 4532 691 4590 commutatione
704 4533 857 4601 sumentur,
870 4550 922 4589 nec
930 4533 965 4589 ad
975 4552 1005 4626 D
1016 4559 1086 4617 pace
1096 4541 1262 4614 privaberis,
1274 4541 1371 4595 Frater
1384 4543 1479 4594 autern
1495 4542 1524 4593 et
1536 4539 1728 4612 coepiscopus
1740 4535 1816 4592 nesta

152 4634 292 4706 privatum
305 4631 455 4687 trahantur
467 4627 661 4696 ⁰0¹¹¹1110d¹¹¹1¹2
670 4644 733 4700 (1¹¹ae
742 4626 891 4683 fldb⁰1¹¹1m
900 4629 967 4683 81¹¹st
1016 4635 1155 4691 Lucienus
1170 4634 1285 4690 attilius
1302 4637 1400 4689 noster
1415 4632 1531 4688 basibus
1544 4633 1689 4689 diaconus
1700 4633 1812 4706 paulun

151 4742 304 4783 commune
325 4723 450 4797 praelixa.
475 4726 508 4778 lit
536 4721 719 4778 manentibus
740 4722 872 4778 terminis
896 4737 967 4793 quos
1017 4731 1046 4785 in
1061 4729 1129 4801 ipsis
1143 4730 1197 4784 fnit
1211 4729 1334 4784 studiose
1346 4729 1400 4795 his,
1411 4744 1475 4800 quae
1487 4727 1529 4782 eis
1538 4727 1712 4799 injunxeras
1719 4725 1812 4782 uticem

152 4821 363 4877 constituerunt
372 4820 532 4874 Patresnon
540 4816 656 4871 invadat
668 4816 806 4872 alienum.
822 4815 877 4872 Sed
891 4816 967 4870 intra
1017 4825 1071 4881 sed
1093 4823 1199 4879 notioni
1220 4839 1321 4879 eornm
1340 4822 1452 4894 justitia
1475 4821 1591 4893 negarit
1609 4817 1813 4878 effeetnmdlrta

151 4915 222 4971 fines
235 4912 366 4987 proprios
381 4918 468 4984 atque
482 4911 626 4983 legItimos
637 4913 721 4983 prout
730 4910 794 4982 quit
805 4911 925 4966 valuerit
936 4911 967 4967 in
1016 4937 1043 4974 nr
1058 4919 1175 4975 Kalend.
1190 4917 1265 4985 tulii,
1278 4917 1445 4972 llerculiano
1458 4917 1519 4971 viro
1535 4916 1697 4972 clarissimo
1712 4909 1811 4970 caede.

150 5009 300 5065 latitudine
320 5023 349 5061 se
368 5005 512 5061 eharitatis
535 5008 673 5074 exerceat,
685 5005 765 5076 cujus
784 5005 851 5061 satis
866 5005 967 5061 uberes
1017 5031 1074 5070 aare
1090 5031 1147 5085 qna
1160 5028 1255 5084 snpra.

150 5104 261 5160 fructus
273 5099 605 5171 Constantinopolitanus
626 5101 719 5171 potest
738 5100 854 5155 antistes
867 5099 964 5173 acqui-
1194 5107 1281 5163 Xlllll.
1296 5136 1331 5148 -
1345 5107 1391 5163 Ad
1401 5105 1572 5162 nunonem
1586 5106 1663 5177 Aac.

150 5214 224 5265 rere,
240 5196 263 5251 si
286 5193 378 5267 magis
398 5193 565 5249 humilitatis
583 5193 687 5248 virtute
709 5193 826 5261 nitatur,
841 5194 966 5265 quamsi
1053 5204 1107 5258 teo
1120 5203 1261 5258 pinriaco
1276 5200 1405 5272 Augusto
1423 5215 1476 5271 por
1494 5199 1655 5255 tacianum
1675 5199 1812 5271 episcopum

151 5287 849 5363 spiritusambitionisiniletur.Noli,irater,altum
857 5304 965 5359 sapere,
1016 5301 1045 5352 et
1057 5295 1192 5352 Racilium
1206 5296 1357 5350 diaconum
1372 5293 1408 5348 de
1423 5292 1533 5348 ambitu
1546 5293 1686 5349 Anatolii,

151 5387 199 5442 sed
218 5386 298 5454 time,
316 5384 345 5439 et
368 5381 673 5438 christianissimorum
693 5381 854 5452 principum
872 5382 965 5453 piissi·
1051 5392 1285 5462 Magnomnnere
1301 5387 1506 5444 misericordia
1529 5386 1580 5442 Dei
1603 5378 1812 5444 totineeootesie

151 5497 211 5536 mas
226 5495 310 5535 aures
327 5476 465 5550 improbis
481 5474 665 5547 petitionibus
678 5474 837 5547 inquietare
850 5475 964 5545 desiste,
1016 5484 1161 5540 catholicoe
1182 5482 1368 5556 miritiplicatn
1388 5487 1454 5537 sunt
1475 5480 1592 5554 gandia,
1608 5497 1677 5539 enm
1696 5477 1813 5538 „noted

151 5573 254 5646 quibus
270 5577 381 5629 certum
397 5570 489 5626 habeo
502 5568 635 5623 modestia
658 5574 686 5623 te
704 5569 796 5641 magis
809 5586 894 5641 quum
909 5572 964 5626 ala·
1017 5579 1140 5650 glorioso
1156 5577 1316 5633 clementie
1338 5581 1439 5632 vestroe
1459 5574 1554 5632 studio
1575 5571 1812 5648 pemioioeieeimas

153 5667 230 5723 tione
253 5667 434 5738 [slaciturum.
456 5661 637 5718 Persrnstoni
660 5664 737 5718 enim
756 5671 813 5720 ture
836 5666 863 5720 in
888 5667 966 5723 nullo
1016 5688 1097 5727 error
1114 5673 1268 5728 exstinctus
1284 5675 1336 5741 est,
1354 5676 1388 5727 ut
1401 5669 1482 5727 labor
1500 5673 1600 5726 naam
1614 5661 1811 5727 citiusaddest·

136 5759 257 5828 penitus
268 5758 446 5833 suffragatur·
468 5755 665 5832 quonrmdam
684 5757 881 5832 cpiscoporum
900 5765 966 5818 ante
1016 5766 1145 5822 decatum
1170 5765 1331 5840 perveniret
1358 5764 1501 5832 ellectum,
1522 5778 1615 5839 qaam
1635 5763 1696 5821 nae
1710 5758 1812 5821 saniem

116 5852 293 5926 neumata,
310 5861 343 5911 ut
359 5854 470 5929 iocus,
484 5872 580 5915 annos
604 5856 680 5916 heta
699 5855 883 5931 subscriptio,
896 5873 972 5913 nuu—
1022 5860 1216 5934 principatum
1234 5864 1265 5914 st
1278 5859 1368 5914 tidem
1379 5860 1597 5931 etpotestatem
1614 5845 1743 5937 jari-et
1755 5848 1811 5921 cti*
