3870 6150
126 265 190 318 tort
573 264 714 318 art‘En'b.
736 264 779 316 AD
799 264 878 318 SAEC.
900 264 943 317 tx.
956 293 989 301 —
1009 264 1129 320 lstbout
1149 263 1363 320 runcatoris
1750 267 1811 319 tora

123 372 195 426 didit
212 371 399 441 semetipsum
417 388 467 443 pro
489 372 571 426 nobis
587 371 759 427 oblationem
774 377 802 426 et
815 372 937 426 bostiam
949 383 979 458 Α
990 372 1176 442 declaratum,
1191 372 1252 428 sine
1265 373 1383 428 veritate
1393 372 1486 428 carnis
1496 389 1554 428 non
1564 373 1814 443 jubereturtrans

122 466 180 520 Deo
197 465 225 518 in
240 464 358 519 odorem
371 465 533 533 suavitatis,
560 487 573 514 o
601 469 651 520 aut
663 465 738 537 quod
752 481 879 537 unquam
895 482 938 519 sa·
989 465 1057 520 terri
1080 467 1110 521 in
1125 468 1278 537 AEgyptum
1290 482 1372 537 puer,
1388 471 1417 523 et
1435 467 1471 522 ab
1484 466 1603 522 Herodis
1615 466 1814 538 persecutione

123 558 260 612 orificium
274 558 329 613 luit
346 560 482 615 sacratius
491 576 577 631 quam
590 560 667 631 qnod
679 575 762 614 verus
774 562 803 614 et
818 565 940 615 aeternus
991 558 1119 614 subduci.
1134 559 1200 615 Sine
1215 559 1298 615 Verbi
1311 561 1438 631 potentia
1458 576 1518 616 non
1534 560 1645 616 diceret
1658 577 1712 615 vox
1729 561 1814 615 Patris

122 653 254 707 Pontifex
267 651 348 707 altari
364 652 455 708 crucis
468 670 518 725 per
529 653 758 710 immolationem
774 669 832 709 suae
847 653 940 708 carnis
990 653 1077 708 missa
1099 654 1134 708 de
1159 653 1228 709 coelo
1245 671 1251 708 :
1270 677 1284 704 a
1307 654 1356 709 Hic
1377 657 1420 710 est
1442 654 1526 710 Filius
1545 671 1629 711 meus
1654 655 1774 710 dilectus
1785 657 1813 710 in

123 746 282 817 imposuit?
302 749 332 818 ln
356 751 507 819 conspectu
529 747 644 803 Domini
658 747 783 819 pretiosa
804 763 880 802 mors
891 747 939 819 ju·
991 762 1046 818 quo
1061 747 1132 801 mihi
1150 747 1223 802 bene
1237 747 1405 818 complacui,
1419 748 1514 821 ipsum
1529 748 1631 804 audite
1646 748 1756 819 (blattis.
1776 766 1812 815 m,

123 845 234 896 storum
256 841 319 911 luit,
342 841 446 897 nullius
461 844 560 897 tamen
573 842 695 897 insontis
709 841 811 896 occisio
826 841 941 896 redcm-
993 840 1046 909 t7];
1061 860 1074 890 v
1092 843 1121 894 et
1134 840 1195 895 sine
1209 841 1326 897 veritate
1340 841 1432 896 carnis
1441 858 1499 897 non
1511 845 1727 913 protestaretur
1734 843 1813 897 toan-

123 935 183 1004 ptio
208 935 263 990 luit
287 936 397 991 mundi.
426 938 602 1007 acceperunt
625 936 705 1007 justi,
725 951 782 991 non
800 935 942 991 dederunt
991 949 1041 988 nes
1064 951 1070 988 :
1096 936 1194 990 «Ecce
1220 940 1318 1006 Agnus
1350 936 1410 990 Dei.
1438 936 1507 991 Ecce
1534 936 1585 1008 qui
1612 935 1814 1007 tollitpeccata

122 1045 247 1084 coronas.
267 1030 306 1084 De
321 1029 490 1084 tortitudine
505 1029 633 1084 fidelium
647 1029 778 1100 exempla
796 1031 863 1084 nata
875 1032 942 1084 sunt
990 1027 1091 1082 mundi
1104 1028 1191 1098 (toan.
1208 1045 1227 1096 1,
1247 1030 1302 1101 29).
1327 1052 1341 1077 a
1364 1029 1430 1085 Sine
1450 1029 1533 1085 Verbi
1558 1029 1694 1101 potentia
1717 1030 1814 1086 reinte-

123 1123 276 1194 patientiae,
293 1139 349 1177 non
364 1122 440 1178 dona
451 1123 577 1192 justitia.
592 1124 757 1194 singulares
768 1123 875 1195 quippe
887 1123 942 1178 sin·
992 1122 1082 1192 gratio
1095 1137 1153 1176 non
1166 1121 1248 1178 lieret
1261 1121 1399 1178 debilium
1411 1126 1440 1178 et
1450 1123 1603 1179 vivificatio
1618 1128 1796 1179 mortuorum
1804 1143 1812 1193 ;

123 1217 196 1286 gulis
207 1220 311 1271 mortes
321 1216 448 1284 fuerunt,
460 1233 512 1272 nec
523 1217 640 1272 alterius
650 1217 800 1289 quisquam
813 1216 941 1272 debitum
991 1219 1019 1270 et
1040 1215 1101 1270 sine
1124 1215 1243 1272 veritate
1265 1217 1369 1288 carnis,
1396 1233 1448 1274 nec
1462 1217 1541 1273 cibus
1550 1217 1668 1289 jejuno,
1683 1234 1738 1273 nec
1749 1235 1814 1273 som-

124 1328 173 1364 suo
192 1312 247 1365 tine
268 1311 412 1382 persolvit,
434 1327 499 1366 cum
520 1311 594 1365 tilius
615 1310 748 1379 hominis,
769 1328 843 1366 unus
864 1312 941 1366 solus
991 1326 1046 1363 nus
1059 1313 1133 1364 esset
1149 1311 1323 1366 necessarius
1342 1311 1472 1383 fatigato.
1487 1313 1640 1367 Postremo
1660 1312 1724 1367 sine
1737 1312 1815 1367 Verbi

124 1404 261 1459 Dominus
282 1411 377 1460 noster
395 1407 474 1461 tosus
486 1405 623 1472 Christus,
640 1405 765 1476 quivere
778 1421 869 1476 agnus
882 1411 943 1461 erat
991 1403 1120 1474 potentia
1129 1420 1188 1459 nou
1197 1420 1227 1460 se
1234 1405 1371 1460 Dominus
1377 1405 1453 1461 Patri
1461 1406 1651 1477 profiteretur
1660 1406 1797 1478 aequalem
1805 1424 1813 1475 3

121 1499 338 1567 immaculatus,
365 1499 514 1554 exstiterit.
551 1501 580 1554 ln
602 1514 658 1570 quo
681 1515 781 1553 omncs
804 1499 940 1564 crucifixi,
992 1497 1096 1552 etsine
1122 1498 1239 1554 veritate
1260 1499 1353 1554 carnis
1372 1516 1431 1555 non
1448 1500 1526 1555 idem
1548 1499 1664 1555 diceret
1685 1500 1767 1555 Patre
1789 1516 1815 1555 se

123 1609 223 1648 omnes
247 1593 363 1662 mortui,
390 1609 492 1647 omnes
514 1593 626 1664 sepulti,
653 1609 752 1648 omnes
773 1598 840 1648 sunt
855 1593 942 1649 etiam
992 1607 1053 1646 esse
1066 1592 1218 1660 minorem,
1232 1580 1297 1648 cnm
1311 1593 1451 1648 catholica
1464 1592 1535 1649 tides
1550 1597 1717 1665 utrumque
1733 1595 1814 1649 susci-

124 1688 258 1755 suscitati,
276 1687 311 1741 de
333 1687 435 1757 quibus
454 1686 514 1758 ipse
529 1686 664 1742 dicebat:
688 1707 701 1736 «
717 1686 788 1742 Cum
802 1687 942 1742 exaltatus
994 1684 1062 1755 piat,
1087 1689 1244 1758 utrumque
1269 1686 1415 1755 defendat,
1440 1703 1505 1759 quae
1530 1687 1697 1742 secundum
1709 1688 1815 1742 contes-

125 1781 205 1835 suero
228 1797 244 1834 a
265 1786 350 1847 terra,
375 1780 473 1835 omnia
495 1781 606 1834 irnham
627 1778 664 1833 ad
688 1780 830 1851 meipsum
853 1757 981 1850 (roanss
994 1778 1103 1834 sionem
1120 1778 1196 1835 beati
1211 1780 1286 1835 Petri
1302 1779 1420 1851 apostoli
1435 1796 1527 1835 unum
1538 1780 1692 1837 Christum
1705 1782 1756 1837 Dei
1767 1782 1817 1836 viri

122 1891 172 1941 xn,
187 1876 241 1945 32),
258 1896 271 1923 n
295 1874 366 1929 tides
389 1873 496 1930 etenim
515 1874 675 1945 justificans
688 1873 791 1946 impios
803 1877 832 1929 et
844 1889 945 1928 creans
995 1871 1098 1928 Filium
1111 1877 1140 1928 ct
1153 1873 1301 1928 hominem
1317 1874 1409 1930 credit
1421 1878 1450 1929 et
1463 1890 1578 1945 verum,
1599 1875 1735 1931 Christus
1751 1878 1817 1931 Dens

119 1969 212 2037 ¹iustos
236 1968 270 2023 ad
293 1968 464 2024 humilitatis
490 1972 612 2023 retracta
634 1967 828 2039 participium,
849 1968 880 2023 in
895 1968 944 2022 illo
993 1974 1093 2023 noster
1115 1983 1198 2022 verus
1221 1968 1260 2022 ita
1274 1969 1348 2023 inter
1363 1968 1453 2023 Deum
1467 1971 1496 2022 et
1510 1968 1664 2024 bominem
1681 1970 1817 2026 mediator

123 2062 244 2134 acquirit
263 2063 382 2117 salutem
402 2061 431 2116 in
446 2078 503 2133 quo
518 2062 578 2116 solo
594 2062 682 2115 homo
697 2077 726 2116 se
743 2061 851 2117 invenit
866 2061 945 2116 inno
994 2060 1136 2133 apparuit,
1149 2065 1180 2116 ut
1202 2061 1233 2115 in
1247 2061 1354 2118 unitate
1365 2078 1493 2133 persone
1506 2064 1649 2134 copulans
1668 2067 1816 2136 utramque

124 2161 247 2224 contem,
275 2156 399 2210 liberum
422 2155 530 2210 babens
550 2172 602 2225 per
623 2155 746 2226 gratiam
765 2156 814 2209 Dei
837 2155 872 2210 de
885 2154 945 2226 ejus
995 2161 1136 2223 naturam,
1162 2159 1190 2210 et
1216 2154 1296 2211 solita
1315 2156 1482 2212 sublimaret
1505 2156 1643 2227 insolitis,
1663 2162 1696 2213 et
1714 2158 1816 2213 insolita

123 2250 251 2318 potentia
265 2249 390 2320 gloriari,
405 2249 455 2321 qui
465 2254 563 2303 contra
576 2248 687 2303 hostem
698 2247 816 2303 humani
830 2248 944 2320 generis
995 2250 1083 2305 solitis
1091 2248 1358 2319 temperaret.Quid
1366 2249 1553 2321 igiturtCum
1564 2251 1816 2308 ChristussitDcus

122 2344 259 2398 incarnis
279 2348 381 2398 nostra
408 2342 569 2399 humilitate
588 2358 768 2412 congressus,
793 2341 835 2397 bis
852 2341 941 2397 victo·
995 2344 1131 2411 ethome,
1143 2342 1814 2414 loquiturhomo,etcalumniarisDeotllleinse

122 2438 196 2493 riam
211 2454 290 2492 suam
313 2437 411 2492 tribuit
433 2437 461 2490 in
476 2454 599 2509 quorum
612 2453 732 2509 corpore
747 2436 943 2508 triumphavit.
995 2441 1129 2494 naturam
1144 2436 1330 2491 commendat
1341 2436 1509 2505 humanam,
1521 2437 1550 2492 in
1562 2438 1614 2493 illo
1629 2440 1724 2495 audes
1733 2440 1815 2495 delor-

123 2534 199 2589 Licet
213 2549 282 2604 crgo
298 2533 326 2587 iu
340 2548 399 2587 uno
418 2531 536 2586 Domino
554 2535 653 2587 nostro
667 2533 731 2587 tesu
746 2530 858 2587 Christo
878 2547 945 2587 vero
995 2548 1076 2588 mare
1092 2530 1241 2587 divinam?
1256 2530 1373 2586 Gemina
1385 2546 1455 2602 ergo
1470 2535 1513 2586 est
1527 2533 1695 2588 substantia
1709 2534 1814 2601 Christi,

123 2627 173 2681 Doi
186 2629 271 2698 atque
283 2626 407 2681 hominis
419 2626 500 2693 Filio,
513 2625 596 2680 Verbi
609 2628 638 2680 et
650 2624 742 2680 carnis
756 2641 812 2680 una
823 2639 945 2696 persona
994 2625 1090 2680 divina
1103 2623 1219 2693 scilieet,
1240 2640 1296 2697 qua
1318 2624 1436 2696 equalis
1449 2628 1492 2679 est
1505 2625 1596 2694 Patri,
1611 2627 1747 2684 humana
1757 2644 1816 2683 vero

125 2721 170 2788 sit,
198 2735 262 2791 quae
287 2718 515 2791 inseparabiliter
535 2722 622 2789 atque
647 2718 767 2772 indivise
781 2717 884 2772 babeat
899 2733 943 2771 ac·
995 2735 1052 2791 qua
1067 2717 1162 2773 minor
1174 2722 1217 2772 est
1229 2718 1311 2773 Patre
1326 2735 1332 2771 :
1348 2723 1502 2790 utrumque
1527 2722 1630 2774 autem
1655 2721 1744 2777 simul
1765 2738 1815 2777 nou

125 2810 621 2882 tionescommunes,intelligcndae
632 2812 945 2882 tamensuntipsorum
994 2812 1061 2879 duo,
1089 2812 1139 2867 sed
1165 2828 1238 2866 unus
1263 2811 1401 2879 Christus,
1431 2828 1468 2868 ne
1483 2812 1519 2867 sit
1532 2817 1722 2885 quaternitas
1740 2819 1814 2873 Deus.

125 2923 244 2978 operum
257 2906 418 2977 qualitates,
435 2910 463 2961 et
484 2905 522 2958 sie
536 2921 608 2959 verae
624 2905 688 2960 fidei
704 2905 945 2976 contemplatione
995 2906 1072 2962 Sicut
1098 2905 1176 2961 enim
1196 2921 1272 2961 unus
1293 2909 1336 2962 est
1356 2906 1444 2961 homo
1463 2906 1492 2961 in
1516 2908 1614 2964 anima
1637 2912 1773 2967 rationali
1791 2917 1816 2966 et

127 3000 304 3056 cernendum
321 3004 373 3065 est,
387 2998 423 3052 ad
431 2998 678 3070 quaprovehatur
686 2997 829 3053 humilitas
839 2999 944 3066 carnis,
995 3016 1091 3068 carne,
1104 3000 1144 3054 sic
1165 3016 1240 3054 unus
1258 3004 1300 3055 est
1317 2999 1446 3057 Christus
1466 3002 1539 3057 Deus
1559 3006 1591 3057 et
1606 3002 1712 3075 homo,
1728 3010 1755 3062 et
1772 3023 1815 3078 per

125 3100 153 3150 ct
164 3094 200 3149 ad
212 3109 277 3166 quae
291 3092 443 3147 inclinetur
453 3091 573 3147 altitudo
586 3091 699 3147 deitatis
711 3110 717 3159 ;
739 3091 808 3164 quid
821 3091 857 3146 sit
870 3091 944 3163 quod
956 3129 984 3206 C
996 3094 1049 3149 hoc
1070 3093 1198 3150 Christus
1221 3094 1294 3149 Deus
1314 3094 1412 3150 anima
1431 3095 1583 3151 rationalis
1602 3103 1631 3153 et
1645 3116 1727 3155 caro.
1742 3101 1813 3157 Cbri·

126 3204 190 3242 earo
211 3187 271 3241 sine
286 3185 376 3242 Verbo
390 3202 447 3240 non
468 3185 537 3256 agit,
554 3184 662 3256 etquid
678 3185 715 3240 sit
730 3185 805 3257 quod
822 3185 945 3241 Verbum
995 3192 1070 3243 stum
1078 3188 1107 3242 in
1117 3187 1460 3256 bisomuibus,Christuur
1469 3189 1499 3245 in
1507 3189 1811 3263 siugulisconfitemur.

125 3282 188 3336 sino
202 3297 286 3335 earne
300 3296 357 3334 non
368 3279 462 3334 eflicit.
478 3277 545 3334 Sina
560 3277 643 3333 Verbi
657 3277 734 3334 enim
751 3277 880 3350 potentia
895 3294 947 3334 nec
995 3281 1068 3337 Deus
1089 3286 1116 3337 te
1139 3279 1285 3338 convertat
1306 3282 1336 3337 in
1359 3282 1481 3350 bonum,
1495 3284 1597 3354 irater,
1610 3291 1641 3342 et
1654 3292 1743 3344 rectae
1756 3289 1812 3343 fidei

124 3374 287 3445 eoriciperet
302 3375 387 3444 Virgo
401 3388 454 3427 nec
468 3375 591 3444 pareret,
607 3378 636 3426 et
646 3372 707 3427 sine
718 3371 837 3428 veritate
852 3372 947 3427 carnis
996 3391 1128 3431 normam
1147 3380 1174 3431 tc
1192 3375 1221 3431 in
1241 3377 1375 3433 omnibus
1393 3380 1490 3434 tenere
1503 3381 1532 3434 et
1544 3378 1654 3437 docere
1675 3383 1810 3439 concedat

124 3467 366 3540 obvolutapannis
381 3466 502 3522 infantia
517 3483 574 3521 nou
585 3466 703 3537 jaceret.
721 3466 787 3522 Sine
802 3465 885 3522 Verbi
900 3483 949 3538 po·
998 3472 1097 3525 Amen.
1113 3470 1185 3525 Data
1201 3471 1300 3526 Kalen.
1311 3471 1384 3541 llaii,
1397 3471 1558 3529 rusciniano
1572 3480 1681 3547 quarto
1695 3483 1724 3534 et
1734 3479 1809 3533 Theo-

127 3563 218 3617 tentia
243 3579 302 3617 non
327 3561 481 3616 adorarent
500 3558 577 3632 magi
598 3576 732 3632 puerum,
754 3560 835 3616 stella
855 3559 949 3616 indice
999 3564 1108 3620 datolV
1122 3564 1292 3620 consulibus.

401 3944 690 4038 lNGlPlUNT
742 3946 1005 4040 DECRETA
1059 3944 1305 4039 SleERll
1356 3946 1542 4040 PAPAE.

237 4311 361 4379 Epistola
375 4310 514 4365 Amatoris
526 4313 645 4380 episcopi
659 4312 696 4366 nd
709 4312 839 4367 eumdem.
998 4316 1074 4366 certa
1087 4312 1163 4367 bono
1174 4312 1334 4367 serenitatis
1347 4327 1492 4368 amovere.
1509 4311 1566 4367 Dra
1580 4329 1635 4384 pro
1649 4315 1741 4379 nobis,
1754 4314 1804 4367 bea·

167 4402 330 4458 lteatissimo
343 4403 471 4458 Srnvmro
481 4404 597 4460 Auaron
609 4405 769 4476 episcopus.
998 4404 1107 4461 tissime
1123 4422 1207 4478 papa.

163 4500 186 4553 Α
200 4497 380 4571 quibusdam,
403 4499 487 4552 Pater
505 4496 698 4567 dilectissime,
715 4497 772 4555 illic
785 4516 802 4553 a
817 4498 987 4596 PatribusD
1062 4502 1230 4571 Descmptum
1242 4501 1361 4569 ejusdem
1375 4502 1412 4555 ad
1423 4502 1582 4557 Amatorem
1595 4506 1758 4575 episcopum.

127 4591 346 4650 adventantibus
363 4591 525 4647 audivimus
541 4609 589 4648 vos
603 4610 620 4648 a
633 4593 699 4650 sede
712 4594 803 4649 sancti
817 4594 892 4650 Petri
904 4593 948 4648 in·
1035 4591 1223 4649 Dilectissimo
1234 4596 1319 4666 atque
1330 4595 1527 4650 amantissimo
1539 4598 1671 4653 Auaron
1681 4599 1807 4671 episcopo.

125 4689 201 4758 juste
223 4687 339 4758 pulsum
355 4685 453 4742 exsilio
469 4686 654 4743 destinatum.
671 4687 752 4753 Quod
765 4688 850 4743 nimis
864 4703 948 4758 grave
1000 4688 1154 4743 Snvanros.

72 4800 75 4804 ’
127 4783 252 4837 ferentes
275 4780 405 4836 misimus
428 4798 512 4851 parva
532 4782 701 4837 munuscula
716 4782 747 4836 id
771 4787 812 4836 est
836 4781 949 4852 argenti
1034 4780 1056 4835 Ο
1080 4797 1167 4852 quam
1181 4781 1258 4837 bona
1276 4785 1319 4838 est
1332 4782 1532 4854 charitasque
1547 4784 1685 4843 absentia
1697 4804 1746 4859 per
1757 4787 1811 4840 ima·

128 4875 216 4929 libras
236 4890 299 4943 xxx,
325 4874 361 4928 ad
385 4877 506 4929 vestram
534 4879 750 4947 vestrorumque
770 4874 949 4930 sustentatio·
1000 4876 1096 4946 giuem
1120 4876 1275 4946 praesentia
1295 4876 1463 4948 sibimetipsi
1486 4877 1605 4934 exbibet
1619 4897 1675 4951 per
1688 4895 1809 4937 amorem.

130 4985 207 5036 irem,
234 4983 298 5039 quae
326 4967 448 5040 petimus
469 4972 500 5022 ut
527 4969 566 5023 ita
586 4974 667 5041 grato
680 4969 778 5024 animo
792 4968 950 5040 suscipiatis
1000 4965 1093 5024 Divisa
1118 4969 1219 5041 tangit,
1249 4971 1368 5025 contusa
1391 4970 1513 5040 ordinat,
1544 4973 1706 5046 inaequalia
1730 4974 1809 5030 sociat

130 5063 201 5118 sicut
216 5066 298 5134 grata
314 5061 469 5117 mittuntur
483 5062 650 5119 intentione.
667 5064 822 5119 Precamur
834 5079 948 5134 quoquc
999 5063 1167 5135 imperfecta
1179 5062 1301 5136 perlicit.
1311 5064 1403 5129 Quam
1414 5070 1490 5120 recte
1499 5067 1682 5138 praedicator
1692 5068 1807 5142 egregius

17 5217 23 5224 ¹
130 5163 160 5211 nt
173 5173 223 5228 per
236 5160 357 5212 vestram
371 5156 521 5227 epistolam
538 5157 619 5212 nobis
639 5158 808 5213 remendare
827 5173 885 5213 non
903 5157 949 5211 de·
999 5157 1142 5211 vinculum
1168 5157 1355 5229 perfectionis
1380 5159 1557 5230 vocet,quia
1575 5160 1698 5220 virtutes
1710 5161 1807 5236 quidem

129 5251 287 5322 dignemini
298 5250 420 5322 qualiter
433 5250 508 5307 circa
518 5267 568 5307 vos
579 5252 615 5306 sit
627 5256 723 5307 actum
739 5252 781 5307 vel
792 5251 876 5306 modo
887 5251 947 5323 agi·
1000 5255 1111 5305 cetere
1130 5250 1337 5322 perlectionem
1351 5257 1500 5322 generant,
1517 5255 1569 5309 sed
1586 5259 1690 5312 tamen
1704 5274 1748 5312 eae
1758 5256 1809 5310 rba·

130 5348 355 5412 tur,utcertan1
371 5344 512 5400 rationem
525 5345 559 5400 de
581 5344 662 5400 vobis
680 5345 753 5400 scire
768 5349 797 5399 et
815 5342 949 5399 fratribus
999 5344 1068 5399 ritas
1094 5344 1173 5416 ligat,
1197 5349 1228 5399 ut
1246 5344 1281 5399 ab
1300 5345 1423 5402 amantis
1441 5351 1538 5403 mente
1559 5348 1681 5406 dissolri
1695 5352 1753 5423 jem
1770 5364 1807 5402 ne·

127 5439 236 5494 valeam
249 5439 392 5495 nuntiare.
417 5438 491 5503 Quid
515 5439 593 5496 enim
615 5444 697 5510 putas
717 5438 752 5493 de
775 5437 856 5492 nobis
874 5437 947 5507 lieri,
999 5443 1114 5510 queant.
1134 5439 1189 5493 llac
1207 5439 1305 5511 itaque
1323 5440 1435 5508 virtute,
1459 5439 1552 5497 irater
1567 5442 1745 5511 charissime,
1759 5443 1807 5515 ple·

127 5534 209 5587 Pater
234 5549 356 5599 summe,
384 5549 450 5588 cum
473 5532 508 5587 de
534 5548 647 5586 summo
670 5535 787 5603 pastore
804 5534 832 5585 et
846 5530 949 5586 vicario
999 5548 1069 5587 num
1083 5536 1110 5588 te
1124 5532 1237 5604 reperio
1252 5532 1320 5588 dum
1330 5550 1387 5589 non
1403 5534 1494 5590 solum
1505 5534 1541 5591 dc
1554 5552 1604 5593 me
1621 5538 1808 5596 amcitandoet

127 5627 218 5680 sancti
229 5626 305 5681 Petri
317 5627 385 5681 talia
400 5626 497 5681 liunt?
519 5626 574 5681 Vos
594 5630 689 5681 tanren
713 5624 801 5680 nolite
825 5625 948 5680 multum
999 5625 1137 5681 visitando
1162 5642 1260 5682 curam
1283 5628 1380 5697 habes,
1410 5629 1460 5685 scd
1485 5629 1574 5686 etiam
1598 5631 1687 5688 bonis
1709 5633 1761 5690 tuis
1771 5643 1806 5684 mc

130 5718 245 5785 tristari,
267 5718 317 5773 sed
332 5720 535 5775 confortamini
557 5736 672 5791 semper
688 5718 717 5774 in
732 5719 863 5786 Domino,
879 5736 946 5791 quo
999 5719 1100 5775 fulcire
1122 5725 1151 5775 et
1170 5724 1332 5778 sustentare
1356 5738 1415 5777 non
1444 5723 1563 5780 desinis.
1588 5725 1706 5791 Quanta
1724 5730 1805 5783 subm

124 5809 201 5864 niam
218 5817 374 5882 potensest
388 5813 524 5869 divinitas
539 5814 687 5871 immense
703 5812 883 5887 tempestatis
903 5813 948 5871 in·
1000 5814 1114 5871 malain
1131 5830 1176 5870 me
1191 5817 1303 5889 peracta
1314 5819 1389 5885 sunt,
1404 5832 1455 5873 nec
1469 5832 1620 5890 enarrare,
1633 5837 1688 5879 nec
1700 5819 1807 5877 scribere
