<?xml version="1.0" encoding="UTF-8"?>
<!DOCTYPE html PUBLIC "-//W3C//DTD XHTML 1.0 Transitional//EN"
    "http://www.w3.org/TR/xhtml1/DTD/xhtml1-transitional.dtd">
<html xmlns="http://www.w3.org/1999/xhtml" xml:lang="en" lang="en">
 <head>
  <title>
</title>
<meta http-equiv="Content-Type" content="text/html;charset=utf-8" />
  <meta name='ocr-system' content='tesseract 3.04.00' />
  <meta name='ocr-capabilities' content='ocr_page ocr_carea ocr_par ocr_line ocrx_word'/>
</head>
<body>
  <div class='ocr_page' id='page_1' title='image "./patrologiaecurs03unkngoog_0161.png"; bbox 0 0 3870 6150; ppageno 0'>
   <div class='ocr_carea' id='block_1_1' title="bbox 581 299 1369 360">
    <p class='ocr_par' dir='ltr' id='par_1_1' title="bbox 581 299 1369 360">
     <span class='ocr_line' id='line_1_1' title="bbox 581 299 1369 360; baseline -0.003 -4"><span class='ocrx_word' id='word_1_1' title='bbox 581 302 721 356; x_wconf 75' lang='lat' dir='ltr'><strong>APPEND.</strong></span> <span class='ocrx_word' id='word_1_2' title='bbox 743 302 787 357; x_wconf 74' lang='lat' dir='ltr'><strong>tlt</strong></span> <span class='ocrx_word' id='word_1_3' title='bbox 806 304 887 360; x_wconf 82' lang='lat' dir='ltr'><strong>SAEG.</strong></span> <span class='ocrx_word' id='word_1_4' title='bbox 908 299 1369 357; x_wconf 71' lang='grc'>11.-18111011111101101118</span> 
     </span>
    </p>
   </div>
   <div class='ocr_carea' id='block_1_2' title="bbox 507 482 1448 558">
    <p class='ocr_par' dir='ltr' id='par_1_2' title="bbox 507 482 1448 558">
     <span class='ocr_line' id='line_1_2' title="bbox 507 482 1448 558; baseline 0.001 -3"><span class='ocrx_word' id='word_1_5' title='bbox 507 484 683 556; x_wconf 84' lang='lat' dir='ltr'>INCIPIT</span> <span class='ocrx_word' id='word_1_6' title='bbox 723 484 986 558; x_wconf 86' lang='lat' dir='ltr'>CONCILIUM</span> <span class='ocrx_word' id='word_1_7' title='bbox 1023 482 1448 557; x_wconf 84' lang='lat' dir='ltr'><strong>NEOCAESARIENSE.</strong></span> 
     </span>
    </p>
   </div>
   <div class='ocr_carea' id='block_1_3' title="bbox 95 639 1848 4918">
    <p class='ocr_par' dir='ltr' id='par_1_3' title="bbox 95 639 1848 4918">
     <span class='ocr_line' id='line_1_3' title="bbox 173 639 1818 729; baseline -0.002 -30"><span class='ocrx_word' id='word_1_8' title='bbox 173 644 205 699; x_wconf 80' lang='lat' dir='ltr'><strong>et</strong></span> <span class='ocrx_word' id='word_1_9' title='bbox 219 643 250 698; x_wconf 91' lang='lat' dir='ltr'><strong>hi</strong></span> <span class='ocrx_word' id='word_1_10' title='bbox 266 643 381 716; x_wconf 80' lang='lat' dir='ltr'><strong>quidem</strong></span> <span class='ocrx_word' id='word_1_11' title='bbox 395 659 518 699; x_wconf 87' lang='grc'>6666666</span> <span class='ocrx_word' id='word_1_12' title='bbox 532 643 648 700; x_wconf 91' lang='lat' dir='ltr'><strong>secundi</strong></span> <span class='ocrx_word' id='word_1_13' title='bbox 663 648 729 700; x_wconf 91' lang='lat' dir='ltr'><strong>sunt</strong></span> <span class='ocrx_word' id='word_1_14' title='bbox 743 662 846 728; x_wconf 89' lang='lat' dir='ltr'><strong>eorum</strong></span> <span class='ocrx_word' id='word_1_15' title='bbox 860 645 909 718; x_wconf 89' lang='lat' dir='ltr'><strong>qui</strong></span> <span class='ocrx_word' id='word_1_16' title='bbox 921 645 951 701; x_wconf 92' lang='lat' dir='ltr'><strong>in</strong></span> <span class='ocrx_word' id='word_1_17' title='bbox 962 655 992 729; x_wconf 72' lang='grc' dir='ltr'><strong>Α</strong></span> <span class='ocrx_word' id='word_1_18' title='bbox 1036 644 1104 699; x_wconf 85' lang='grc'>11111.</span> <span class='ocrx_word' id='word_1_19' title='bbox 1113 642 1142 699; x_wconf 87' lang='grc'><strong>81</strong></span> <span class='ocrx_word' id='word_1_20' title='bbox 1149 643 1229 714; x_wconf 86' lang='lat' dir='ltr'><strong>cujus</strong></span> <span class='ocrx_word' id='word_1_21' title='bbox 1238 658 1357 698; x_wconf 88' lang='lat' dir='ltr'><strong>uxorem</strong></span> <span class='ocrx_word' id='word_1_22' title='bbox 1372 640 1545 698; x_wconf 82' lang='lat' dir='ltr'><strong>adulterium</strong></span> <span class='ocrx_word' id='word_1_23' title='bbox 1557 639 1818 708; x_wconf 87' lang='lat' dir='ltr'><strong>commisisse,cum</strong></span> 
     </span>
     <span class='ocr_line' id='line_1_4' title="bbox 136 734 1819 810; baseline -0.002 -17"><span class='ocrx_word' id='word_1_24' title='bbox 136 740 248 810; x_wconf 74' lang='lat' dir='ltr'><strong>hncym</strong></span> <span class='ocrx_word' id='word_1_25' title='bbox 272 740 300 793; x_wconf 89' lang='lat' dir='ltr'><strong>et</strong></span> <span class='ocrx_word' id='word_1_26' title='bbox 326 737 456 793; x_wconf 73' lang='lat' dir='ltr'><strong>Cesarea</strong></span> <span class='ocrx_word' id='word_1_27' title='bbox 482 737 600 810; x_wconf 76' lang='lat' dir='ltr'>expositi</span> <span class='ocrx_word' id='word_1_28' title='bbox 631 741 707 808; x_wconf 92' lang='lat' dir='ltr'><strong>sunt,</strong></span> <span class='ocrx_word' id='word_1_29' title='bbox 735 738 856 796; x_wconf 76' lang='lat' dir='ltr'><strong>Nicaanis</strong></span> <span class='ocrx_word' id='word_1_30' title='bbox 884 754 951 796; x_wconf 90' lang='lat' dir='ltr'><strong>vero</strong></span> <span class='ocrx_word' id='word_1_31' title='bbox 1002 741 1075 794; x_wconf 89' lang='lat' dir='ltr'><strong>esset</strong></span> <span class='ocrx_word' id='word_1_32' title='bbox 1092 737 1191 803; x_wconf 91' lang='lat' dir='ltr'><strong>laicus,</strong></span> <span class='ocrx_word' id='word_1_33' title='bbox 1207 736 1294 792; x_wconf 89' lang='grc'>166611</span> <span class='ocrx_word' id='word_1_34' title='bbox 1316 736 1544 808; x_wconf 90' lang='lat' dir='ltr'><strong>comprobatum,</strong></span> <span class='ocrx_word' id='word_1_35' title='bbox 1567 735 1613 790; x_wconf 92' lang='lat' dir='ltr'><strong>hic</strong></span> <span class='ocrx_word' id='word_1_36' title='bbox 1634 735 1671 789; x_wconf 89' lang='lat' dir='ltr'><strong>ad</strong></span> <span class='ocrx_word' id='word_1_37' title='bbox 1692 734 1819 790; x_wconf 81' lang='lat' dir='ltr'><strong>ministe-</strong></span> 
     </span>
     <span class='ocr_line' id='line_1_5' title="bbox 136 827 1818 905; baseline -0.002 -19"><span class='ocrx_word' id='word_1_38' title='bbox 136 832 246 905; x_wconf 90' lang='lat' dir='ltr'><strong>priores</strong></span> <span class='ocrx_word' id='word_1_39' title='bbox 258 830 452 887; x_wconf 87' lang='lat' dir='ltr'><strong>inveniuntur.</strong></span> <span class='ocrx_word' id='word_1_40' title='bbox 1001 831 1077 887; x_wconf 90' lang='lat' dir='ltr'><strong>rium</strong></span> <span class='ocrx_word' id='word_1_41' title='bbox 1089 829 1307 888; x_wconf 89' lang='lat' dir='ltr'><strong>ecclesiasticum</strong></span> <span class='ocrx_word' id='word_1_42' title='bbox 1322 828 1435 886; x_wconf 77' lang='lat' dir='ltr'><strong>admitti</strong></span> <span class='ocrx_word' id='word_1_43' title='bbox 1455 845 1514 885; x_wconf 94' lang='lat' dir='ltr'><strong>non</strong></span> <span class='ocrx_word' id='word_1_44' title='bbox 1529 832 1631 902; x_wconf 88' lang='lat' dir='ltr'><strong>potest.</strong></span> <span class='ocrx_word' id='word_1_45' title='bbox 1652 827 1736 894; x_wconf 83' lang='lat' dir='ltr'><strong>Quod</strong></span> <span class='ocrx_word' id='word_1_46' title='bbox 1753 827 1818 883; x_wconf 91' lang='lat' dir='ltr'><strong>siin</strong></span> 
     </span>
     <span class='ocr_line' id='line_1_6' title="bbox 170 920 1818 999; baseline -0.004 -17"><span class='ocrx_word' id='word_1_47' title='bbox 170 927 371 982; x_wconf 75' lang='lat' dir='ltr'><strong>Convenerunt</strong></span> <span class='ocrx_word' id='word_1_48' title='bbox 385 929 481 981; x_wconf 88' lang='lat' dir='ltr'><strong>autem</strong></span> <span class='ocrx_word' id='word_1_49' title='bbox 505 926 534 981; x_wconf 91' lang='lat' dir='ltr'><strong>in</strong></span> <span class='ocrx_word' id='word_1_50' title='bbox 553 927 693 999; x_wconf 85' lang='lat' dir='ltr'><strong>synodum</strong></span> <span class='ocrx_word' id='word_1_51' title='bbox 717 930 906 983; x_wconf 79' lang='lat' dir='ltr'><strong>memoratam</strong></span> <span class='ocrx_word' id='word_1_52' title='bbox 921 926 950 982; x_wconf 92' lang='lat' dir='ltr'><strong>in</strong></span> <span class='ocrx_word' id='word_1_53' title='bbox 971 976 974 982; x_wconf 94' lang='grc'><em>,</em></span> <span class='ocrx_word' id='word_1_54' title='bbox 1001 925 1136 982; x_wconf 86' lang='lat' dir='ltr'><strong>clericatu</strong></span> <span class='ocrx_word' id='word_1_55' title='bbox 1144 925 1207 997; x_wconf 87' lang='lat' dir='ltr'><strong>jam</strong></span> <span class='ocrx_word' id='word_1_56' title='bbox 1219 923 1372 980; x_wconf 88' lang='lat' dir='ltr'><strong>constituto</strong></span> <span class='ocrx_word' id='word_1_57' title='bbox 1381 940 1415 980; x_wconf 95' lang='lat' dir='ltr'><strong>eo</strong></span> <span class='ocrx_word' id='word_1_58' title='bbox 1425 923 1603 993; x_wconf 77' lang='lat' dir='ltr'><strong>adulteravit,</strong></span> <span class='ocrx_word' id='word_1_59' title='bbox 1617 923 1683 978; x_wconf 87' lang='lat' dir='ltr'><strong>dato</strong></span> <span class='ocrx_word' id='word_1_60' title='bbox 1698 920 1818 993; x_wconf 89' lang='lat' dir='ltr'><strong>repudio</strong></span> 
     </span>
     <span class='ocr_line' id='line_1_7' title="bbox 136 1016 1817 1094; baseline -0.004 -20"><span class='ocrx_word' id='word_1_61' title='bbox 136 1018 359 1074; x_wconf 82' lang='lat' dir='ltr'><strong>Neocaesariense</strong></span> <span class='ocrx_word' id='word_1_62' title='bbox 381 1019 492 1075; x_wconf 88' lang='lat' dir='ltr'><strong>civitate</strong></span> <span class='ocrx_word' id='word_1_63' title='bbox 515 1019 544 1075; x_wconf 91' lang='lat' dir='ltr'><strong>hi</strong></span> <span class='ocrx_word' id='word_1_64' title='bbox 568 1020 618 1093; x_wconf 90' lang='lat' dir='ltr'><strong>qui</strong></span> <span class='ocrx_word' id='word_1_65' title='bbox 640 1021 714 1076; x_wconf 89' lang='grc'>16166</span> <span class='ocrx_word' id='word_1_66' title='bbox 739 1019 837 1094; x_wconf 85' lang='lat' dir='ltr'><strong>scripti</strong></span> <span class='ocrx_word' id='word_1_67' title='bbox 861 1023 949 1078; x_wconf 87' lang='lat' dir='ltr'><strong>suut:</strong></span> <span class='ocrx_word' id='word_1_68' title='bbox 1001 1018 1144 1074; x_wconf 89' lang='lat' dir='ltr'><strong>dimittere</strong></span> <span class='ocrx_word' id='word_1_69' title='bbox 1154 1034 1217 1074; x_wconf 92' lang='lat' dir='ltr'><strong>eam</strong></span> <span class='ocrx_word' id='word_1_70' title='bbox 1232 1017 1326 1073; x_wconf 92' lang='lat' dir='ltr'><strong>dehet.</strong></span> <span class='ocrx_word' id='word_1_71' title='bbox 1346 1016 1375 1073; x_wconf 86' lang='lat' dir='ltr'><strong>Si</strong></span> <span class='ocrx_word' id='word_1_72' title='bbox 1395 1033 1462 1072; x_wconf 83' lang='lat' dir='ltr'><strong>vero</strong></span> <span class='ocrx_word' id='word_1_73' title='bbox 1481 1016 1604 1072; x_wconf 89' lang='lat' dir='ltr'><strong>retinere</strong></span> <span class='ocrx_word' id='word_1_74' title='bbox 1624 1016 1688 1088; x_wconf 89' lang='lat' dir='ltr'><strong>ejus</strong></span> <span class='ocrx_word' id='word_1_75' title='bbox 1702 1030 1817 1071; x_wconf 87' lang='lat' dir='ltr'><strong>consor·</strong></span> 
     </span>
     <span class='ocr_line' id='line_1_8' title="bbox 138 1108 1816 1186; baseline -0.001 -21"><span class='ocrx_word' id='word_1_76' title='bbox 138 1111 242 1178; x_wconf 87' lang='lat' dir='ltr'><strong>Vitalis,</strong></span> <span class='ocrx_word' id='word_1_77' title='bbox 265 1111 430 1182; x_wconf 86' lang='lat' dir='ltr'><strong>Germanus,</strong></span> <span class='ocrx_word' id='word_1_78' title='bbox 454 1112 554 1183; x_wconf 91' lang='lat' dir='ltr'><strong>Sodus,</strong></span> <span class='ocrx_word' id='word_1_79' title='bbox 573 1113 709 1186; x_wconf 78' lang='lat' dir='ltr'><strong>hystrius,</strong></span> <span class='ocrx_word' id='word_1_80' title='bbox 723 1115 827 1186; x_wconf 85' lang='lat' dir='ltr'><strong>Lupus,</strong></span> <span class='ocrx_word' id='word_1_81' title='bbox 844 1113 950 1169; x_wconf 86' lang='lat' dir='ltr'><strong>Geron·</strong></span> <span class='ocrx_word' id='word_1_82' title='bbox 1001 1111 1075 1167; x_wconf 91' lang='lat' dir='ltr'><strong>tium</strong></span> <span class='ocrx_word' id='word_1_83' title='bbox 1102 1111 1179 1181; x_wconf 90' lang='grc'>66111,</span> <span class='ocrx_word' id='word_1_84' title='bbox 1205 1126 1264 1165; x_wconf 89' lang='grc'><strong>666</strong></span> <span class='ocrx_word' id='word_1_85' title='bbox 1289 1112 1383 1182; x_wconf 88' lang='grc'>661661</span> <span class='ocrx_word' id='word_1_86' title='bbox 1410 1113 1540 1182; x_wconf 86' lang='grc'>66666616</span> <span class='ocrx_word' id='word_1_87' title='bbox 1564 1108 1725 1166; x_wconf 90' lang='lat' dir='ltr'><strong>ministerio</strong></span> <span class='ocrx_word' id='word_1_88' title='bbox 1750 1123 1816 1181; x_wconf 87' lang='lat' dir='ltr'><strong>per·</strong></span> 
     </span>
     <span class='ocr_line' id='line_1_9' title="bbox 141 1204 1067 1278; baseline 0 -19"><span class='ocrx_word' id='word_1_89' title='bbox 141 1204 205 1273; x_wconf 89' lang='lat' dir='ltr'><strong>tius,</strong></span> <span class='ocrx_word' id='word_1_90' title='bbox 221 1205 381 1274; x_wconf 79' lang='lat' dir='ltr'><strong>salamnus,</strong></span> <span class='ocrx_word' id='word_1_91' title='bbox 397 1205 542 1273; x_wconf 86' lang='lat' dir='ltr'><strong>Leontius,</strong></span> <span class='ocrx_word' id='word_1_92' title='bbox 564 1211 678 1262; x_wconf 89' lang='lat' dir='ltr'><strong>sanctus</strong></span> <span class='ocrx_word' id='word_1_93' title='bbox 691 1207 816 1278; x_wconf 85' lang='lat' dir='ltr'><strong>Basilius,</strong></span> <span class='ocrx_word' id='word_1_94' title='bbox 827 1206 951 1262; x_wconf 85' lang='grc'>11616611-</span> <span class='ocrx_word' id='word_1_95' title='bbox 1000 1205 1067 1261; x_wconf 85' lang='grc'>1661.</span> 
     </span>
     <span class='ocr_line' id='line_1_10' title="bbox 137 1296 1818 1372; baseline -0.002 -18"><span class='ocrx_word' id='word_1_96' title='bbox 137 1316 201 1366; x_wconf 88' lang='lat' dir='ltr'><strong>nus,</strong></span> <span class='ocrx_word' id='word_1_97' title='bbox 227 1301 394 1372; x_wconf 84' lang='lat' dir='ltr'><strong>Stephanus,</strong></span> <span class='ocrx_word' id='word_1_98' title='bbox 424 1299 585 1370; x_wconf 79' lang='lat' dir='ltr'><strong>Gregorius,</strong></span> <span class='ocrx_word' id='word_1_99' title='bbox 612 1300 768 1372; x_wconf 77' lang='lat' dir='ltr'><strong>Longinus,</strong></span> <span class='ocrx_word' id='word_1_100' title='bbox 796 1300 950 1370; x_wconf 84' lang='lat' dir='ltr'><strong>NarcIssus,</strong></span> <span class='ocrx_word' id='word_1_101' title='bbox 1036 1299 1079 1355; x_wconf 90' lang='lat' dir='ltr'><strong>lll.</strong></span> <span class='ocrx_word' id='word_1_102' title='bbox 1109 1296 1160 1362; x_wconf 85' lang='lat' dir='ltr'><strong>Qui</strong></span> <span class='ocrx_word' id='word_1_103' title='bbox 1188 1296 1337 1354; x_wconf 84' lang='lat' dir='ltr'><strong>admiserit</strong></span> <span class='ocrx_word' id='word_1_104' title='bbox 1368 1297 1512 1369; x_wconf 87' lang='lat' dir='ltr'><strong>corporale</strong></span> <span class='ocrx_word' id='word_1_105' title='bbox 1539 1299 1689 1370; x_wconf 86' lang='lat' dir='ltr'><strong>peccatum</strong></span> <span class='ocrx_word' id='word_1_106' title='bbox 1719 1299 1747 1351; x_wconf 90' lang='lat' dir='ltr'><strong>et</strong></span> <span class='ocrx_word' id='word_1_107' title='bbox 1774 1296 1818 1351; x_wconf 86' lang='lat' dir='ltr'><strong>hic</strong></span> 
     </span>
     <span class='ocr_line' id='line_1_11' title="bbox 136 1389 1819 1466; baseline -0.004 -16"><span class='ocrx_word' id='word_1_108' title='bbox 136 1393 275 1464; x_wconf 85' lang='lat' dir='ltr'><strong>Decasius,</strong></span> <span class='ocrx_word' id='word_1_109' title='bbox 301 1393 445 1461; x_wconf 87' lang='lat' dir='ltr'><strong>Leontius,</strong></span> <span class='ocrx_word' id='word_1_110' title='bbox 471 1392 632 1464; x_wconf 84' lang='lat' dir='ltr'><strong>Heraclius,</strong></span> <span class='ocrx_word' id='word_1_111' title='bbox 662 1393 780 1463; x_wconf 77' lang='lat' dir='ltr'><strong>Alipius,</strong></span> <span class='ocrx_word' id='word_1_112' title='bbox 807 1411 824 1447; x_wconf 90' lang='grc'><strong>6</strong></span> <span class='ocrx_word' id='word_1_113' title='bbox 848 1392 951 1466; x_wconf 87' lang='lat' dir='ltr'><strong>quibus</strong></span> <span class='ocrx_word' id='word_1_114' title='bbox 1000 1397 1099 1465; x_wconf 89' lang='lat' dir='ltr'><strong>postea</strong></span> <span class='ocrx_word' id='word_1_115' title='bbox 1118 1391 1264 1464; x_wconf 78' lang='lat' dir='ltr'><strong>presbyter</strong></span> <span class='ocrx_word' id='word_1_116' title='bbox 1285 1391 1432 1447; x_wconf 90' lang='lat' dir='ltr'><strong>ordinatus</strong></span> <span class='ocrx_word' id='word_1_117' title='bbox 1453 1395 1504 1458; x_wconf 89' lang='lat' dir='ltr'><strong>est,</strong></span> <span class='ocrx_word' id='word_1_118' title='bbox 1526 1389 1550 1445; x_wconf 87' lang='lat' dir='ltr'><strong>si</strong></span> <span class='ocrx_word' id='word_1_119' title='bbox 1573 1390 1718 1447; x_wconf 81' lang='lat' dir='ltr'><strong>confessus</strong></span> <span class='ocrx_word' id='word_1_120' title='bbox 1732 1389 1819 1444; x_wconf 89' lang='grc'>166611</span> 
     </span>
     <span class='ocr_line' id='line_1_12' title="bbox 136 1481 1816 1560; baseline -0.003 -18"><span class='ocrx_word' id='word_1_121' title='bbox 136 1487 244 1558; x_wconf 72' lang='lat' dir='ltr'><strong>regulas</strong></span> <span class='ocrx_word' id='word_1_122' title='bbox 253 1487 370 1560; x_wconf 79' lang='lat' dir='ltr'><strong>prolatae</strong></span> <span class='ocrx_word' id='word_1_123' title='bbox 383 1489 450 1542; x_wconf 91' lang='lat' dir='ltr'><strong>sunt</strong></span> <span class='ocrx_word' id='word_1_124' title='bbox 462 1502 527 1558; x_wconf 77' lang='grc'><strong>666</strong></span> <span class='ocrx_word' id='word_1_125' title='bbox 540 1485 615 1541; x_wconf 89' lang='grc'>16166</span> <span class='ocrx_word' id='word_1_126' title='bbox 627 1486 740 1559; x_wconf 79' lang='lat' dir='ltr'><strong>scriptae</strong></span> <span class='ocrx_word' id='word_1_127' title='bbox 749 1489 825 1542; x_wconf 87' lang='lat' dir='ltr'><strong>sunt.</strong></span> <span class='ocrx_word' id='word_1_128' title='bbox 1000 1485 1077 1559; x_wconf 87' lang='lat' dir='ltr'><strong>quud</strong></span> <span class='ocrx_word' id='word_1_129' title='bbox 1096 1489 1162 1540; x_wconf 89' lang='grc'>6616</span> <span class='ocrx_word' id='word_1_130' title='bbox 1184 1484 1390 1540; x_wconf 87' lang='lat' dir='ltr'><strong>ordinationem</strong></span> <span class='ocrx_word' id='word_1_131' title='bbox 1404 1501 1486 1540; x_wconf 91' lang='lat' dir='ltr'><strong>suam</strong></span> <span class='ocrx_word' id='word_1_132' title='bbox 1500 1483 1670 1556; x_wconf 84' lang='lat' dir='ltr'><strong>peccaverit,</strong></span> <span class='ocrx_word' id='word_1_133' title='bbox 1684 1499 1743 1539; x_wconf 89' lang='lat' dir='ltr'><strong>non</strong></span> <span class='ocrx_word' id='word_1_134' title='bbox 1755 1481 1816 1555; x_wconf 90' lang='lat' dir='ltr'><strong>qni-</strong></span> 
     </span>
     <span class='ocr_line' id='line_1_13' title="bbox 133 1576 1819 1652; baseline -0.004 -14"><span class='ocrx_word' id='word_1_135' title='bbox 133 1635 134 1638; x_wconf 62' lang='lat'><strong>,</strong></span> <span class='ocrx_word' id='word_1_136' title='bbox 170 1583 233 1638; x_wconf 78' lang='lat' dir='ltr'><strong>Car.</strong></span> <span class='ocrx_word' id='word_1_137' title='bbox 255 1582 276 1636; x_wconf 93' lang='lat' dir='ltr'><strong>l.</strong></span> <span class='ocrx_word' id='word_1_138' title='bbox 297 1580 445 1652; x_wconf 82' lang='lat' dir='ltr'><strong>Presbyter</strong></span> <span class='ocrx_word' id='word_1_139' title='bbox 464 1579 487 1634; x_wconf 90' lang='lat' dir='ltr'><strong>si</strong></span> <span class='ocrx_word' id='word_1_140' title='bbox 511 1595 629 1635; x_wconf 84' lang='lat' dir='ltr'><strong>uxorem</strong></span> <span class='ocrx_word' id='word_1_141' title='bbox 648 1579 772 1650; x_wconf 82' lang='lat' dir='ltr'><strong>duxerit,</strong></span> <span class='ocrx_word' id='word_1_142' title='bbox 793 1579 828 1634; x_wconf 92' lang='grc'><strong>61</strong></span> <span class='ocrx_word' id='word_1_143' title='bbox 849 1579 950 1635; x_wconf 89' lang='lat' dir='ltr'><strong>ordiue</strong></span> <span class='ocrx_word' id='word_1_144' title='bbox 1000 1579 1066 1635; x_wconf 91' lang='lat' dir='ltr'><strong>dem</strong></span> <span class='ocrx_word' id='word_1_145' title='bbox 1081 1577 1189 1648; x_wconf 85' lang='grc'>6116661,</span> <span class='ocrx_word' id='word_1_146' title='bbox 1207 1583 1323 1634; x_wconf 85' lang='lat' dir='ltr'><strong>maneat</strong></span> <span class='ocrx_word' id='word_1_147' title='bbox 1337 1582 1435 1633; x_wconf 89' lang='lat' dir='ltr'><strong>autem</strong></span> <span class='ocrx_word' id='word_1_148' title='bbox 1454 1577 1485 1633; x_wconf 91' lang='lat' dir='ltr'><strong>in</strong></span> <span class='ocrx_word' id='word_1_149' title='bbox 1507 1577 1569 1633; x_wconf 91' lang='lat' dir='ltr'><strong>aliis</strong></span> <span class='ocrx_word' id='word_1_150' title='bbox 1583 1576 1685 1633; x_wconf 84' lang='lat' dir='ltr'><strong>officiis</strong></span> <span class='ocrx_word' id='word_1_151' title='bbox 1699 1578 1819 1650; x_wconf 90' lang='lat' dir='ltr'><strong>propter</strong></span> 
     </span>
     <span class='ocr_line' id='line_1_14' title="bbox 134 1671 1817 1744; baseline -0.002 -15"><span class='ocrx_word' id='word_1_152' title='bbox 134 1674 215 1729; x_wconf 89' lang='lat' dir='ltr'><strong>illum</strong></span> <span class='ocrx_word' id='word_1_153' title='bbox 228 1672 333 1744; x_wconf 83' lang='lat' dir='ltr'><strong>deponi</strong></span> <span class='ocrx_word' id='word_1_154' title='bbox 346 1671 460 1727; x_wconf 90' lang='lat' dir='ltr'><strong>dobere.</strong></span> <span class='ocrx_word' id='word_1_155' title='bbox 477 1672 559 1738; x_wconf 86' lang='lat' dir='ltr'><strong>Quod</strong></span> <span class='ocrx_word' id='word_1_156' title='bbox 578 1672 602 1728; x_wconf 92' lang='lat' dir='ltr'><strong>si</strong></span> <span class='ocrx_word' id='word_1_157' title='bbox 623 1672 779 1728; x_wconf 82' lang='lat' dir='ltr'><strong>fornicatus</strong></span> <span class='ocrx_word' id='word_1_158' title='bbox 799 1673 894 1740; x_wconf 86' lang='lat' dir='ltr'><strong>tuerit,</strong></span> <span class='ocrx_word' id='word_1_159' title='bbox 908 1674 951 1728; x_wconf 87' lang='lat' dir='ltr'><strong>vel</strong></span> <span class='ocrx_word' id='word_1_160' title='bbox 1001 1673 1062 1744; x_wconf 89' lang='lat' dir='ltr'><strong>ejus</strong></span> <span class='ocrx_word' id='word_1_161' title='bbox 1078 1672 1164 1727; x_wconf 88' lang='lat' dir='ltr'><strong>studii</strong></span> <span class='ocrx_word' id='word_1_162' title='bbox 1177 1671 1341 1727; x_wconf 85' lang='lat' dir='ltr'><strong>utilitatem.</strong></span> <span class='ocrx_word' id='word_1_163' title='bbox 1365 1673 1436 1727; x_wconf 89' lang='lat' dir='ltr'><strong>Nam</strong></span> <span class='ocrx_word' id='word_1_164' title='bbox 1449 1673 1551 1728; x_wconf 83' lang='grc'>661666</span> <span class='ocrx_word' id='word_1_165' title='bbox 1563 1673 1683 1743; x_wconf 85' lang='grc'>6666616</span> <span class='ocrx_word' id='word_1_166' title='bbox 1696 1686 1817 1726; x_wconf 88' lang='lat' dir='ltr'><strong>censue·</strong></span> 
     </span>
     <span class='ocr_line' id='line_1_15' title="bbox 134 1763 1818 1838; baseline 0 -17"><span class='ocrx_word' id='word_1_167' title='bbox 134 1767 303 1822; x_wconf 84' lang='lat' dir='ltr'><strong>adulterium</strong></span> <span class='ocrx_word' id='word_1_168' title='bbox 318 1765 503 1837; x_wconf 89' lang='lat' dir='ltr'><strong>commiserit,</strong></span> <span class='ocrx_word' id='word_1_169' title='bbox 517 1770 596 1821; x_wconf 87' lang='lat' dir='ltr'><strong>extra</strong></span> <span class='ocrx_word' id='word_1_170' title='bbox 608 1766 755 1823; x_wconf 89' lang='lat' dir='ltr'><strong>ecclesiam</strong></span> <span class='ocrx_word' id='word_1_171' title='bbox 769 1766 854 1838; x_wconf 86' lang='lat' dir='ltr'><strong>abjici</strong></span> <span class='ocrx_word' id='word_1_172' title='bbox 870 1769 898 1822; x_wconf 89' lang='lat' dir='ltr'><strong>et</strong></span> <span class='ocrx_word' id='word_1_173' title='bbox 914 1765 951 1821; x_wconf 96' lang='grc'><strong>61</strong></span> <span class='ocrx_word' id='word_1_174' title='bbox 1000 1769 1069 1822; x_wconf 92' lang='lat' dir='ltr'><strong>runt</strong></span> <span class='ocrx_word' id='word_1_175' title='bbox 1085 1765 1201 1838; x_wconf 88' lang='lat' dir='ltr'><strong>plurimi</strong></span> <span class='ocrx_word' id='word_1_176' title='bbox 1221 1765 1306 1821; x_wconf 87' lang='lat' dir='ltr'><strong>etiam</strong></span> <span class='ocrx_word' id='word_1_177' title='bbox 1319 1765 1497 1821; x_wconf 86' lang='lat' dir='ltr'><strong>ordinatione</strong></span> <span class='ocrx_word' id='word_1_178' title='bbox 1515 1764 1629 1837; x_wconf 84' lang='lat' dir='ltr'><strong>privari.</strong></span> <span class='ocrx_word' id='word_1_179' title='bbox 1646 1763 1732 1829; x_wconf 83' lang='lat' dir='ltr'><strong>Quod</strong></span> <span class='ocrx_word' id='word_1_180' title='bbox 1746 1763 1770 1819; x_wconf 87' lang='lat' dir='ltr'><strong>si</strong></span> <span class='ocrx_word' id='word_1_181' title='bbox 1784 1764 1818 1821; x_wconf 93' lang='grc'><strong>16</strong></span> 
     </span>
     <span class='ocr_line' id='line_1_16' title="bbox 133 1857 1817 1933; baseline -0.002 -17"><span class='ocrx_word' id='word_1_182' title='bbox 133 1859 329 1932; x_wconf 75' lang='lat' dir='ltr'><strong>paenitentiam</strong></span> <span class='ocrx_word' id='word_1_183' title='bbox 341 1860 511 1916; x_wconf 87' lang='lat' dir='ltr'><strong>interleicos</strong></span> <span class='ocrx_word' id='word_1_184' title='bbox 525 1858 616 1932; x_wconf 79' lang='lat' dir='ltr'><strong>redigi</strong></span> <span class='ocrx_word' id='word_1_185' title='bbox 630 1862 752 1933; x_wconf 88' lang='lat' dir='ltr'><strong>oportet.</strong></span> <span class='ocrx_word' id='word_1_186' title='bbox 1000 1858 1045 1915; x_wconf 91' lang='lat' dir='ltr'><strong>his</strong></span> <span class='ocrx_word' id='word_1_187' title='bbox 1069 1875 1127 1914; x_wconf 94' lang='lat' dir='ltr'><strong>non</strong></span> <span class='ocrx_word' id='word_1_188' title='bbox 1147 1857 1234 1914; x_wconf 89' lang='grc'>166611</span> <span class='ocrx_word' id='word_1_189' title='bbox 1255 1859 1409 1928; x_wconf 75' lang='lat' dir='ltr'><strong>confessus,</strong></span> <span class='ocrx_word' id='word_1_190' title='bbox 1429 1875 1483 1914; x_wconf 92' lang='grc'><strong>666</strong></span> <span class='ocrx_word' id='word_1_191' title='bbox 1506 1858 1542 1913; x_wconf 89' lang='grc'><strong>61</strong></span> <span class='ocrx_word' id='word_1_192' title='bbox 1562 1857 1707 1930; x_wconf 89' lang='lat' dir='ltr'><strong>aliquibus</strong></span> <span class='ocrx_word' id='word_1_193' title='bbox 1723 1860 1817 1930; x_wconf 88' lang='lat' dir='ltr'><strong>potest</strong></span> 
     </span>
     <span class='ocr_line' id='line_1_17' title="bbox 170 1950 1816 2028; baseline 0 -19"><span class='ocrx_word' id='word_1_194' title='bbox 170 1953 330 2022; x_wconf 85' lang='lat' dir='ltr'><strong>ll.ldulier,</strong></span> <span class='ocrx_word' id='word_1_195' title='bbox 353 1953 948 2028; x_wconf 74' lang='grc'>6116616666666611166161166,61]’1616-</span> <span class='ocrx_word' id='word_1_196' title='bbox 999 1953 1148 2009; x_wconf 80' lang='lat' dir='ltr'><strong>manifeste</strong></span> <span class='ocrx_word' id='word_1_197' title='bbox 1173 1952 1311 2023; x_wconf 78' lang='lat' dir='ltr'><strong>convinci,</strong></span> <span class='ocrx_word' id='word_1_198' title='bbox 1340 1952 1407 2007; x_wconf 91' lang='lat' dir='ltr'><strong>huic</strong></span> <span class='ocrx_word' id='word_1_199' title='bbox 1427 1950 1482 2024; x_wconf 89' lang='lat' dir='ltr'><strong>ipsi</strong></span> <span class='ocrx_word' id='word_1_200' title='bbox 1509 1951 1544 2007; x_wconf 89' lang='lat' dir='ltr'><strong>de</strong></span> <span class='ocrx_word' id='word_1_201' title='bbox 1570 1967 1600 2006; x_wconf 89' lang='lat' dir='ltr'><strong>se</strong></span> <span class='ocrx_word' id='word_1_202' title='bbox 1626 1954 1754 2024; x_wconf 88' lang='grc'>66166166</span> <span class='ocrx_word' id='word_1_203' title='bbox 1777 1956 1816 2009; x_wconf 86' lang='lat' dir='ltr'><strong>est</strong></span> 
     </span>
     <span class='ocr_line' id='line_1_18' title="bbox 133 2022 1216 2121; baseline -0.003 -17"><span class='ocrx_word' id='word_1_204' title='bbox 133 2053 181 2104; x_wconf 90' lang='lat' dir='ltr'><strong>tur</strong></span> <span class='ocrx_word' id='word_1_205' title='bbox 195 2064 283 2120; x_wconf 89' lang='lat' dir='ltr'><strong>usque</strong></span> <span class='ocrx_word' id='word_1_206' title='bbox 300 2047 338 2103; x_wconf 90' lang='lat' dir='ltr'><strong>ad</strong></span> <span class='ocrx_word' id='word_1_207' title='bbox 352 2047 429 2102; x_wconf 88' lang='lat' dir='ltr'><strong>diem</strong></span> <span class='ocrx_word' id='word_1_208' title='bbox 441 2045 552 2103; x_wconf 89' lang='lat' dir='ltr'><strong>mortis.</strong></span> <span class='ocrx_word' id='word_1_209' title='bbox 571 2047 638 2119; x_wconf 89' lang='lat' dir='ltr'><strong>Sed,</strong></span> <span class='ocrx_word' id='word_1_210' title='bbox 653 2052 772 2121; x_wconf 89' lang='lat' dir='ltr'><strong>propter</strong></span> <span class='ocrx_word' id='word_1_211' title='bbox 784 2047 948 2104; x_wconf 86' lang='lat' dir='ltr'><strong>humanita·</strong></span> <span class='ocrx_word' id='word_1_212' title='bbox 958 2022 988 2096; x_wconf 78' lang='grc' dir='ltr'><strong>Β</strong></span> <span class='ocrx_word' id='word_1_213' title='bbox 999 2047 1216 2103; x_wconf 86' lang='lat' dir='ltr'><strong>committenda.</strong></span> 
     </span>
     <span class='ocr_line' id='line_1_19' title="bbox 132 2137 1811 2214; baseline -0.002 -18"><span class='ocrx_word' id='word_1_214' title='bbox 132 2147 191 2196; x_wconf 86' lang='lat' dir='ltr'><strong>tem</strong></span> <span class='ocrx_word' id='word_1_215' title='bbox 203 2140 234 2197; x_wconf 91' lang='lat' dir='ltr'><strong>in</strong></span> <span class='ocrx_word' id='word_1_216' title='bbox 247 2139 380 2196; x_wconf 82' lang='lat' dir='ltr'><strong>extremis</strong></span> <span class='ocrx_word' id='word_1_217' title='bbox 394 2140 450 2195; x_wconf 90' lang='lat' dir='ltr'><strong>suis</strong></span> <span class='ocrx_word' id='word_1_218' title='bbox 471 2141 655 2196; x_wconf 85' lang='lat' dir='ltr'><strong>sacramentis</strong></span> <span class='ocrx_word' id='word_1_219' title='bbox 670 2140 848 2198; x_wconf 87' lang='lat' dir='ltr'><strong>reconciliari</strong></span> <span class='ocrx_word' id='word_1_220' title='bbox 863 2157 947 2214; x_wconf 91' lang='lat' dir='ltr'><strong>opor·</strong></span> <span class='ocrx_word' id='word_1_221' title='bbox 1033 2141 1064 2195; x_wconf 90' lang='lat' dir='ltr'><strong>ll.</strong></span> <span class='ocrx_word' id='word_1_222' title='bbox 1079 2139 1217 2197; x_wconf 89' lang='lat' dir='ltr'><strong>Similiter</strong></span> <span class='ocrx_word' id='word_1_223' title='bbox 1237 2145 1265 2197; x_wconf 93' lang='lat' dir='ltr'><strong>et</strong></span> <span class='ocrx_word' id='word_1_224' title='bbox 1285 2140 1422 2196; x_wconf 87' lang='lat' dir='ltr'><strong>diaconus</strong></span> <span class='ocrx_word' id='word_1_225' title='bbox 1441 2139 1466 2194; x_wconf 90' lang='lat' dir='ltr'><strong>si</strong></span> <span class='ocrx_word' id='word_1_226' title='bbox 1487 2139 1517 2195; x_wconf 93' lang='lat' dir='ltr'><strong>in</strong></span> <span class='ocrx_word' id='word_1_227' title='bbox 1536 2137 1640 2195; x_wconf 88' lang='lat' dir='ltr'><strong>eodem</strong></span> <span class='ocrx_word' id='word_1_228' title='bbox 1654 2138 1747 2211; x_wconf 88' lang='grc'>66166</span> <span class='ocrx_word' id='word_1_229' title='bbox 1768 2154 1811 2210; x_wconf 90' lang='lat' dir='ltr'><strong>ge·</strong></span> 
     </span>
     <span class='ocr_line' id='line_1_20' title="bbox 133 2229 1809 2306; baseline 0.001 -19"><span class='ocrx_word' id='word_1_230' title='bbox 133 2237 184 2303; x_wconf 90' lang='lat' dir='ltr'><strong>tet,</strong></span> <span class='ocrx_word' id='word_1_231' title='bbox 200 2233 239 2289; x_wconf 90' lang='grc'><strong>116</strong></span> <span class='ocrx_word' id='word_1_232' title='bbox 253 2235 349 2289; x_wconf 85' lang='grc'>166666</span> <span class='ocrx_word' id='word_1_233' title='bbox 372 2236 403 2287; x_wconf 94' lang='grc'><strong>61</strong></span> <span class='ocrx_word' id='word_1_234' title='bbox 424 2233 448 2288; x_wconf 89' lang='grc'><strong>61</strong></span> <span class='ocrx_word' id='word_1_235' title='bbox 466 2233 540 2289; x_wconf 87' lang='grc'>16616</span> <span class='ocrx_word' id='word_1_236' title='bbox 559 2233 711 2289; x_wconf 90' lang='lat' dir='ltr'><strong>sanitatem</strong></span> <span class='ocrx_word' id='word_1_237' title='bbox 729 2235 947 2306; x_wconf 80' lang='lat' dir='ltr'><strong>recuperaverit,</strong></span> <span class='ocrx_word' id='word_1_238' title='bbox 998 2233 1075 2289; x_wconf 91' lang='lat' dir='ltr'><strong>mine</strong></span> <span class='ocrx_word' id='word_1_239' title='bbox 1106 2233 1192 2290; x_wconf 85' lang='lat' dir='ltr'><strong>fuerit</strong></span> <span class='ocrx_word' id='word_1_240' title='bbox 1224 2233 1383 2302; x_wconf 89' lang='lat' dir='ltr'><strong>involutus,</strong></span> <span class='ocrx_word' id='word_1_241' title='bbox 1416 2249 1476 2289; x_wconf 90' lang='lat' dir='ltr'><strong>sese</strong></span> <span class='ocrx_word' id='word_1_242' title='bbox 1501 2229 1518 2287; x_wconf 76' lang='lat' dir='ltr'><strong>a&#39;</strong></span> <span class='ocrx_word' id='word_1_243' title='bbox 1544 2231 1705 2288; x_wconf 83' lang='lat' dir='ltr'><strong>mihisterio</strong></span> <span class='ocrx_word' id='word_1_244' title='bbox 1739 2231 1809 2288; x_wconf 90' lang='lat' dir='ltr'><strong>cohi·</strong></span> 
     </span>
     <span class='ocr_line' id='line_1_21' title="bbox 132 2324 1087 2400; baseline 0.003 -20"><span class='ocrx_word' id='word_1_245' title='bbox 132 2324 317 2382; x_wconf 90' lang='lat' dir='ltr'><strong>matrimonio</strong></span> <span class='ocrx_word' id='word_1_246' title='bbox 348 2326 440 2382; x_wconf 90' lang='lat' dir='ltr'><strong>soluto</strong></span> <span class='ocrx_word' id='word_1_247' title='bbox 476 2327 512 2381; x_wconf 92' lang='grc'><strong>61</strong></span> <span class='ocrx_word' id='word_1_248' title='bbox 548 2326 743 2400; x_wconf 74' lang='lat' dir='ltr'><strong>paenitentiam</strong></span> <span class='ocrx_word' id='word_1_249' title='bbox 772 2327 947 2383; x_wconf 88' lang='lat' dir='ltr'><strong>admittatur.</strong></span> <span class='ocrx_word' id='word_1_250' title='bbox 995 2325 1087 2384; x_wconf 90' lang='lat' dir='ltr'><strong>bebit.</strong></span> 
     </span>
     <span class='ocr_line' id='line_1_22' title="bbox 131 2419 1806 2493; baseline 0.001 -19"><span class='ocrx_word' id='word_1_251' title='bbox 131 2419 245 2485; x_wconf 83' lang='lat' dir='ltr'><strong>Quodsi</strong></span> <span class='ocrx_word' id='word_1_252' title='bbox 260 2419 394 2476; x_wconf 78' lang='lat' dir='ltr'><strong>defuncta</strong></span> <span class='ocrx_word' id='word_1_253' title='bbox 417 2419 504 2476; x_wconf 89' lang='grc'>166611</span> <span class='ocrx_word' id='word_1_254' title='bbox 524 2419 628 2476; x_wconf 92' lang='lat' dir='ltr'><strong>mulier</strong></span> <span class='ocrx_word' id='word_1_255' title='bbox 646 2420 676 2475; x_wconf 95' lang='lat' dir='ltr'><strong>in</strong></span> <span class='ocrx_word' id='word_1_256' title='bbox 699 2421 863 2493; x_wconf 87' lang='lat' dir='ltr'><strong>hujusmodi</strong></span> <span class='ocrx_word' id='word_1_257' title='bbox 881 2436 946 2476; x_wconf 91' lang='lat' dir='ltr'><strong>con·</strong></span> <span class='ocrx_word' id='word_1_258' title='bbox 1034 2422 1077 2477; x_wconf 92' lang='lat' dir='ltr'><strong>lll.</strong></span> <span class='ocrx_word' id='word_1_259' title='bbox 1092 2420 1243 2493; x_wconf 87' lang='lat' dir='ltr'><strong>Presbyter</strong></span> <span class='ocrx_word' id='word_1_260' title='bbox 1255 2423 1322 2476; x_wconf 92' lang='lat' dir='ltr'><strong>ante</strong></span> <span class='ocrx_word' id='word_1_261' title='bbox 1337 2420 1615 2493; x_wconf 74' lang='lat' dir='ltr'><strong>triginta-annorum</strong></span> <span class='ocrx_word' id='word_1_262' title='bbox 1629 2423 1747 2478; x_wconf 83' lang='grc'>66161666</span> <span class='ocrx_word' id='word_1_263' title='bbox 1760 2436 1806 2476; x_wconf 88' lang='grc'><strong>666</strong></span> 
     </span>
     <span class='ocr_line' id='line_1_23' title="bbox 132 2513 1806 2587; baseline 0 -19"><span class='ocrx_word' id='word_1_264' title='bbox 132 2513 218 2571; x_wconf 84' lang='lat' dir='ltr'><strong>sortia</strong></span> <span class='ocrx_word' id='word_1_265' title='bbox 246 2514 406 2585; x_wconf 89' lang='lat' dir='ltr'><strong>constituta,</strong></span> <span class='ocrx_word' id='word_1_266' title='bbox 435 2513 558 2570; x_wconf 81' lang='lat' dir='ltr'><strong>difficilis</strong></span> <span class='ocrx_word' id='word_1_267' title='bbox 582 2513 637 2570; x_wconf 89' lang='lat' dir='ltr'><strong>erit</strong></span> <span class='ocrx_word' id='word_1_268' title='bbox 658 2514 824 2586; x_wconf 85' lang='lat' dir='ltr'><strong>poenitentia</strong></span> <span class='ocrx_word' id='word_1_269' title='bbox 852 2531 947 2570; x_wconf 90' lang='lat' dir='ltr'><strong>rema·</strong></span> <span class='ocrx_word' id='word_1_270' title='bbox 998 2514 1156 2582; x_wconf 80' lang='lat' dir='ltr'><strong>ordInetur,</strong></span> <span class='ocrx_word' id='word_1_271' title='bbox 1178 2515 1308 2586; x_wconf 87' lang='lat' dir='ltr'><strong>quamvis</strong></span> <span class='ocrx_word' id='word_1_272' title='bbox 1327 2514 1364 2569; x_wconf 90' lang='lat' dir='ltr'><strong>sit</strong></span> <span class='ocrx_word' id='word_1_273' title='bbox 1384 2513 1542 2587; x_wconf 87' lang='lat' dir='ltr'><strong>probabilis</strong></span> <span class='ocrx_word' id='word_1_274' title='bbox 1560 2514 1638 2581; x_wconf 84' lang='grc'>6116,</span> <span class='ocrx_word' id='word_1_275' title='bbox 1660 2515 1711 2571; x_wconf 87' lang='grc'><strong>661</strong></span> <span class='ocrx_word' id='word_1_276' title='bbox 1725 2514 1806 2571; x_wconf 81' lang='grc'>61666</span> 
     </span>
     <span class='ocr_line' id='line_1_24' title="bbox 131 2606 1804 2681; baseline 0.001 -19"><span class='ocrx_word' id='word_1_277' title='bbox 131 2607 221 2677; x_wconf 91' lang='lat' dir='ltr'><strong>nenti,</strong></span> <span class='ocrx_word' id='word_1_278' title='bbox 232 2625 295 2681; x_wconf 78' lang='grc'><strong>666</strong></span> <span class='ocrx_word' id='word_1_279' title='bbox 304 2607 513 2665; x_wconf 80' lang='lat' dir='ltr'><strong>sententiatum</strong></span> <span class='ocrx_word' id='word_1_280' title='bbox 520 2607 595 2663; x_wconf 79' lang='lat' dir='ltr'><strong>viros</strong></span> <span class='ocrx_word' id='word_1_281' title='bbox 603 2623 688 2680; x_wconf 89' lang='lat' dir='ltr'><strong>qnam</strong></span> <span class='ocrx_word' id='word_1_282' title='bbox 700 2607 833 2663; x_wconf 83' lang='lat' dir='ltr'><strong>muheres</strong></span> <span class='ocrx_word' id='word_1_283' title='bbox 848 2611 947 2664; x_wconf 89' lang='lat' dir='ltr'><strong>tenere</strong></span> <span class='ocrx_word' id='word_1_284' title='bbox 997 2611 1079 2664; x_wconf 88' lang='lat' dir='ltr'><strong>vetur</strong></span> <span class='ocrx_word' id='word_1_285' title='bbox 1093 2624 1183 2680; x_wconf 88' lang='lat' dir='ltr'><strong>usque</strong></span> <span class='ocrx_word' id='word_1_286' title='bbox 1198 2608 1233 2663; x_wconf 89' lang='grc'><strong>61</strong></span> <span class='ocrx_word' id='word_1_287' title='bbox 1245 2606 1420 2681; x_wconf 76' lang='lat' dir='ltr'><strong>praefinitum</strong></span> <span class='ocrx_word' id='word_1_288' title='bbox 1432 2612 1559 2680; x_wconf 87' lang='lat' dir='ltr'><strong>tempus;</strong></span> <span class='ocrx_word' id='word_1_289' title='bbox 1575 2606 1717 2663; x_wconf 86' lang='lat' dir='ltr'><strong>Dominus</strong></span> <span class='ocrx_word' id='word_1_290' title='bbox 1738 2608 1804 2663; x_wconf 90' lang='lat' dir='ltr'><strong>euin</strong></span> 
     </span>
     <span class='ocr_line' id='line_1_25' title="bbox 131 2699 1778 2773; baseline -0.001 -17"><span class='ocrx_word' id='word_1_291' title='bbox 131 2701 227 2758; x_wconf 92' lang='lat' dir='ltr'><strong>debet.</strong></span> <span class='ocrx_word' id='word_1_292' title='bbox 997 2699 1146 2773; x_wconf 89' lang='lat' dir='ltr'><strong>trigesimo</strong></span> <span class='ocrx_word' id='word_1_293' title='bbox 1161 2717 1236 2756; x_wconf 93' lang='lat' dir='ltr'><strong>anno</strong></span> <span class='ocrx_word' id='word_1_294' title='bbox 1250 2700 1409 2773; x_wconf 91' lang='lat' dir='ltr'><strong>baptizatus</strong></span> <span class='ocrx_word' id='word_1_295' title='bbox 1423 2704 1466 2757; x_wconf 89' lang='lat' dir='ltr'><strong>est</strong></span> <span class='ocrx_word' id='word_1_296' title='bbox 1479 2705 1508 2756; x_wconf 89' lang='lat' dir='ltr'><strong>et</strong></span> <span class='ocrx_word' id='word_1_297' title='bbox 1520 2705 1588 2757; x_wconf 89' lang='lat' dir='ltr'><strong>tuno</strong></span> <span class='ocrx_word' id='word_1_298' title='bbox 1601 2700 1778 2773; x_wconf 87' lang='grc'>6661166611.</span> 
     </span>
     <span class='ocr_line' id='line_1_26' title="bbox 166 2790 1806 2867; baseline 0 -18"><span class='ocrx_word' id='word_1_299' title='bbox 166 2796 212 2851; x_wconf 89' lang='grc'>111.</span> <span class='ocrx_word' id='word_1_300' title='bbox 229 2796 268 2850; x_wconf 84' lang='grc'><strong>116</strong></span> <span class='ocrx_word' id='word_1_301' title='bbox 287 2793 331 2849; x_wconf 89' lang='lat' dir='ltr'><strong>his</strong></span> <span class='ocrx_word' id='word_1_302' title='bbox 354 2793 403 2866; x_wconf 84' lang='lat' dir='ltr'><strong>qui</strong></span> <span class='ocrx_word' id='word_1_303' title='bbox 418 2790 589 2866; x_wconf 79' lang='lat' dir='ltr'><strong>&#39;frequenter</strong></span> <span class='ocrx_word' id='word_1_304' title='bbox 609 2810 708 2850; x_wconf 83' lang='lat' dir='ltr'><strong>uxores</strong></span> <span class='ocrx_word' id='word_1_305' title='bbox 729 2793 846 2862; x_wconf 89' lang='lat' dir='ltr'><strong>ducunt,</strong></span> <span class='ocrx_word' id='word_1_306' title='bbox 863 2798 891 2850; x_wconf 89' lang='lat' dir='ltr'><strong>et</strong></span> <span class='ocrx_word' id='word_1_307' title='bbox 913 2795 948 2852; x_wconf 93' lang='lat' dir='ltr'><strong>de</strong></span> <span class='ocrx_word' id='word_1_308' title='bbox 1032 2794 1087 2849; x_wconf 87' lang='lat' dir='ltr'><strong>llll.</strong></span> <span class='ocrx_word' id='word_1_309' title='bbox 1098 2793 1209 2867; x_wconf 86' lang='lat' dir='ltr'><strong>Siquis,</strong></span> <span class='ocrx_word' id='word_1_310' title='bbox 1221 2794 1251 2849; x_wconf 95' lang='lat' dir='ltr'><strong>in</strong></span> <span class='ocrx_word' id='word_1_311' title='bbox 1262 2794 1432 2866; x_wconf 79' lang='lat' dir='ltr'><strong>aegritudine</strong></span> <span class='ocrx_word' id='word_1_312' title='bbox 1446 2794 1624 2863; x_wconf 88' lang='lat' dir='ltr'><strong>constitutus,</strong></span> <span class='ocrx_word' id='word_1_313' title='bbox 1633 2793 1806 2867; x_wconf 82' lang='grc'>1666111661·</span> 
     </span>
     <span class='ocr_line' id='line_1_27' title="bbox 95 2886 1806 2961; baseline 0 -19"><span class='ocrx_word' id='word_1_314' title='bbox 95 2904 100 2912; x_wconf 92' lang='lat'><strong>·</strong></span> <span class='ocrx_word' id='word_1_315' title='bbox 132 2888 173 2942; x_wconf 89' lang='lat' dir='ltr'><strong>his</strong></span> <span class='ocrx_word' id='word_1_316' title='bbox 186 2886 236 2961; x_wconf 88' lang='lat' dir='ltr'><strong>qui</strong></span> <span class='ocrx_word' id='word_1_317' title='bbox 250 2886 353 2958; x_wconf 86' lang='lat' dir='ltr'><strong>saepius</strong></span> <span class='ocrx_word' id='word_1_318' title='bbox 366 2887 487 2955; x_wconf 91' lang='lat' dir='ltr'><strong>nubunt,</strong></span> <span class='ocrx_word' id='word_1_319' title='bbox 498 2889 612 2959; x_wconf 88' lang='lat' dir='ltr'><strong>tempus</strong></span> <span class='ocrx_word' id='word_1_320' title='bbox 626 2887 742 2959; x_wconf 89' lang='lat' dir='ltr'><strong>quidem</strong></span> <span class='ocrx_word' id='word_1_321' title='bbox 755 2887 800 2943; x_wconf 91' lang='lat' dir='ltr'><strong>his</strong></span> <span class='ocrx_word' id='word_1_322' title='bbox 814 2888 948 2944; x_wconf 88' lang='lat' dir='ltr'><strong>constitu·</strong></span> <span class='ocrx_word' id='word_1_323' title='bbox 997 2890 1085 2958; x_wconf 89' lang='lat' dir='ltr'><strong>zatus,</strong></span> <span class='ocrx_word' id='word_1_324' title='bbox 1099 2888 1249 2961; x_wconf 85' lang='lat' dir='ltr'><strong>presbyter</strong></span> <span class='ocrx_word' id='word_1_325' title='bbox 1261 2887 1387 2943; x_wconf 89' lang='lat' dir='ltr'><strong>ordinari</strong></span> <span class='ocrx_word' id='word_1_326' title='bbox 1400 2905 1459 2944; x_wconf 95' lang='lat' dir='ltr'><strong>non</strong></span> <span class='ocrx_word' id='word_1_327' title='bbox 1474 2888 1570 2943; x_wconf 91' lang='lat' dir='ltr'><strong>debet.</strong></span> <span class='ocrx_word' id='word_1_328' title='bbox 1580 2889 1643 2944; x_wconf 88' lang='lat' dir='ltr'><strong>Non</strong></span> <span class='ocrx_word' id='word_1_329' title='bbox 1655 2887 1734 2944; x_wconf 91' lang='lat' dir='ltr'><strong>enim</strong></span> <span class='ocrx_word' id='word_1_330' title='bbox 1746 2887 1806 2944; x_wconf 86' lang='lat' dir='ltr'><strong>fides</strong></span> 
     </span>
     <span class='ocr_line' id='line_1_28' title="bbox 131 2979 1805 3052; baseline 0.001 -17"><span class='ocrx_word' id='word_1_331' title='bbox 131 2985 193 3036; x_wconf 90' lang='lat' dir='ltr'><strong>tum</strong></span> <span class='ocrx_word' id='word_1_332' title='bbox 205 2979 389 3037; x_wconf 78' lang='lat' dir='ltr'><strong>manifestum</strong></span> <span class='ocrx_word' id='word_1_333' title='bbox 405 2983 457 3049; x_wconf 91' lang='lat' dir='ltr'><strong>est,</strong></span> <span class='ocrx_word' id='word_1_334' title='bbox 470 2981 518 3038; x_wconf 91' lang='lat' dir='ltr'><strong>sed</strong></span> <span class='ocrx_word' id='word_1_335' title='bbox 531 2980 709 3037; x_wconf 88' lang='lat' dir='ltr'><strong>conversatio</strong></span> <span class='ocrx_word' id='word_1_336' title='bbox 723 2985 752 3036; x_wconf 91' lang='lat' dir='ltr'><strong>et</strong></span> <span class='ocrx_word' id='word_1_337' title='bbox 765 2981 835 3038; x_wconf 84' lang='lat' dir='ltr'><strong>fidos</strong></span> <span class='ocrx_word' id='word_1_338' title='bbox 847 2998 947 3039; x_wconf 90' lang='lat' dir='ltr'><strong>eorum</strong></span> <span class='ocrx_word' id='word_1_339' title='bbox 995 2980 1073 3036; x_wconf 88' lang='lat' dir='ltr'><strong>illius</strong></span> <span class='ocrx_word' id='word_1_340' title='bbox 1093 2980 1263 3050; x_wconf 88' lang='lat' dir='ltr'><strong>voluntaria,</strong></span> <span class='ocrx_word' id='word_1_341' title='bbox 1287 2982 1335 3038; x_wconf 89' lang='lat' dir='ltr'><strong>sed</strong></span> <span class='ocrx_word' id='word_1_342' title='bbox 1352 2999 1388 3037; x_wconf 85' lang='lat' dir='ltr'><strong>ex</strong></span> <span class='ocrx_word' id='word_1_343' title='bbox 1409 2981 1577 3038; x_wconf 89' lang='lat' dir='ltr'><strong>necessitate</strong></span> <span class='ocrx_word' id='word_1_344' title='bbox 1597 2983 1652 3052; x_wconf 87' lang='lat' dir='ltr'><strong>est,</strong></span> <span class='ocrx_word' id='word_1_345' title='bbox 1666 2981 1723 3037; x_wconf 90' lang='lat' dir='ltr'><strong>nisi</strong></span> <span class='ocrx_word' id='word_1_346' title='bbox 1742 2981 1805 3038; x_wconf 80' lang='lat' dir='ltr'><strong>forte</strong></span> 
     </span>
     <span class='ocr_line' id='line_1_29' title="bbox 130 3073 1807 3148; baseline -0.001 -18"><span class='ocrx_word' id='word_1_347' title='bbox 130 3079 243 3147; x_wconf 90' lang='lat' dir='ltr'><strong>tempus</strong></span> <span class='ocrx_word' id='word_1_348' title='bbox 256 3073 413 3130; x_wconf 84' lang='lat' dir='ltr'><strong>abbreviat.</strong></span> <span class='ocrx_word' id='word_1_349' title='bbox 996 3078 1093 3147; x_wconf 89' lang='lat' dir='ltr'><strong>postca</strong></span> <span class='ocrx_word' id='word_1_350' title='bbox 1112 3075 1199 3148; x_wconf 89' lang='lat' dir='ltr'><strong>ipsius</strong></span> <span class='ocrx_word' id='word_1_351' title='bbox 1218 3075 1343 3131; x_wconf 90' lang='lat' dir='ltr'><strong>studium</strong></span> <span class='ocrx_word' id='word_1_352' title='bbox 1358 3080 1387 3131; x_wconf 88' lang='lat' dir='ltr'><strong>et</strong></span> <span class='ocrx_word' id='word_1_353' title='bbox 1397 3075 1467 3132; x_wconf 86' lang='lat' dir='ltr'><strong>fides</strong></span> <span class='ocrx_word' id='word_1_354' title='bbox 1484 3074 1638 3148; x_wconf 85' lang='lat' dir='ltr'><strong>probabilis</strong></span> <span class='ocrx_word' id='word_1_355' title='bbox 1655 3075 1754 3144; x_wconf 88' lang='grc'>166611,</span> <span class='ocrx_word' id='word_1_356' title='bbox 1766 3076 1807 3131; x_wconf 88' lang='grc'><strong>661</strong></span> 
     </span>
     <span class='ocr_line' id='line_1_30' title="bbox 164 3166 1368 3241; baseline 0.003 -20"><span class='ocrx_word' id='word_1_357' title='bbox 164 3168 207 3222; x_wconf 86' lang='lat' dir='ltr'><strong>tv.</strong></span> <span class='ocrx_word' id='word_1_358' title='bbox 223 3166 251 3224; x_wconf 90' lang='lat' dir='ltr'><strong>Si</strong></span> <span class='ocrx_word' id='word_1_359' title='bbox 274 3167 347 3240; x_wconf 86' lang='lat' dir='ltr'><strong>quis,</strong></span> <span class='ocrx_word' id='word_1_360' title='bbox 374 3167 524 3241; x_wconf 88' lang='lat' dir='ltr'><strong>concupita</strong></span> <span class='ocrx_word' id='word_1_361' title='bbox 546 3167 677 3238; x_wconf 91' lang='lat' dir='ltr'><strong>muliere,</strong></span> <span class='ocrx_word' id='word_1_362' title='bbox 701 3168 787 3223; x_wconf 89' lang='lat' dir='ltr'><strong>etiam</strong></span> <span class='ocrx_word' id='word_1_363' title='bbox 809 3167 831 3223; x_wconf 90' lang='lat' dir='ltr'><strong>si</strong></span> <span class='ocrx_word' id='word_1_364' title='bbox 846 3185 947 3225; x_wconf 89' lang='lat' dir='ltr'><strong>conon·</strong></span> <span class='ocrx_word' id='word_1_365' title='bbox 996 3167 1147 3223; x_wconf 92' lang='lat' dir='ltr'><strong>hominum</strong></span> <span class='ocrx_word' id='word_1_366' title='bbox 1160 3168 1261 3223; x_wconf 85' lang='lat' dir='ltr'><strong>raritas</strong></span> <span class='ocrx_word' id='word_1_367' title='bbox 1276 3174 1368 3240; x_wconf 87' lang='lat' dir='ltr'><strong>cogat.</strong></span> 
     </span>
     <span class='ocr_line' id='line_1_31' title="bbox 128 3259 1807 3335; baseline 0.002 -20"><span class='ocrx_word' id='word_1_368' title='bbox 128 3261 205 3316; x_wconf 88' lang='lat' dir='ltr'><strong>bitus</strong></span> <span class='ocrx_word' id='word_1_369' title='bbox 218 3261 279 3333; x_wconf 86' lang='lat' dir='ltr'><strong>ejus</strong></span> <span class='ocrx_word' id='word_1_370' title='bbox 297 3260 472 3317; x_wconf 90' lang='lat' dir='ltr'><strong>desiderium</strong></span> <span class='ocrx_word' id='word_1_371' title='bbox 487 3260 582 3332; x_wconf 87' lang='lat' dir='ltr'><strong>habet,</strong></span> <span class='ocrx_word' id='word_1_372' title='bbox 600 3277 659 3317; x_wconf 93' lang='lat' dir='ltr'><strong>non</strong></span> <span class='ocrx_word' id='word_1_373' title='bbox 673 3263 769 3316; x_wconf 87' lang='lat' dir='ltr'><strong>autem</strong></span> <span class='ocrx_word' id='word_1_374' title='bbox 790 3261 944 3334; x_wconf 87' lang='lat' dir='ltr'><strong>subsequa·</strong></span> <span class='ocrx_word' id='word_1_375' title='bbox 1029 3261 1094 3317; x_wconf 92' lang='lat' dir='ltr'><strong>lllll.</strong></span> <span class='ocrx_word' id='word_1_376' title='bbox 1113 3259 1276 3335; x_wconf 71' lang='lat' dir='ltr'><strong>Presbyteri</strong></span> <span class='ocrx_word' id='word_1_377' title='bbox 1298 3262 1347 3333; x_wconf 90' lang='lat' dir='ltr'><strong>qui</strong></span> <span class='ocrx_word' id='word_1_378' title='bbox 1372 3260 1588 3335; x_wconf 81' lang='lat' dir='ltr'><strong>conregionales</strong></span> <span class='ocrx_word' id='word_1_379' title='bbox 1604 3278 1665 3318; x_wconf 95' lang='lat' dir='ltr'><strong>non</strong></span> <span class='ocrx_word' id='word_1_380' title='bbox 1687 3261 1807 3332; x_wconf 67' lang='lat' dir='ltr'><strong>suntin</strong></span> 
     </span>
     <span class='ocr_line' id='line_1_32' title="bbox 128 3353 1808 3461; baseline 0.002 -52"><span class='ocrx_word' id='word_1_381' title='bbox 128 3358 175 3410; x_wconf 90' lang='lat' dir='ltr'><strong>tur</strong></span> <span class='ocrx_word' id='word_1_382' title='bbox 184 3354 309 3423; x_wconf 83' lang='lat' dir='ltr'><strong>allectus,</strong></span> <span class='ocrx_word' id='word_1_383' title='bbox 321 3354 507 3411; x_wconf 77' lang='lat' dir='ltr'><strong>manifestum</strong></span> <span class='ocrx_word' id='word_1_384' title='bbox 518 3358 562 3410; x_wconf 89' lang='lat' dir='ltr'><strong>est</strong></span> <span class='ocrx_word' id='word_1_385' title='bbox 573 3355 649 3411; x_wconf 89' lang='lat' dir='ltr'><strong>bunc</strong></span> <span class='ocrx_word' id='word_1_386' title='bbox 659 3354 745 3410; x_wconf 82' lang='lat' dir='ltr'><strong>tuisse</strong></span> <span class='ocrx_word' id='word_1_387' title='bbox 755 3371 807 3426; x_wconf 94' lang='lat' dir='ltr'><strong>per</strong></span> <span class='ocrx_word' id='word_1_388' title='bbox 819 3355 983 3461; x_wconf 71' lang='lat' dir='ltr'><strong>divinamc</strong></span> <span class='ocrx_word' id='word_1_389' title='bbox 996 3353 1114 3409; x_wconf 90' lang='lat' dir='ltr'><strong>ecclesia</strong></span> <span class='ocrx_word' id='word_1_390' title='bbox 1132 3354 1320 3427; x_wconf 76' lang='lat' dir='ltr'><strong>praesentibus</strong></span> <span class='ocrx_word' id='word_1_391' title='bbox 1343 3355 1482 3427; x_wconf 89' lang='lat' dir='ltr'><strong>episcopis</strong></span> <span class='ocrx_word' id='word_1_392' title='bbox 1504 3357 1548 3411; x_wconf 87' lang='lat' dir='ltr'><strong>vel</strong></span> <span class='ocrx_word' id='word_1_393' title='bbox 1578 3355 1755 3428; x_wconf 80' lang='lat' dir='ltr'><strong>presbyteris</strong></span> <span class='ocrx_word' id='word_1_394' title='bbox 1776 3356 1808 3412; x_wconf 87' lang='lat' dir='ltr'><strong>ei·</strong></span> 
     </span>
     <span class='ocr_line' id='line_1_33' title="bbox 129 3447 1809 3523; baseline 0.001 -20"><span class='ocrx_word' id='word_1_395' title='bbox 129 3448 249 3520; x_wconf 76' lang='lat' dir='ltr'><strong>gruttam</strong></span> <span class='ocrx_word' id='word_1_396' title='bbox 261 3449 424 3504; x_wconf 90' lang='lat' dir='ltr'><strong>liberatum.</strong></span> <span class='ocrx_word' id='word_1_397' title='bbox 994 3447 1088 3503; x_wconf 88' lang='grc'>6116116</span> <span class='ocrx_word' id='word_1_398' title='bbox 1102 3447 1204 3504; x_wconf 87' lang='grc'>6116666</span> <span class='ocrx_word' id='word_1_399' title='bbox 1224 3465 1280 3503; x_wconf 90' lang='grc'><strong>666</strong></span> <span class='ocrx_word' id='word_1_400' title='bbox 1290 3453 1420 3520; x_wconf 89' lang='lat' dir='ltr'><strong>possunt,</strong></span> <span class='ocrx_word' id='word_1_401' title='bbox 1434 3465 1486 3505; x_wconf 91' lang='lat' dir='ltr'><strong>uec</strong></span> <span class='ocrx_word' id='word_1_402' title='bbox 1504 3450 1572 3506; x_wconf 88' lang='grc'>1666</span> <span class='ocrx_word' id='word_1_403' title='bbox 1588 3465 1697 3523; x_wconf 89' lang='lat' dir='ltr'><strong>panem</strong></span> <span class='ocrx_word' id='word_1_404' title='bbox 1711 3448 1809 3506; x_wconf 87' lang='lat' dir='ltr'><strong>sancti·</strong></span> 
     </span>
     <span class='ocr_line' id='line_1_34' title="bbox 162 3539 1809 3615; baseline 0 -17"><span class='ocrx_word' id='word_1_405' title='bbox 162 3544 193 3598; x_wconf 88' lang='lat' dir='ltr'><strong>V.</strong></span> <span class='ocrx_word' id='word_1_406' title='bbox 214 3543 450 3612; x_wconf 75' lang='lat' dir='ltr'><strong>catechumenus,</strong></span> <span class='ocrx_word' id='word_1_407' title='bbox 467 3542 497 3599; x_wconf 92' lang='lat' dir='ltr'><strong>id</strong></span> <span class='ocrx_word' id='word_1_408' title='bbox 512 3546 554 3598; x_wconf 92' lang='lat' dir='ltr'><strong>est</strong></span> <span class='ocrx_word' id='word_1_409' title='bbox 567 3541 698 3612; x_wconf 91' lang='lat' dir='ltr'><strong>audieus,</strong></span> <span class='ocrx_word' id='word_1_410' title='bbox 712 3542 762 3614; x_wconf 87' lang='lat' dir='ltr'><strong>qui</strong></span> <span class='ocrx_word' id='word_1_411' title='bbox 781 3543 945 3615; x_wconf 86' lang='lat' dir='ltr'><strong>ingreditur</strong></span> <span class='ocrx_word' id='word_1_412' title='bbox 994 3539 1119 3610; x_wconf 87' lang='lat' dir='ltr'><strong>licatum,</strong></span> <span class='ocrx_word' id='word_1_413' title='bbox 1143 3558 1196 3597; x_wconf 88' lang='lat' dir='ltr'><strong>nec</strong></span> <span class='ocrx_word' id='word_1_414' title='bbox 1217 3541 1334 3598; x_wconf 91' lang='lat' dir='ltr'><strong>calicem</strong></span> <span class='ocrx_word' id='word_1_415' title='bbox 1351 3541 1508 3615; x_wconf 89' lang='lat' dir='ltr'><strong>porrigere.</strong></span> <span class='ocrx_word' id='word_1_416' title='bbox 1532 3543 1610 3608; x_wconf 86' lang='lat' dir='ltr'><strong>Quod</strong></span> <span class='ocrx_word' id='word_1_417' title='bbox 1633 3543 1657 3598; x_wconf 90' lang='lat' dir='ltr'><strong>si</strong></span> <span class='ocrx_word' id='word_1_418' title='bbox 1681 3543 1809 3600; x_wconf 84' lang='lat' dir='ltr'><strong>absentes</strong></span> 
     </span>
     <span class='ocr_line' id='line_1_35' title="bbox 127 3634 1808 3708; baseline 0.002 -18"><span class='ocrx_word' id='word_1_419' title='bbox 127 3636 155 3690; x_wconf 90' lang='lat' dir='ltr'><strong>iu</strong></span> <span class='ocrx_word' id='word_1_420' title='bbox 173 3635 329 3703; x_wconf 87' lang='lat' dir='ltr'><strong>ecclesiam,</strong></span> <span class='ocrx_word' id='word_1_421' title='bbox 345 3640 374 3691; x_wconf 92' lang='lat' dir='ltr'><strong>et</strong></span> <span class='ocrx_word' id='word_1_422' title='bbox 394 3638 451 3692; x_wconf 90' lang='lat' dir='ltr'><strong>stat</strong></span> <span class='ocrx_word' id='word_1_423' title='bbox 470 3652 536 3691; x_wconf 90' lang='lat' dir='ltr'><strong>cum</strong></span> <span class='ocrx_word' id='word_1_424' title='bbox 555 3634 776 3704; x_wconf 90' lang='lat' dir='ltr'><strong>catechumenis,</strong></span> <span class='ocrx_word' id='word_1_425' title='bbox 793 3635 815 3690; x_wconf 87' lang='lat' dir='ltr'><strong>si</strong></span> <span class='ocrx_word' id='word_1_426' title='bbox 828 3653 944 3708; x_wconf 90' lang='lat' dir='ltr'><strong>peccare</strong></span> <span class='ocrx_word' id='word_1_427' title='bbox 995 3638 1062 3689; x_wconf 90' lang='lat' dir='ltr'><strong>sunt</strong></span> <span class='ocrx_word' id='word_1_428' title='bbox 1075 3634 1195 3690; x_wconf 79' lang='lat' dir='ltr'><strong>civitatis</strong></span> <span class='ocrx_word' id='word_1_429' title='bbox 1217 3635 1387 3705; x_wconf 89' lang='lat' dir='ltr'><strong>sacerdotes,</strong></span> <span class='ocrx_word' id='word_1_430' title='bbox 1402 3638 1431 3691; x_wconf 90' lang='lat' dir='ltr'><strong>et</strong></span> <span class='ocrx_word' id='word_1_431' title='bbox 1443 3636 1550 3692; x_wconf 82' lang='lat' dir='ltr'><strong>fuerint</strong></span> <span class='ocrx_word' id='word_1_432' title='bbox 1562 3636 1673 3692; x_wconf 82' lang='lat' dir='ltr'><strong>inritati</strong></span> <span class='ocrx_word' id='word_1_433' title='bbox 1688 3637 1728 3693; x_wconf 90' lang='grc'><strong>61</strong></span> <span class='ocrx_word' id='word_1_434' title='bbox 1741 3636 1808 3693; x_wconf 86' lang='lat' dir='ltr'><strong>dan·</strong></span> 
     </span>
     <span class='ocr_line' id='line_1_36' title="bbox 127 3727 1809 3800; baseline 0.001 -15"><span class='ocrx_word' id='word_1_435' title='bbox 127 3729 213 3786; x_wconf 88' lang='grc'>166611</span> <span class='ocrx_word' id='word_1_436' title='bbox 222 3729 296 3785; x_wconf 86' lang='grc'>61666</span> <span class='ocrx_word' id='word_1_437' title='bbox 306 3727 397 3800; x_wconf 90' lang='lat' dir='ltr'><strong>tigeus</strong></span> <span class='ocrx_word' id='word_1_438' title='bbox 407 3745 509 3800; x_wconf 86' lang='lat' dir='ltr'><strong>genua,</strong></span> <span class='ocrx_word' id='word_1_439' title='bbox 522 3728 619 3784; x_wconf 90' lang='lat' dir='ltr'><strong>audiat</strong></span> <span class='ocrx_word' id='word_1_440' title='bbox 628 3728 759 3797; x_wconf 84' lang='lat' dir='ltr'><strong>verbum,</strong></span> <span class='ocrx_word' id='word_1_441' title='bbox 774 3731 806 3783; x_wconf 92' lang='lat' dir='ltr'><strong>ut</strong></span> <span class='ocrx_word' id='word_1_442' title='bbox 817 3745 846 3784; x_wconf 89' lang='lat' dir='ltr'><strong>se</strong></span> <span class='ocrx_word' id='word_1_443' title='bbox 858 3729 943 3785; x_wconf 87' lang='lat' dir='ltr'><strong>absti-</strong></span> <span class='ocrx_word' id='word_1_444' title='bbox 993 3727 1061 3782; x_wconf 91' lang='lat' dir='ltr'><strong>dam</strong></span> <span class='ocrx_word' id='word_1_445' title='bbox 1082 3728 1253 3797; x_wconf 91' lang='lat' dir='ltr'><strong>orationem,</strong></span> <span class='ocrx_word' id='word_1_446' title='bbox 1267 3729 1320 3784; x_wconf 91' lang='lat' dir='ltr'><strong>suli</strong></span> <span class='ocrx_word' id='word_1_447' title='bbox 1334 3728 1481 3785; x_wconf 90' lang='lat' dir='ltr'><strong>debebunt</strong></span> <span class='ocrx_word' id='word_1_448' title='bbox 1500 3729 1576 3788; x_wconf 89' lang='lat' dir='ltr'><strong>dare.</strong></span> <span class='ocrx_word' id='word_1_449' title='bbox 1596 3730 1702 3787; x_wconf 80' lang='lat' dir='ltr'><strong>vicarii</strong></span> <span class='ocrx_word' id='word_1_450' title='bbox 1716 3733 1809 3786; x_wconf 87' lang='lat' dir='ltr'><strong>autem</strong></span> 
     </span>
     <span class='ocr_line' id='line_1_37' title="bbox 128 3820 1808 3896; baseline 0.001 -18"><span class='ocrx_word' id='word_1_451' title='bbox 128 3822 242 3879; x_wconf 88' lang='grc'>666161</span> <span class='ocrx_word' id='word_1_452' title='bbox 257 3823 305 3878; x_wconf 89' lang='grc'>1116</span> <span class='ocrx_word' id='word_1_453' title='bbox 321 3825 436 3894; x_wconf 89' lang='lat' dir='ltr'><strong>peccatu</strong></span> <span class='ocrx_word' id='word_1_454' title='bbox 446 3821 524 3894; x_wconf 87' lang='lat' dir='ltr'><strong>quod</strong></span> <span class='ocrx_word' id='word_1_455' title='bbox 537 3820 614 3878; x_wconf 89' lang='grc'>16611.</span> <span class='ocrx_word' id='word_1_456' title='bbox 628 3822 710 3888; x_wconf 83' lang='lat' dir='ltr'><strong>Quod</strong></span> <span class='ocrx_word' id='word_1_457' title='bbox 722 3821 788 3877; x_wconf 92' lang='lat' dir='ltr'><strong>siin</strong></span> <span class='ocrx_word' id='word_1_458' title='bbox 800 3823 945 3895; x_wconf 90' lang='lat' dir='ltr'><strong>euperdu·</strong></span> <span class='ocrx_word' id='word_1_459' title='bbox 994 3820 1191 3894; x_wconf 91' lang='lat' dir='ltr'><strong>episcoporum</strong></span> <span class='ocrx_word' id='word_1_460' title='bbox 1212 3822 1291 3894; x_wconf 86' lang='lat' dir='ltr'><strong>(quos</strong></span> <span class='ocrx_word' id='word_1_461' title='bbox 1312 3824 1400 3879; x_wconf 85' lang='lat' dir='ltr'><strong>Graeoi</strong></span> <span class='ocrx_word' id='word_1_462' title='bbox 1414 3823 1596 3896; x_wconf 89' lang='lat' dir='ltr'><strong>coepiscopos</strong></span> <span class='ocrx_word' id='word_1_463' title='bbox 1613 3824 1808 3896; x_wconf 78' lang='grc'>6666611666-</span> 
     </span>
     <span class='ocr_line' id='line_1_38' title="bbox 127 3913 1809 3989; baseline 0.001 -18"><span class='ocrx_word' id='word_1_464' title='bbox 127 3919 173 3972; x_wconf 90' lang='lat' dir='ltr'><strong>rat</strong></span> <span class='ocrx_word' id='word_1_465' title='bbox 185 3915 269 3988; x_wconf 89' lang='lat' dir='ltr'><strong>abjici</strong></span> <span class='ocrx_word' id='word_1_466' title='bbox 284 3915 401 3971; x_wconf 91' lang='lat' dir='ltr'><strong>omnino</strong></span> <span class='ocrx_word' id='word_1_467' title='bbox 418 3915 532 3971; x_wconf 90' lang='lat' dir='ltr'><strong>debere.</strong></span> <span class='ocrx_word' id='word_1_468' title='bbox 993 3913 1083 3969; x_wconf 89' lang='lat' dir='ltr'><strong>stituti</strong></span> <span class='ocrx_word' id='word_1_469' title='bbox 1097 3918 1163 3970; x_wconf 91' lang='lat' dir='ltr'><strong>sunt</strong></span> <span class='ocrx_word' id='word_1_470' title='bbox 1175 3915 1290 3986; x_wconf 89' lang='lat' dir='ltr'><strong>quidem</strong></span> <span class='ocrx_word' id='word_1_471' title='bbox 1304 3916 1341 3970; x_wconf 89' lang='grc'><strong>61</strong></span> <span class='ocrx_word' id='word_1_472' title='bbox 1353 3916 1515 3989; x_wconf 82' lang='lat' dir='ltr'><strong>exemplum</strong></span> <span class='ocrx_word' id='word_1_473' title='bbox 1525 3916 1710 3989; x_wconf 88' lang='lat' dir='ltr'><strong>septuaginta</strong></span> <span class='ocrx_word' id='word_1_474' title='bbox 1721 3917 1809 3973; x_wconf 80' lang='lat' dir='ltr'><strong>senio</strong></span> 
     </span>
     <span class='ocr_line' id='line_1_39' title="bbox 162 4006 1809 4083; baseline 0.001 -19"><span class='ocrx_word' id='word_1_475' title='bbox 162 4010 262 4066; x_wconf 84' lang='grc'>111116</span> <span class='ocrx_word' id='word_1_476' title='bbox 283 4007 509 4081; x_wconf 73' lang='lat' dir='ltr'><strong>praegnantibus,</strong></span> <span class='ocrx_word' id='word_1_477' title='bbox 527 4009 604 4079; x_wconf 86' lang='lat' dir='ltr'><strong>quod</strong></span> <span class='ocrx_word' id='word_1_478' title='bbox 625 4011 796 4078; x_wconf 88' lang='grc'>6666161666</span> <span class='ocrx_word' id='word_1_479' title='bbox 808 4007 944 4079; x_wconf 85' lang='lat' dir='ltr'><strong>baptizari</strong></span> <span class='ocrx_word' id='word_1_480' title='bbox 993 4024 1068 4062; x_wconf 91' lang='lat' dir='ltr'><strong>rum.</strong></span> <span class='ocrx_word' id='word_1_481' title='bbox 1082 4006 1138 4063; x_wconf 88' lang='lat' dir='ltr'><strong>Sed</strong></span> <span class='ocrx_word' id='word_1_482' title='bbox 1160 4010 1296 4080; x_wconf 84' lang='lat' dir='ltr'><strong>tanquam</strong></span> <span class='ocrx_word' id='word_1_483' title='bbox 1318 4011 1531 4066; x_wconf 85' lang='lat' dir='ltr'><strong>consacerdotes</strong></span> <span class='ocrx_word' id='word_1_484' title='bbox 1544 4015 1662 4083; x_wconf 86' lang='lat' dir='ltr'><strong>propter</strong></span> <span class='ocrx_word' id='word_1_485' title='bbox 1680 4010 1809 4066; x_wconf 87' lang='lat' dir='ltr'><strong>sollicitu-</strong></span> 
     </span>
     <span class='ocr_line' id='line_1_40' title="bbox 126 4094 1807 4177; baseline 0.002 -21"><span class='ocrx_word' id='word_1_486' title='bbox 126 4101 239 4175; x_wconf 88' lang='lat' dir='ltr'><strong>quundo</strong></span> <span class='ocrx_word' id='word_1_487' title='bbox 267 4101 384 4169; x_wconf 88' lang='lat' dir='ltr'><strong>volunt,</strong></span> <span class='ocrx_word' id='word_1_488' title='bbox 419 4100 491 4154; x_wconf 91' lang='lat' dir='ltr'><strong>nihil</strong></span> <span class='ocrx_word' id='word_1_489' title='bbox 525 4101 601 4154; x_wconf 90' lang='lat' dir='ltr'><strong>enim</strong></span> <span class='ocrx_word' id='word_1_490' title='bbox 626 4099 656 4154; x_wconf 93' lang='lat' dir='ltr'><strong>in</strong></span> <span class='ocrx_word' id='word_1_491' title='bbox 683 4100 737 4155; x_wconf 94' lang='lat' dir='ltr'><strong>hoc</strong></span> <span class='ocrx_word' id='word_1_492' title='bbox 765 4094 943 4157; x_wconf 82' lang='lat' dir='ltr'><strong>sacramento</strong></span> <span class='ocrx_word' id='word_1_493' title='bbox 993 4100 1807 4177; x_wconf 72' lang='grc'>1166666161611666661166666666666661,61166661,</span> 
     </span>
     <span class='ocr_line' id='line_1_41' title="bbox 127 4190 1399 4264; baseline 0.003 -16"><span class='ocrx_word' id='word_1_494' title='bbox 127 4208 280 4248; x_wconf 90' lang='lat' dir='ltr'><strong>commune</strong></span> <span class='ocrx_word' id='word_1_495' title='bbox 301 4195 343 4247; x_wconf 89' lang='lat' dir='ltr'><strong>est</strong></span> <span class='ocrx_word' id='word_1_496' title='bbox 364 4191 499 4263; x_wconf 72' lang='lat' dir='ltr'><strong>parituras</strong></span> <span class='ocrx_word' id='word_1_497' title='bbox 524 4195 553 4246; x_wconf 90' lang='lat' dir='ltr'><strong>et</strong></span> <span class='ocrx_word' id='word_1_498' title='bbox 580 4190 621 4246; x_wconf 92' lang='lat' dir='ltr'><strong>illi</strong></span> <span class='ocrx_word' id='word_1_499' title='bbox 643 4191 694 4264; x_wconf 85' lang='lat' dir='ltr'><strong>qui</strong></span> <span class='ocrx_word' id='word_1_500' title='bbox 720 4191 755 4247; x_wconf 93' lang='grc'><strong>16</strong></span> <span class='ocrx_word' id='word_1_501' title='bbox 781 4191 841 4264; x_wconf 87' lang='lat' dir='ltr'><strong>ejus</strong></span> <span class='ocrx_word' id='word_1_502' title='bbox 863 4199 943 4249; x_wconf 92' lang='lat' dir='ltr'><strong>utero</strong></span> <span class='ocrx_word' id='word_1_503' title='bbox 993 4199 1021 4250; x_wconf 91' lang='lat' dir='ltr'><strong>et</strong></span> <span class='ocrx_word' id='word_1_504' title='bbox 1035 4194 1216 4250; x_wconf 87' lang='lat' dir='ltr'><strong>honorabiles</strong></span> <span class='ocrx_word' id='word_1_505' title='bbox 1232 4195 1399 4252; x_wconf 90' lang='lat' dir='ltr'><strong>habeantur.</strong></span> 
     </span>
     <span class='ocr_line' id='line_1_42' title="bbox 127 4283 1806 4363; baseline 0.005 -23"><span class='ocrx_word' id='word_1_506' title='bbox 127 4285 328 4353; x_wconf 80' lang='grc'>166611611166,</span> <span class='ocrx_word' id='word_1_507' title='bbox 343 4284 412 4357; x_wconf 89' lang='lat' dir='ltr'><strong>quia</strong></span> <span class='ocrx_word' id='word_1_508' title='bbox 427 4283 648 4357; x_wconf 85' lang='lat' dir='ltr'><strong>uniuscujusque</strong></span> <span class='ocrx_word' id='word_1_509' title='bbox 661 4284 692 4341; x_wconf 93' lang='lat' dir='ltr'><strong>in</strong></span> <span class='ocrx_word' id='word_1_510' title='bbox 705 4284 752 4342; x_wconf 88' lang='lat' dir='ltr'><strong>illa</strong></span> <span class='ocrx_word' id='word_1_511' title='bbox 766 4287 941 4342; x_wconf 80' lang='lat' dir='ltr'><strong>confessione</strong></span> <span class='ocrx_word' id='word_1_512' title='bbox 1028 4289 1092 4342; x_wconf 88' lang='lat' dir='ltr'><strong>lllV.</strong></span> <span class='ocrx_word' id='word_1_513' title='bbox 1107 4288 1221 4343; x_wconf 85' lang='grc'>11166661</span> <span class='ocrx_word' id='word_1_514' title='bbox 1234 4294 1341 4363; x_wconf 89' lang='lat' dir='ltr'><strong>septem</strong></span> <span class='ocrx_word' id='word_1_515' title='bbox 1356 4307 1416 4345; x_wconf 90' lang='lat' dir='ltr'><strong>esse</strong></span> <span class='ocrx_word' id='word_1_516' title='bbox 1431 4291 1538 4345; x_wconf 91' lang='lat' dir='ltr'><strong>dehent</strong></span> <span class='ocrx_word' id='word_1_517' title='bbox 1551 4290 1711 4347; x_wconf 89' lang='lat' dir='ltr'><strong>secundum</strong></span> <span class='ocrx_word' id='word_1_518' title='bbox 1724 4306 1806 4363; x_wconf 88' lang='lat' dir='ltr'><strong>regu·</strong></span> 
     </span>
     <span class='ocr_line' id='line_1_43' title="bbox 126 4377 1807 4455; baseline 0.004 -21"><span class='ocrx_word' id='word_1_519' title='bbox 126 4380 243 4435; x_wconf 86' lang='lat' dir='ltr'><strong>libertas</strong></span> <span class='ocrx_word' id='word_1_520' title='bbox 255 4377 363 4435; x_wconf 87' lang='lat' dir='ltr'><strong>arbitrii</strong></span> <span class='ocrx_word' id='word_1_521' title='bbox 379 4378 550 4433; x_wconf 88' lang='lat' dir='ltr'><strong>declaratur.</strong></span> <span class='ocrx_word' id='word_1_522' title='bbox 991 4381 1058 4450; x_wconf 72' lang='lat' dir='ltr'><strong>lam,</strong></span> <span class='ocrx_word' id='word_1_523' title='bbox 1070 4381 1201 4452; x_wconf 82' lang='lat' dir='ltr'><strong>quamvis</strong></span> <span class='ocrx_word' id='word_1_524' title='bbox 1212 4399 1316 4455; x_wconf 89' lang='lat' dir='ltr'><strong>magna</strong></span> <span class='ocrx_word' id='word_1_525' title='bbox 1324 4384 1360 4440; x_wconf 90' lang='lat' dir='ltr'><strong>sit</strong></span> <span class='ocrx_word' id='word_1_526' title='bbox 1372 4384 1479 4452; x_wconf 84' lang='lat' dir='ltr'><strong>ciritae,</strong></span> <span class='ocrx_word' id='word_1_527' title='bbox 1490 4385 1598 4455; x_wconf 78' lang='lat' dir='ltr'><strong>regulae</strong></span> <span class='ocrx_word' id='word_1_528' title='bbox 1609 4386 1807 4440; x_wconf 75' lang='lat' dir='ltr'><strong>tamenaucto</strong></span> 
     </span>
     <span class='ocr_line' id='line_1_44' title="bbox 162 4470 1806 4551; baseline 0.004 -23"><span class='ocrx_word' id='word_1_529' title='bbox 162 4474 217 4528; x_wconf 89' lang='lat' dir='ltr'><strong>Vll.</strong></span> <span class='ocrx_word' id='word_1_530' title='bbox 233 4472 432 4545; x_wconf 82' lang='lat' dir='ltr'><strong>Presbyterum</strong></span> <span class='ocrx_word' id='word_1_531' title='bbox 444 4470 571 4526; x_wconf 78' lang='lat' dir='ltr'><strong>convivio</strong></span> <span class='ocrx_word' id='word_1_532' title='bbox 582 4471 761 4527; x_wconf 84' lang='lat' dir='ltr'><strong>saecularium</strong></span> <span class='ocrx_word' id='word_1_533' title='bbox 776 4473 942 4545; x_wconf 90' lang='lat' dir='ltr'><strong>nuptiarum</strong></span> <span class='ocrx_word' id='word_1_534' title='bbox 991 4474 1059 4528; x_wconf 85' lang='lat' dir='ltr'><strong>ritas</strong></span> <span class='ocrx_word' id='word_1_535' title='bbox 1079 4473 1133 4530; x_wconf 86' lang='lat' dir='ltr'><strong>ista</strong></span> <span class='ocrx_word' id='word_1_536' title='bbox 1157 4479 1209 4542; x_wconf 91' lang='lat' dir='ltr'><strong>est,</strong></span> <span class='ocrx_word' id='word_1_537' title='bbox 1231 4477 1309 4547; x_wconf 91' lang='lat' dir='ltr'><strong>quod</strong></span> <span class='ocrx_word' id='word_1_538' title='bbox 1328 4480 1357 4532; x_wconf 87' lang='lat' dir='ltr'><strong>et</strong></span> <span class='ocrx_word' id='word_1_539' title='bbox 1370 4476 1443 4532; x_wconf 89' lang='lat' dir='ltr'><strong>liber</strong></span> <span class='ocrx_word' id='word_1_540' title='bbox 1462 4483 1592 4533; x_wconf 89' lang='lat' dir='ltr'><strong>actorum</strong></span> <span class='ocrx_word' id='word_1_541' title='bbox 1615 4479 1806 4551; x_wconf 88' lang='lat' dir='ltr'><strong>apostolorum</strong></span> 
     </span>
     <span class='ocr_line' id='line_1_45' title="bbox 126 4563 1126 4640; baseline 0 -18"><span class='ocrx_word' id='word_1_542' title='bbox 126 4568 262 4623; x_wconf 88' lang='lat' dir='ltr'><strong>interesse</strong></span> <span class='ocrx_word' id='word_1_543' title='bbox 278 4583 337 4622; x_wconf 92' lang='lat' dir='ltr'><strong>non</strong></span> <span class='ocrx_word' id='word_1_544' title='bbox 355 4565 470 4632; x_wconf 90' lang='lat' dir='ltr'><strong>debere,</strong></span> <span class='ocrx_word' id='word_1_545' title='bbox 484 4563 606 4621; x_wconf 84' lang='lat' dir='ltr'><strong>maxime</strong></span> <span class='ocrx_word' id='word_1_546' title='bbox 620 4581 685 4621; x_wconf 89' lang='lat' dir='ltr'><strong>cum</strong></span> <span class='ocrx_word' id='word_1_547' title='bbox 699 4566 883 4640; x_wconf 71' lang='lat' dir='ltr'><strong>precipiatur</strong></span> <span class='ocrx_word' id='word_1_548' title='bbox 895 4583 939 4623; x_wconf 91' lang='lat' dir='ltr'><strong>se·</strong></span> <span class='ocrx_word' id='word_1_549' title='bbox 990 4565 1126 4622; x_wconf 89' lang='lat' dir='ltr'><strong>insinuat.</strong></span> 
     </span>
     <span class='ocr_line' id='line_1_46' title="bbox 125 4658 1848 4737; baseline 0.002 -23"><span class='ocrx_word' id='word_1_550' title='bbox 125 4659 223 4715; x_wconf 86' lang='lat' dir='ltr'><strong>condis</strong></span> <span class='ocrx_word' id='word_1_551' title='bbox 242 4658 348 4731; x_wconf 90' lang='lat' dir='ltr'><strong>nuptiis</strong></span> <span class='ocrx_word' id='word_1_552' title='bbox 368 4658 566 4731; x_wconf 77' lang='lat' dir='ltr'><strong>paenitentiam</strong></span> <span class='ocrx_word' id='word_1_553' title='bbox 578 4658 715 4729; x_wconf 89' lang='lat' dir='ltr'><strong>tribuere,</strong></span> <span class='ocrx_word' id='word_1_554' title='bbox 729 4660 792 4732; x_wconf 87' lang='lat' dir='ltr'><strong>quis</strong></span> <span class='ocrx_word' id='word_1_555' title='bbox 807 4659 861 4715; x_wconf 91' lang='grc'>6611</span> <span class='ocrx_word' id='word_1_556' title='bbox 873 4676 939 4731; x_wconf 90' lang='lat' dir='ltr'><strong>pre·</strong></span> <span class='ocrx_word' id='word_1_557' title='bbox 1026 4659 1146 4732; x_wconf 85' lang='lat' dir='ltr'><strong>Explicit</strong></span> <span class='ocrx_word' id='word_1_558' title='bbox 1157 4660 1309 4718; x_wconf 89' lang='lat' dir='ltr'><strong>concilium</strong></span> <span class='ocrx_word' id='word_1_559' title='bbox 1319 4664 1553 4735; x_wconf 87' lang='lat' dir='ltr'><strong>Neocaesariense,</strong></span> <span class='ocrx_word' id='word_1_560' title='bbox 1569 4665 1645 4737; x_wconf 87' lang='lat' dir='ltr'><strong>quud</strong></span> <span class='ocrx_word' id='word_1_561' title='bbox 1657 4665 1721 4734; x_wconf 86' lang='grc'>1611,</span> <span class='ocrx_word' id='word_1_562' title='bbox 1728 4667 1848 4722; x_wconf 70' lang='lat' dir='ltr'><strong>Anno«</strong></span> 
     </span>
     <span class='ocr_line' id='line_1_47' title="bbox 125 4751 1540 4826; baseline 0.005 -19"><span class='ocrx_word' id='word_1_563' title='bbox 125 4753 221 4826; x_wconf 85' lang='lat' dir='ltr'><strong>sbyter</strong></span> <span class='ocrx_word' id='word_1_564' title='bbox 251 4753 301 4825; x_wconf 84' lang='lat' dir='ltr'><strong>qui</strong></span> <span class='ocrx_word' id='word_1_565' title='bbox 337 4757 452 4825; x_wconf 89' lang='lat' dir='ltr'><strong>propter</strong></span> <span class='ocrx_word' id='word_1_566' title='bbox 487 4751 647 4809; x_wconf 83' lang='lat' dir='ltr'><strong>convivium</strong></span> <span class='ocrx_word' id='word_1_567' title='bbox 685 4752 741 4809; x_wconf 90' lang='lat' dir='ltr'><strong>illis</strong></span> <span class='ocrx_word' id='word_1_568' title='bbox 782 4755 941 4810; x_wconf 88' lang='lat' dir='ltr'><strong>consentiat</strong></span> <span class='ocrx_word' id='word_1_569' title='bbox 991 4753 1107 4810; x_wconf 87' lang='lat' dir='ltr'><strong>Domini</strong></span> <span class='ocrx_word' id='word_1_570' title='bbox 1118 4754 1211 4811; x_wconf 79' lang='grc'>11116</span> <span class='ocrx_word' id='word_1_571' title='bbox 1227 4757 1318 4812; x_wconf 91' lang='lat' dir='ltr'><strong>Ponto</strong></span> <span class='ocrx_word' id='word_1_572' title='bbox 1330 4758 1540 4814; x_wconf 90' lang='lat' dir='ltr'><strong>Polemoniaco.</strong></span> 
     </span>
     <span class='ocr_line' id='line_1_48' title="bbox 123 4845 241 4918; baseline 0 -18"><span class='ocrx_word' id='word_1_573' title='bbox 123 4845 241 4918; x_wconf 88' lang='lat' dir='ltr'><strong>nuptiis.</strong></span> 
     </span>
    </p>
   </div>
   <div class='ocr_carea' id='block_1_4' title="bbox 521 5097 1410 5168">
    <p class='ocr_par' dir='ltr' id='par_1_4' title="bbox 521 5097 1410 5168">
     <span class='ocr_line' id='line_1_49' title="bbox 521 5097 1410 5168; baseline 0.004 -6"><span class='ocrx_word' id='word_1_574' title='bbox 521 5097 721 5164; x_wconf 81' lang='lat' dir='ltr'><strong>INCIPlUN&#39;l&#39;</strong></span> <span class='ocrx_word' id='word_1_575' title='bbox 742 5098 937 5166; x_wconf 80' lang='lat' dir='ltr'><strong>CAPITULA</strong></span> <span class='ocrx_word' id='word_1_576' title='bbox 959 5100 1209 5167; x_wconf 80' lang='lat' dir='ltr'><strong>GANGRENSIS</strong></span> <span class='ocrx_word' id='word_1_577' title='bbox 1231 5101 1410 5168; x_wconf 84' lang='lat' dir='ltr'><strong>CONClLll.</strong></span> 
     </span>
    </p>
   </div>
   <div class='ocr_carea' id='block_1_5' title="bbox 120 5233 1848 5876">
    <p class='ocr_par' dir='ltr' id='par_1_5' title="bbox 160 5233 1777 5322">
     <span class='ocr_line' id='line_1_50' title="bbox 160 5233 1777 5322; baseline 0.006 -33"><span class='ocrx_word' id='word_1_578' title='bbox 160 5238 184 5289; x_wconf 92' lang='grc'><strong>1.</strong></span> <span class='ocrx_word' id='word_1_579' title='bbox 199 5235 239 5289; x_wconf 85' lang='grc'><strong>116</strong></span> <span class='ocrx_word' id='word_1_580' title='bbox 255 5233 300 5288; x_wconf 90' lang='lat' dir='ltr'><strong>his</strong></span> <span class='ocrx_word' id='word_1_581' title='bbox 313 5233 363 5304; x_wconf 84' lang='lat' dir='ltr'><strong>qui</strong></span> <span class='ocrx_word' id='word_1_582' title='bbox 374 5234 488 5306; x_wconf 85' lang='lat' dir='ltr'><strong>nuptias</strong></span> <span class='ocrx_word' id='word_1_583' title='bbox 503 5234 651 5291; x_wconf 89' lang='lat' dir='ltr'><strong>damnant.</strong></span> <span class='ocrx_word' id='word_1_584' title='bbox 946 5249 977 5322; x_wconf 77' lang='grc' dir='ltr'><strong>Ι)</strong></span> <span class='ocrx_word' id='word_1_585' title='bbox 1022 5241 1049 5293; x_wconf 83' lang='lat'><strong>7.</strong></span> <span class='ocrx_word' id='word_1_586' title='bbox 1065 5239 1102 5293; x_wconf 83' lang='lat' dir='ltr'><strong>lte</strong></span> <span class='ocrx_word' id='word_1_587' title='bbox 1114 5237 1253 5294; x_wconf 87' lang='lat' dir='ltr'><strong>hnctibus</strong></span> <span class='ocrx_word' id='word_1_588' title='bbox 1265 5239 1295 5295; x_wconf 92' lang='lat' dir='ltr'><strong>in</strong></span> <span class='ocrx_word' id='word_1_589' title='bbox 1307 5239 1455 5295; x_wconf 89' lang='lat' dir='ltr'><strong>ecclesiam</strong></span> <span class='ocrx_word' id='word_1_590' title='bbox 1469 5243 1498 5295; x_wconf 91' lang='lat' dir='ltr'><strong>et</strong></span> <span class='ocrx_word' id='word_1_591' title='bbox 1514 5256 1574 5297; x_wconf 92' lang='lat' dir='ltr'><strong>non</strong></span> <span class='ocrx_word' id='word_1_592' title='bbox 1586 5240 1657 5298; x_wconf 83' lang='lat' dir='ltr'><strong>alibi</strong></span> <span class='ocrx_word' id='word_1_593' title='bbox 1669 5242 1777 5300; x_wconf 86' lang='lat' dir='ltr'><strong>dandis.</strong></span> 
     </span>
    </p>

    <p class='ocr_par' dir='ltr' id='par_1_6' title="bbox 157 5325 1742 5406">
     <span class='ocr_line' id='line_1_51' title="bbox 157 5325 1742 5406; baseline 0.007 -24"><span class='ocrx_word' id='word_1_594' title='bbox 157 5331 183 5382; x_wconf 74' lang='lat'><strong>2.</strong></span> <span class='ocrx_word' id='word_1_595' title='bbox 198 5328 237 5382; x_wconf 84' lang='lat' dir='ltr'><strong>lle</strong></span> <span class='ocrx_word' id='word_1_596' title='bbox 249 5326 295 5382; x_wconf 87' lang='lat' dir='ltr'><strong>his</strong></span> <span class='ocrx_word' id='word_1_597' title='bbox 307 5325 357 5399; x_wconf 89' lang='lat' dir='ltr'><strong>qui</strong></span> <span class='ocrx_word' id='word_1_598' title='bbox 368 5342 469 5385; x_wconf 85' lang='lat' dir='ltr'><strong>carnes</strong></span> <span class='ocrx_word' id='word_1_599' title='bbox 483 5328 688 5385; x_wconf 88' lang='lat' dir='ltr'><strong>manducantes</strong></span> <span class='ocrx_word' id='word_1_600' title='bbox 700 5329 847 5385; x_wconf 88' lang='lat' dir='ltr'><strong>damnant.</strong></span> <span class='ocrx_word' id='word_1_601' title='bbox 1022 5333 1049 5386; x_wconf 88' lang='lat'><strong>8.</strong></span> <span class='ocrx_word' id='word_1_602' title='bbox 1061 5330 1155 5386; x_wconf 85' lang='lat' dir='ltr'><strong>Dahis</strong></span> <span class='ocrx_word' id='word_1_603' title='bbox 1171 5347 1236 5403; x_wconf 77' lang='lat' dir='ltr'><strong>quae</strong></span> <span class='ocrx_word' id='word_1_604' title='bbox 1250 5333 1280 5388; x_wconf 89' lang='grc'><strong>16</strong></span> <span class='ocrx_word' id='word_1_605' title='bbox 1293 5349 1362 5389; x_wconf 89' lang='lat' dir='ltr'><strong>usus</strong></span> <span class='ocrx_word' id='word_1_606' title='bbox 1375 5349 1535 5406; x_wconf 88' lang='lat' dir='ltr'><strong>pauperum</strong></span> <span class='ocrx_word' id='word_1_607' title='bbox 1545 5334 1742 5393; x_wconf 85' lang='lat' dir='ltr'><strong>conteruntur.</strong></span> 
     </span>
    </p>

    <p class='ocr_par' dir='ltr' id='par_1_7' title="bbox 120 5420 1848 5574">
     <span class='ocr_line' id='line_1_52' title="bbox 156 5420 1848 5502; baseline 0.006 -25"><span class='ocrx_word' id='word_1_608' title='bbox 156 5424 182 5477; x_wconf 84' lang='grc'><strong>3.</strong></span> <span class='ocrx_word' id='word_1_609' title='bbox 198 5422 258 5477; x_wconf 89' lang='lat' dir='ltr'><strong>Non</strong></span> <span class='ocrx_word' id='word_1_610' title='bbox 271 5420 375 5476; x_wconf 87' lang='lat' dir='ltr'><strong>debere</strong></span> <span class='ocrx_word' id='word_1_611' title='bbox 391 5437 504 5477; x_wconf 83' lang='lat' dir='ltr'><strong>serrum</strong></span> <span class='ocrx_word' id='word_1_612' title='bbox 520 5421 667 5478; x_wconf 90' lang='lat' dir='ltr'><strong>occasione</strong></span> <span class='ocrx_word' id='word_1_613' title='bbox 682 5422 827 5494; x_wconf 88' lang='lat' dir='ltr'><strong>religionis</strong></span> <span class='ocrx_word' id='word_1_614' title='bbox 846 5421 935 5478; x_wconf 91' lang='lat' dir='ltr'><strong>domi·</strong></span> <span class='ocrx_word' id='word_1_615' title='bbox 1022 5423 1212 5495; x_wconf 81' lang='lat' dir='ltr'><strong>ttVirginitati</strong></span> <span class='ocrx_word' id='word_1_616' title='bbox 1225 5425 1388 5483; x_wconf 90' lang='lat' dir='ltr'><strong>studentem</strong></span> <span class='ocrx_word' id='word_1_617' title='bbox 1404 5442 1462 5482; x_wconf 92' lang='lat' dir='ltr'><strong>uon</strong></span> <span class='ocrx_word' id='word_1_618' title='bbox 1474 5427 1580 5484; x_wconf 88' lang='lat' dir='ltr'><strong>debere</strong></span> <span class='ocrx_word' id='word_1_619' title='bbox 1596 5429 1848 5502; x_wconf 65' lang='lat' dir='ltr'><strong>suplicasse</strong></span> 
     </span>
     <span class='ocr_line' id='line_1_53' title="bbox 120 5518 1072 5574; baseline 0.004 -6"><span class='ocrx_word' id='word_1_620' title='bbox 120 5531 191 5571; x_wconf 91' lang='lat' dir='ltr'><strong>num</strong></span> <span class='ocrx_word' id='word_1_621' title='bbox 206 5519 401 5572; x_wconf 87' lang='lat' dir='ltr'><strong>contemnere.</strong></span> <span class='ocrx_word' id='word_1_622' title='bbox 987 5518 1072 5574; x_wconf 90' lang='grc'>66661.</span> 
     </span>
    </p>

    <p class='ocr_par' dir='ltr' id='par_1_8' title="bbox 156 5608 1674 5688">
     <span class='ocr_line' id='line_1_54' title="bbox 156 5608 1674 5688; baseline 0.008 -26"><span class='ocrx_word' id='word_1_623' title='bbox 156 5609 181 5662; x_wconf 78' lang='lat' dir='ltr'><strong>t.</strong></span> <span class='ocrx_word' id='word_1_624' title='bbox 198 5611 236 5664; x_wconf 82' lang='grc'><strong>116</strong></span> <span class='ocrx_word' id='word_1_625' title='bbox 250 5609 392 5667; x_wconf 87' lang='grc'>611611666</span> <span class='ocrx_word' id='word_1_626' title='bbox 404 5608 564 5684; x_wconf 88' lang='lat' dir='ltr'><strong>presbyteri</strong></span> <span class='ocrx_word' id='word_1_627' title='bbox 578 5608 735 5682; x_wconf 86' lang='lat' dir='ltr'><strong>conjugati.</strong></span> <span class='ocrx_word' id='word_1_628' title='bbox 1024 5613 1066 5666; x_wconf 85' lang='lat' dir='ltr'><strong>to.</strong></span> <span class='ocrx_word' id='word_1_629' title='bbox 1080 5612 1118 5666; x_wconf 85' lang='lat' dir='ltr'><strong>lle</strong></span> <span class='ocrx_word' id='word_1_630' title='bbox 1131 5610 1176 5666; x_wconf 91' lang='lat' dir='ltr'><strong>his</strong></span> <span class='ocrx_word' id='word_1_631' title='bbox 1189 5610 1239 5683; x_wconf 87' lang='lat' dir='ltr'><strong>qui</strong></span> <span class='ocrx_word' id='word_1_632' title='bbox 1252 5627 1303 5682; x_wconf 91' lang='lat' dir='ltr'><strong>pro</strong></span> <span class='ocrx_word' id='word_1_633' title='bbox 1317 5612 1480 5684; x_wconf 85' lang='lat' dir='ltr'><strong>virginitate</strong></span> <span class='ocrx_word' id='word_1_634' title='bbox 1493 5614 1674 5688; x_wconf 89' lang='lat' dir='ltr'><strong>superbiunt.</strong></span> 
     </span>
    </p>

    <p class='ocr_par' dir='ltr' id='par_1_9' title="bbox 128 5690 1695 5876">
     <span class='ocr_line' id='line_1_55' title="bbox 146 5690 1695 5777; baseline 0.012 -27"><span class='ocrx_word' id='word_1_635' title='bbox 146 5703 173 5753; x_wconf 74' lang='lat'><strong>5.</strong></span> <span class='ocrx_word' id='word_1_636' title='bbox 189 5690 340 5760; x_wconf 79' lang='lat' dir='ltr'><strong>Orationes</strong></span> <span class='ocrx_word' id='word_1_637' title='bbox 352 5704 481 5762; x_wconf 84' lang='grc'>66616616</span> <span class='ocrx_word' id='word_1_638' title='bbox 495 5720 556 5762; x_wconf 90' lang='grc'><strong>666</strong></span> <span class='ocrx_word' id='word_1_639' title='bbox 569 5703 672 5762; x_wconf 84' lang='grc'>161666</span> <span class='ocrx_word' id='word_1_640' title='bbox 690 5704 845 5762; x_wconf 85' lang='lat' dir='ltr'><strong>contemni.</strong></span> <span class='ocrx_word' id='word_1_641' title='bbox 1024 5708 1066 5760; x_wconf 91' lang='grc'><strong>11.</strong></span> <span class='ocrx_word' id='word_1_642' title='bbox 1080 5707 1206 5777; x_wconf 69' lang='lat' dir='ltr'><strong>agapem</strong></span> <span class='ocrx_word' id='word_1_643' title='bbox 1216 5705 1339 5762; x_wconf 74' lang='lat' dir='ltr'><strong>fratrum</strong></span> <span class='ocrx_word' id='word_1_644' title='bbox 1351 5723 1411 5763; x_wconf 92' lang='lat' dir='ltr'><strong>non</strong></span> <span class='ocrx_word' id='word_1_645' title='bbox 1421 5707 1528 5766; x_wconf 88' lang='lat' dir='ltr'><strong>debere</strong></span> <span class='ocrx_word' id='word_1_646' title='bbox 1537 5711 1695 5768; x_wconf 88' lang='lat' dir='ltr'><strong>contemni.</strong></span> 
     </span>
     <span class='ocr_line' id='line_1_56' title="bbox 128 5787 1641 5876; baseline 0.011 -31"><span class='ocrx_word' id='word_1_647' title='bbox 128 5787 233 5842; x_wconf 65' lang='grc'>16166</span> <span class='ocrx_word' id='word_1_648' title='bbox 250 5793 362 5853; x_wconf 83' lang='lat' dir='ltr'><strong>debere</strong></span> <span class='ocrx_word' id='word_1_649' title='bbox 376 5801 456 5855; x_wconf 76' lang='lat' dir='ltr'><strong>extra</strong></span> <span class='ocrx_word' id='word_1_650' title='bbox 476 5798 628 5858; x_wconf 89' lang='lat' dir='ltr'><strong>ecclesiam</strong></span> <span class='ocrx_word' id='word_1_651' title='bbox 646 5798 827 5875; x_wconf 89' lang='lat' dir='ltr'><strong>congregari.</strong></span> <span class='ocrx_word' id='word_1_652' title='bbox 1023 5801 1067 5853; x_wconf 79' lang='lat' dir='ltr'><strong>u.</strong></span> <span class='ocrx_word' id='word_1_653' title='bbox 1082 5798 1120 5853; x_wconf 88' lang='lat' dir='ltr'><strong>lle</strong></span> <span class='ocrx_word' id='word_1_654' title='bbox 1133 5798 1344 5855; x_wconf 88' lang='lat' dir='ltr'><strong>continentibus</strong></span> <span class='ocrx_word' id='word_1_655' title='bbox 1359 5803 1451 5856; x_wconf 88' lang='grc'>61666</span> <span class='ocrx_word' id='word_1_656' title='bbox 1466 5802 1641 5876; x_wconf 85' lang='lat' dir='ltr'><strong>passionum.</strong></span> 
     </span>
    </p>
   </div>
   <div class='ocr_carea' id='block_1_6' title="bbox 0 0 1940 6150">
    <p class='ocr_par' dir='ltr' id='par_1_10' title="bbox 0 0 1940 6150">
     <span class='ocr_line' id='line_1_57' title="bbox 0 0 1940 6150; baseline 0 1"><span class='ocrx_word' id='word_1_657' title='bbox 0 0 1940 6150; x_wconf 95' lang='lat' dir='ltr'><strong> </strong></span> 
     </span>
    </p>
   </div>
  </div>
 </body>
</html>
