<?xml version="1.0" encoding="UTF-8"?>
<!DOCTYPE html PUBLIC "-//W3C//DTD XHTML 1.0 Transitional//EN"
    "http://www.w3.org/TR/xhtml1/DTD/xhtml1-transitional.dtd">
<html xmlns="http://www.w3.org/1999/xhtml" xml:lang="en" lang="en">
 <head>
  <title>
</title>
<meta http-equiv="Content-Type" content="text/html;charset=utf-8" />
  <meta name='ocr-system' content='tesseract 3.04.00' />
  <meta name='ocr-capabilities' content='ocr_page ocr_carea ocr_par ocr_line ocrx_word'/>
</head>
<body>
  <div class='ocr_page' id='page_1' title='image "./patrologiaecurs03unkngoog/patrologiaecurs03unkngoog_0548.png"; bbox 0 0 3870 6150; ppageno 0'>
   <div class='ocr_carea' id='block_1_1' title="bbox 134 208 1814 303">
    <p class='ocr_par' dir='ltr' id='par_1_1' title="bbox 134 208 1814 303">
     <span class='ocr_line' id='line_1_1' title="bbox 134 208 1814 303; baseline -0.001 -1"><span class='ocrx_word' id='word_1_1' title='bbox 134 247 200 302; x_wconf 78' lang='lat' dir='ltr'>lost</span> <span class='ocrx_word' id='word_1_2' title='bbox 742 245 977 301; x_wconf 72' lang='lat' dir='ltr'>oacaaruuuu</span> <span class='ocrx_word' id='word_1_3' title='bbox 996 244 1191 303; x_wconf 75' lang='lat' dir='ltr'>censuario.</span> <span class='ocrx_word' id='word_1_4' title='bbox 1748 208 1814 302; x_wconf 78' lang='lat' dir='ltr'>ross</span> 
     </span>
    </p>
   </div>
   <div class='ocr_carea' id='block_1_2' title="bbox 126 354 1819 2114">
    <p class='ocr_par' dir='ltr' id='par_1_2' title="bbox 128 354 1818 990">
     <span class='ocr_line' id='line_1_2' title="bbox 130 354 1815 437; baseline 0.002 -30"><span class='ocrx_word' id='word_1_5' title='bbox 130 354 334 425; x_wconf 79' lang='lat' dir='ltr'>Hispanienses</span> <span class='ocrx_word' id='word_1_6' title='bbox 347 354 486 409; x_wconf 84' lang='lat' dir='ltr'>Ecclesias</span> <span class='ocrx_word' id='word_1_7' title='bbox 499 354 657 410; x_wconf 90' lang='lat' dir='ltr'>constitutis</span> <span class='ocrx_word' id='word_1_8' title='bbox 667 370 826 432; x_wconf 86' lang='lat' dir='ltr'>superque</span> <span class='ocrx_word' id='word_1_9' title='bbox 839 357 948 409; x_wconf 90' lang='lat' dir='ltr'>autne·</span> <span class='ocrx_word' id='word_1_10' title='bbox 959 362 1100 437; x_wconf 64' lang='lat' dir='ltr'>Anemus</span> <span class='ocrx_word' id='word_1_11' title='bbox 1113 357 1215 421; x_wconf 85' lang='lat' dir='ltr'>errata,</span> <span class='ocrx_word' id='word_1_12' title='bbox 1232 354 1274 409; x_wconf 85' lang='lat' dir='ltr'>rel</span> <span class='ocrx_word' id='word_1_13' title='bbox 1290 355 1487 411; x_wconf 80' lang='lat' dir='ltr'>custodiamus</span> <span class='ocrx_word' id='word_1_14' title='bbox 1498 354 1635 410; x_wconf 86' lang='lat' dir='ltr'>catholica</span> <span class='ocrx_word' id='word_1_15' title='bbox 1652 355 1815 418; x_wconf 87' lang='lat' dir='ltr'>constituta,</span> 
     </span>
     <span class='ocr_line' id='line_1_3' title="bbox 128 447 1818 521; baseline 0.001 -19"><span class='ocrx_word' id='word_1_16' title='bbox 128 447 949 520; x_wconf 86' lang='lat' dir='ltr'>gligentiusautirreligiosiusfiuntecclesiasticisdiscipli·</span> <span class='ocrx_word' id='word_1_17' title='bbox 998 452 1094 503; x_wconf 70' lang='lat' dir='ltr'>manen</span> <span class='ocrx_word' id='word_1_18' title='bbox 1110 447 1176 519; x_wconf 85' lang='lat' dir='ltr'>quio</span> <span class='ocrx_word' id='word_1_19' title='bbox 1188 449 1304 503; x_wconf 84' lang='lat' dir='ltr'>loannis</span> <span class='ocrx_word' id='word_1_20' title='bbox 1316 449 1421 516; x_wconf 81' lang='lat' dir='ltr'>fratris,</span> <span class='ocrx_word' id='word_1_21' title='bbox 1436 452 1465 504; x_wconf 95' lang='lat' dir='ltr'>et</span> <span class='ocrx_word' id='word_1_22' title='bbox 1476 449 1636 521; x_wconf 76' lang='lat' dir='ltr'>coepiscopi</span> <span class='ocrx_word' id='word_1_23' title='bbox 1655 449 1744 504; x_wconf 82' lang='lat' dir='ltr'>nostri</span> <span class='ocrx_word' id='word_1_24' title='bbox 1768 465 1818 505; x_wconf 88' lang='lat' dir='ltr'>no·</span> 
     </span>
     <span class='ocr_line' id='line_1_4' title="bbox 128 540 1814 616; baseline 0.002 -20"><span class='ocrx_word' id='word_1_25' title='bbox 128 541 177 597; x_wconf 91' lang='lat' dir='ltr'>nis</span> <span class='ocrx_word' id='word_1_26' title='bbox 192 541 381 613; x_wconf 87' lang='lat' dir='ltr'>congruentia</span> <span class='ocrx_word' id='word_1_27' title='bbox 403 543 566 597; x_wconf 81' lang='lat' dir='ltr'>sanciamus</span> <span class='ocrx_word' id='word_1_28' title='bbox 591 543 668 614; x_wconf 89' lang='lat' dir='ltr'>quod</span> <span class='ocrx_word' id='word_1_29' title='bbox 689 542 814 616; x_wconf 81' lang='lat' dir='ltr'>amplexi</span> <span class='ocrx_word' id='word_1_30' title='bbox 837 558 947 597; x_wconf 89' lang='lat' dir='ltr'>sumus.</span> <span class='ocrx_word' id='word_1_31' title='bbox 997 540 1041 596; x_wconf 88' lang='lat' dir='ltr'>bis</span> <span class='ocrx_word' id='word_1_32' title='bbox 1055 541 1244 598; x_wconf 77' lang='lat' dir='ltr'>insinuatione</span> <span class='ocrx_word' id='word_1_33' title='bbox 1256 543 1404 613; x_wconf 86' lang='lat' dir='ltr'>vulgatum</span> <span class='ocrx_word' id='word_1_34' title='bbox 1417 546 1460 598; x_wconf 91' lang='lat' dir='ltr'>est</span> <span class='ocrx_word' id='word_1_35' title='bbox 1471 546 1573 598; x_wconf 89' lang='lat' dir='ltr'>contra</span> <span class='ocrx_word' id='word_1_36' title='bbox 1583 558 1724 598; x_wconf 90' lang='lat' dir='ltr'>canonum</span> <span class='ocrx_word' id='word_1_37' title='bbox 1735 559 1814 600; x_wconf 80' lang='lat' dir='ltr'>reve</span> 
     </span>
     <span class='ocr_line' id='line_1_5' title="bbox 130 635 1813 708; baseline 0.001 -18"><span class='ocrx_word' id='word_1_38' title='bbox 130 635 208 700; x_wconf 84' lang='lat' dir='ltr'>Quid</span> <span class='ocrx_word' id='word_1_39' title='bbox 223 635 302 690; x_wconf 92' lang='lat' dir='ltr'>enim</span> <span class='ocrx_word' id='word_1_40' title='bbox 315 640 364 691; x_wconf 89' lang='lat' dir='ltr'>aut</span> <span class='ocrx_word' id='word_1_41' title='bbox 373 635 456 691; x_wconf 86' lang='lat' dir='ltr'>nobis</span> <span class='ocrx_word' id='word_1_42' title='bbox 468 636 578 691; x_wconf 90' lang='lat' dir='ltr'>dulcius</span> <span class='ocrx_word' id='word_1_43' title='bbox 591 652 678 707; x_wconf 89' lang='lat' dir='ltr'>quam</span> <span class='ocrx_word' id='word_1_44' title='bbox 688 653 754 692; x_wconf 87' lang='lat' dir='ltr'>curu</span> <span class='ocrx_word' id='word_1_45' title='bbox 767 636 898 692; x_wconf 82' lang='lat' dir='ltr'>fidelibus</span> <span class='ocrx_word' id='word_1_46' title='bbox 907 637 947 691; x_wconf 91' lang='lat' dir='ltr'>lo·</span> <span class='ocrx_word' id='word_1_47' title='bbox 998 635 1120 690; x_wconf 89' lang='lat' dir='ltr'>rentiam</span> <span class='ocrx_word' id='word_1_48' title='bbox 1132 636 1269 690; x_wconf 90' lang='lat' dir='ltr'>nonnulla</span> <span class='ocrx_word' id='word_1_49' title='bbox 1279 635 1422 708; x_wconf 84' lang='lat' dir='ltr'>presumi,</span> <span class='ocrx_word' id='word_1_50' title='bbox 1434 635 1594 708; x_wconf 87' lang='lat' dir='ltr'>periculum</span> <span class='ocrx_word' id='word_1_51' title='bbox 1603 636 1682 708; x_wconf 90' lang='lat' dir='ltr'>quod</span> <span class='ocrx_word' id='word_1_52' title='bbox 1691 637 1813 692; x_wconf 89' lang='lat' dir='ltr'>doctori·</span> 
     </span>
     <span class='ocr_line' id='line_1_6' title="bbox 131 728 1813 803; baseline 0.002 -20"><span class='ocrx_word' id='word_1_53' title='bbox 131 729 193 801; x_wconf 89' lang='lat' dir='ltr'>qui,</span> <span class='ocrx_word' id='word_1_54' title='bbox 204 732 253 783; x_wconf 90' lang='lat' dir='ltr'>aut</span> <span class='ocrx_word' id='word_1_55' title='bbox 262 730 318 784; x_wconf 86' lang='lat' dir='ltr'>Deo</span> <span class='ocrx_word' id='word_1_56' title='bbox 328 729 421 801; x_wconf 90' lang='lat' dir='ltr'>aptius</span> <span class='ocrx_word' id='word_1_57' title='bbox 431 746 519 802; x_wconf 90' lang='lat' dir='ltr'>quam</span> <span class='ocrx_word' id='word_1_58' title='bbox 528 730 673 785; x_wconf 83' lang='lat' dir='ltr'>deviantes</span> <span class='ocrx_word' id='word_1_59' title='bbox 682 730 717 785; x_wconf 93' lang='lat' dir='ltr'>ab</span> <span class='ocrx_word' id='word_1_60' title='bbox 729 745 826 786; x_wconf 90' lang='lat' dir='ltr'>errore</span> <span class='ocrx_word' id='word_1_61' title='bbox 836 746 949 785; x_wconf 86' lang='lat' dir='ltr'>revoca·</span> <span class='ocrx_word' id='word_1_62' title='bbox 997 729 1050 784; x_wconf 90' lang='lat' dir='ltr'>bus</span> <span class='ocrx_word' id='word_1_63' title='bbox 1063 728 1196 785; x_wconf 85' lang='lat' dir='ltr'>imminet</span> <span class='ocrx_word' id='word_1_64' title='bbox 1204 730 1239 785; x_wconf 89' lang='lat' dir='ltr'>de</span> <span class='ocrx_word' id='word_1_65' title='bbox 1251 729 1441 785; x_wconf 84' lang='lat' dir='ltr'>taciturnitate</span> <span class='ocrx_word' id='word_1_66' title='bbox 1450 730 1608 801; x_wconf 88' lang='lat' dir='ltr'>declinans,</span> <span class='ocrx_word' id='word_1_67' title='bbox 1623 733 1653 785; x_wconf 90' lang='lat' dir='ltr'>et</span> <span class='ocrx_word' id='word_1_68' title='bbox 1662 730 1813 803; x_wconf 90' lang='lat' dir='ltr'>propheti·</span> 
     </span>
     <span class='ocr_line' id='line_1_7' title="bbox 131 822 1814 895; baseline 0.002 -18"><span class='ocrx_word' id='word_1_69' title='bbox 131 822 189 877; x_wconf 81' lang='lat' dir='ltr'>re?</span> <span class='ocrx_word' id='word_1_70' title='bbox 204 823 366 879; x_wconf 79' lang='lat' dir='ltr'>salutantes</span> <span class='ocrx_word' id='word_1_71' title='bbox 380 822 469 895; x_wconf 88' lang='lat' dir='ltr'>igitur</span> <span class='ocrx_word' id='word_1_72' title='bbox 485 823 652 879; x_wconf 89' lang='lat' dir='ltr'>charitatem</span> <span class='ocrx_word' id='word_1_73' title='bbox 667 840 722 895; x_wconf 90' lang='lat' dir='ltr'>qua</span> <span class='ocrx_word' id='word_1_74' title='bbox 731 823 882 895; x_wconf 80' lang='lat' dir='ltr'>jungimur</span> <span class='ocrx_word' id='word_1_75' title='bbox 895 840 949 895; x_wconf 89' lang='lat' dir='ltr'>per</span> <span class='ocrx_word' id='word_1_76' title='bbox 998 838 1029 877; x_wconf 85' lang='lat' dir='ltr'>ea</span> <span class='ocrx_word' id='word_1_77' title='bbox 1043 839 1110 879; x_wconf 89' lang='lat' dir='ltr'>voce</span> <span class='ocrx_word' id='word_1_78' title='bbox 1132 826 1320 895; x_wconf 87' lang='lat' dir='ltr'>compunctus</span> <span class='ocrx_word' id='word_1_79' title='bbox 1338 839 1396 893; x_wconf 85' lang='lat' dir='ltr'>qua</span> <span class='ocrx_word' id='word_1_80' title='bbox 1420 822 1498 891; x_wconf 90' lang='lat' dir='ltr'>dicit,</span> <span class='ocrx_word' id='word_1_81' title='bbox 1526 823 1644 895; x_wconf 88' lang='lat' dir='ltr'>loquere</span> <span class='ocrx_word' id='word_1_82' title='bbox 1660 839 1697 878; x_wconf 92' lang='lat' dir='ltr'>ne</span> <span class='ocrx_word' id='word_1_83' title='bbox 1712 829 1814 892; x_wconf 86' lang='lat' dir='ltr'>taceas,</span> 
     </span>
     <span class='ocr_line' id='line_1_8' title="bbox 131 916 1670 990; baseline -0.001 -17"><span class='ocrx_word' id='word_1_84' title='bbox 131 917 297 973; x_wconf 88' lang='lat' dir='ltr'>Cassianum</span> <span class='ocrx_word' id='word_1_85' title='bbox 309 916 462 972; x_wconf 91' lang='lat' dir='ltr'>diaconum</span> <span class='ocrx_word' id='word_1_86' title='bbox 472 921 553 972; x_wconf 89' lang='lat' dir='ltr'>tuum</span> <span class='ocrx_word' id='word_1_87' title='bbox 566 917 761 990; x_wconf 84' lang='lat' dir='ltr'>significamus</span> <span class='ocrx_word' id='word_1_88' title='bbox 771 934 823 973; x_wconf 90' lang='lat' dir='ltr'>nos</span> <span class='ocrx_word' id='word_1_89' title='bbox 832 917 948 974; x_wconf 88' lang='lat' dir='ltr'>direxis·</span> <span class='ocrx_word' id='word_1_90' title='bbox 998 916 1178 988; x_wconf 89' lang='lat' dir='ltr'>generalibus</span> <span class='ocrx_word' id='word_1_91' title='bbox 1193 916 1364 971; x_wconf 90' lang='lat' dir='ltr'>edicendum</span> <span class='ocrx_word' id='word_1_92' title='bbox 1378 916 1487 971; x_wconf 91' lang='lat' dir='ltr'>credidi</span> <span class='ocrx_word' id='word_1_93' title='bbox 1499 917 1670 972; x_wconf 88' lang='lat' dir='ltr'>constitutis.</span> 
     </span>
    </p>

    <p class='ocr_par' dir='ltr' id='par_1_3' title="bbox 126 986 1819 2114">
     <span class='ocr_line' id='line_1_9' title="bbox 130 986 1814 1083; baseline 0.001 -18"><span class='ocrx_word' id='word_1_94' title='bbox 130 1026 161 1066; x_wconf 93' lang='lat' dir='ltr'>se</span> <span class='ocrx_word' id='word_1_95' title='bbox 175 1010 320 1082; x_wconf 88' lang='lat' dir='ltr'>generalia</span> <span class='ocrx_word' id='word_1_96' title='bbox 331 1011 493 1080; x_wconf 87' lang='lat' dir='ltr'>constituta,</span> <span class='ocrx_word' id='word_1_97' title='bbox 508 1011 611 1083; x_wconf 87' lang='lat' dir='ltr'>quibus</span> <span class='ocrx_word' id='word_1_98' title='bbox 627 986 670 1066; x_wconf 71' lang='lat' dir='ltr'>vel</span> <span class='ocrx_word' id='word_1_99' title='bbox 687 1027 721 1067; x_wconf 91' lang='lat' dir='ltr'>ea</span> <span class='ocrx_word' id='word_1_100' title='bbox 736 1029 799 1083; x_wconf 83' lang='lat' dir='ltr'>que</span> <span class='ocrx_word' id='word_1_101' title='bbox 805 1012 888 1082; x_wconf 88' lang='lat' dir='ltr'>juxta</span> <span class='ocrx_word' id='word_1_102' title='bbox 898 1028 946 1067; x_wconf 90' lang='lat' dir='ltr'>ca·</span> <span class='ocrx_word' id='word_1_103' title='bbox 1032 1010 1097 1066; x_wconf 76' lang='lat' dir='ltr'>Car.</span> <span class='ocrx_word' id='word_1_104' title='bbox 1117 1011 1138 1065; x_wconf 90' lang='grc' dir='ltr'>Ι.</span> <span class='ocrx_word' id='word_1_105' title='bbox 1160 1011 1196 1065; x_wconf 84' lang='grc' dir='ltr'>ιιι</span> <span class='ocrx_word' id='word_1_106' title='bbox 1209 1010 1239 1065; x_wconf 80' lang='grc' dir='ltr'>ιιι</span> <span class='ocrx_word' id='word_1_107' title='bbox 1252 1009 1445 1065; x_wconf 88' lang='lat' dir='ltr'>sacerdotibus</span> <span class='ocrx_word' id='word_1_108' title='bbox 1460 1010 1627 1066; x_wconf 86' lang='lat' dir='ltr'>ordinandis</span> <span class='ocrx_word' id='word_1_109' title='bbox 1640 1016 1783 1083; x_wconf 74' lang='lat' dir='ltr'>quaesunt</span> <span class='ocrx_word' id='word_1_110' title='bbox 1797 1028 1814 1066; x_wconf 91' lang='lat' dir='ltr'>a</span> 
     </span>
     <span class='ocr_line' id='line_1_10' title="bbox 130 1102 1819 1176; baseline 0.001 -17"><span class='ocrx_word' id='word_1_111' title='bbox 130 1120 220 1160; x_wconf 91' lang='lat' dir='ltr'>uones</span> <span class='ocrx_word' id='word_1_112' title='bbox 240 1104 344 1159; x_wconf 88' lang='lat' dir='ltr'>servari</span> <span class='ocrx_word' id='word_1_113' title='bbox 368 1104 491 1160; x_wconf 85' lang='lat' dir='ltr'>debeant</span> <span class='ocrx_word' id='word_1_114' title='bbox 516 1107 712 1176; x_wconf 84' lang='lat' dir='ltr'>competenter</span> <span class='ocrx_word' id='word_1_115' title='bbox 734 1104 885 1174; x_wconf 82' lang='lat' dir='ltr'>ediximus,</span> <span class='ocrx_word' id='word_1_116' title='bbox 902 1106 947 1161; x_wconf 87' lang='lat' dir='ltr'>vel</span> <span class='ocrx_word' id='word_1_117' title='bbox 997 1104 1125 1159; x_wconf 90' lang='lat' dir='ltr'>Patribus</span> <span class='ocrx_word' id='word_1_118' title='bbox 1138 1104 1313 1176; x_wconf 79' lang='lat' dir='ltr'>prescripta,</span> <span class='ocrx_word' id='word_1_119' title='bbox 1335 1107 1364 1158; x_wconf 90' lang='lat' dir='ltr'>et</span> <span class='ocrx_word' id='word_1_120' title='bbox 1380 1102 1648 1175; x_wconf 86' lang='lat' dir='ltr'>defiuitacogitetis,</span> <span class='ocrx_word' id='word_1_121' title='bbox 1661 1105 1729 1176; x_wconf 88' lang='lat' dir='ltr'>quia</span> <span class='ocrx_word' id='word_1_122' title='bbox 1743 1104 1819 1161; x_wconf 89' lang='lat' dir='ltr'>sicut</span> 
     </span>
     <span class='ocr_line' id='line_1_11' title="bbox 128 1197 1818 1271; baseline 0 -17"><span class='ocrx_word' id='word_1_123' title='bbox 128 1199 205 1254; x_wconf 89' lang='lat' dir='ltr'>circa</span> <span class='ocrx_word' id='word_1_124' title='bbox 216 1215 265 1253; x_wconf 89' lang='lat' dir='ltr'>eos</span> <span class='ocrx_word' id='word_1_125' title='bbox 277 1198 327 1270; x_wconf 88' lang='lat' dir='ltr'>qui</span> <span class='ocrx_word' id='word_1_126' title='bbox 342 1215 378 1253; x_wconf 89' lang='lat' dir='ltr'>ex</span> <span class='ocrx_word' id='word_1_127' title='bbox 391 1199 467 1253; x_wconf 93' lang='lat' dir='ltr'>clero</span> <span class='ocrx_word' id='word_1_128' title='bbox 481 1199 647 1254; x_wconf 77' lang='lat' dir='ltr'>Graecorum</span> <span class='ocrx_word' id='word_1_129' title='bbox 656 1199 785 1268; x_wconf 87' lang='lat' dir='ltr'>veniunt,</span> <span class='ocrx_word' id='word_1_130' title='bbox 798 1215 885 1271; x_wconf 90' lang='lat' dir='ltr'>quam</span> <span class='ocrx_word' id='word_1_131' title='bbox 898 1199 947 1254; x_wconf 90' lang='lat' dir='ltr'>ba·</span> <span class='ocrx_word' id='word_1_132' title='bbox 997 1201 1040 1253; x_wconf 89' lang='lat' dir='ltr'>est</span> <span class='ocrx_word' id='word_1_133' title='bbox 1062 1203 1147 1270; x_wconf 91' lang='lat' dir='ltr'>caput</span> <span class='ocrx_word' id='word_1_134' title='bbox 1172 1197 1301 1254; x_wconf 79' lang='lat' dir='ltr'>Ecclesiae</span> <span class='ocrx_word' id='word_1_135' title='bbox 1325 1197 1464 1266; x_wconf 83' lang='lat' dir='ltr'>Christus,</span> <span class='ocrx_word' id='word_1_136' title='bbox 1492 1197 1597 1252; x_wconf 90' lang='lat' dir='ltr'>Christi</span> <span class='ocrx_word' id='word_1_137' title='bbox 1611 1202 1708 1254; x_wconf 88' lang='lat' dir='ltr'>autem</span> <span class='ocrx_word' id='word_1_138' title='bbox 1720 1198 1818 1254; x_wconf 85' lang='lat' dir='ltr'>vicarii</span> 
     </span>
     <span class='ocr_line' id='line_1_12' title="bbox 127 1290 1816 1363; baseline -0.001 -16"><span class='ocrx_word' id='word_1_139' title='bbox 127 1292 198 1347; x_wconf 89' lang='lat' dir='ltr'>bere</span> <span class='ocrx_word' id='word_1_140' title='bbox 214 1296 344 1362; x_wconf 87' lang='lat' dir='ltr'>oporteat</span> <span class='ocrx_word' id='word_1_141' title='bbox 361 1292 532 1360; x_wconf 89' lang='lat' dir='ltr'>cautionem,</span> <span class='ocrx_word' id='word_1_142' title='bbox 548 1292 724 1348; x_wconf 85' lang='lat' dir='ltr'>sufficienter</span> <span class='ocrx_word' id='word_1_143' title='bbox 745 1292 944 1349; x_wconf 85' lang='lat' dir='ltr'>instruximus.</span> <span class='ocrx_word' id='word_1_144' title='bbox 997 1291 1168 1359; x_wconf 89' lang='lat' dir='ltr'>sacerdotes,</span> <span class='ocrx_word' id='word_1_145' title='bbox 1180 1291 1220 1346; x_wconf 88' lang='lat' dir='ltr'>sic</span> <span class='ocrx_word' id='word_1_146' title='bbox 1230 1290 1299 1347; x_wconf 89' lang='lat' dir='ltr'>etin</span> <span class='ocrx_word' id='word_1_147' title='bbox 1309 1290 1448 1363; x_wconf 81' lang='lat' dir='ltr'>eligendis</span> <span class='ocrx_word' id='word_1_148' title='bbox 1459 1291 1503 1346; x_wconf 89' lang='lat' dir='ltr'>bis</span> <span class='ocrx_word' id='word_1_149' title='bbox 1517 1307 1616 1346; x_wconf 90' lang='lat' dir='ltr'>curam</span> <span class='ocrx_word' id='word_1_150' title='bbox 1627 1294 1741 1363; x_wconf 89' lang='lat' dir='ltr'>oportet</span> <span class='ocrx_word' id='word_1_151' title='bbox 1753 1308 1816 1346; x_wconf 89' lang='lat' dir='ltr'>esse</span> 
     </span>
     <span class='ocr_line' id='line_1_13' title="bbox 127 1383 1819 1458; baseline 0 -17"><span class='ocrx_word' id='word_1_152' title='bbox 127 1385 184 1441; x_wconf 88' lang='lat' dir='ltr'>Sed</span> <span class='ocrx_word' id='word_1_153' title='bbox 198 1402 291 1440; x_wconf 86' lang='lat' dir='ltr'>cause</span> <span class='ocrx_word' id='word_1_154' title='bbox 303 1385 391 1457; x_wconf 89' lang='lat' dir='ltr'>ipsius</span> <span class='ocrx_word' id='word_1_155' title='bbox 402 1386 534 1441; x_wconf 90' lang='lat' dir='ltr'>ordinem</span> <span class='ocrx_word' id='word_1_156' title='bbox 544 1386 822 1458; x_wconf 86' lang='lat' dir='ltr'>instructionemque</span> <span class='ocrx_word' id='word_1_157' title='bbox 832 1387 946 1442; x_wconf 90' lang='lat' dir='ltr'>abunde</span> <span class='ocrx_word' id='word_1_158' title='bbox 996 1385 1186 1457; x_wconf 89' lang='lat' dir='ltr'>perspicuam.</span> <span class='ocrx_word' id='word_1_159' title='bbox 1210 1383 1479 1455; x_wconf 89' lang='lat' dir='ltr'>lrreprcbeusibiles</span> <span class='ocrx_word' id='word_1_160' title='bbox 1503 1385 1580 1439; x_wconf 87' lang='lat' dir='ltr'>enim</span> <span class='ocrx_word' id='word_1_161' title='bbox 1612 1401 1672 1440; x_wconf 86' lang='lat' dir='ltr'>esse</span> <span class='ocrx_word' id='word_1_162' title='bbox 1687 1385 1819 1443; x_wconf 89' lang='lat' dir='ltr'>convenit</span> 
     </span>
     <span class='ocr_line' id='line_1_14' title="bbox 128 1478 1817 1551; baseline 0.001 -17"><span class='ocrx_word' id='word_1_163' title='bbox 128 1478 252 1535; x_wconf 87' lang='lat' dir='ltr'>decretis</span> <span class='ocrx_word' id='word_1_164' title='bbox 258 1479 452 1535; x_wconf 89' lang='lat' dir='ltr'>ecclesiasticis</span> <span class='ocrx_word' id='word_1_165' title='bbox 461 1496 509 1534; x_wconf 91' lang='lat' dir='ltr'>vos</span> <span class='ocrx_word' id='word_1_166' title='bbox 523 1480 676 1547; x_wconf 89' lang='lat' dir='ltr'>docebunt,</span> <span class='ocrx_word' id='word_1_167' title='bbox 684 1485 716 1535; x_wconf 91' lang='lat' dir='ltr'>ut</span> <span class='ocrx_word' id='word_1_168' title='bbox 725 1483 911 1551; x_wconf 90' lang='lat' dir='ltr'>agnoscentes</span> <span class='ocrx_word' id='word_1_169' title='bbox 919 1484 948 1536; x_wconf 88' lang='lat' dir='ltr'>et</span> <span class='ocrx_word' id='word_1_170' title='bbox 996 1495 1068 1550; x_wconf 88' lang='lat' dir='ltr'>quos</span> <span class='ocrx_word' id='word_1_171' title='bbox 1084 1495 1206 1550; x_wconf 87' lang='lat' dir='ltr'>preesse</span> <span class='ocrx_word' id='word_1_172' title='bbox 1218 1494 1333 1533; x_wconf 87' lang='lat' dir='ltr'>necesse</span> <span class='ocrx_word' id='word_1_173' title='bbox 1349 1480 1393 1533; x_wconf 90' lang='lat' dir='ltr'>est</span> <span class='ocrx_word' id='word_1_174' title='bbox 1405 1478 1591 1550; x_wconf 80' lang='lat' dir='ltr'>corrigendis,</span> <span class='ocrx_word' id='word_1_175' title='bbox 1614 1494 1665 1534; x_wconf 90' lang='lat' dir='ltr'>nec</span> <span class='ocrx_word' id='word_1_176' title='bbox 1677 1478 1817 1551; x_wconf 89' lang='lat' dir='ltr'>quidquid</span> 
     </span>
     <span class='ocr_line' id='line_1_15' title="bbox 126 1571 1816 1645; baseline 0.001 -18"><span class='ocrx_word' id='word_1_177' title='bbox 126 1573 284 1644; x_wconf 90' lang='lat' dir='ltr'>impiorum</span> <span class='ocrx_word' id='word_1_178' title='bbox 294 1573 549 1645; x_wconf 87' lang='lat' dir='ltr'>transgressionem</span> <span class='ocrx_word' id='word_1_179' title='bbox 559 1579 587 1630; x_wconf 90' lang='lat' dir='ltr'>et</span> <span class='ocrx_word' id='word_1_180' title='bbox 594 1573 755 1645; x_wconf 79' lang='lat' dir='ltr'>apostolica</span> <span class='ocrx_word' id='word_1_181' title='bbox 765 1573 840 1630; x_wconf 88' lang='lat' dir='ltr'>sedis</span> <span class='ocrx_word' id='word_1_182' title='bbox 849 1589 947 1630; x_wconf 90' lang='lat' dir='ltr'>curam</span> <span class='ocrx_word' id='word_1_183' title='bbox 996 1571 1141 1627; x_wconf 89' lang='lat' dir='ltr'>illideesse</span> <span class='ocrx_word' id='word_1_184' title='bbox 1151 1588 1282 1643; x_wconf 89' lang='lat' dir='ltr'>persone</span> <span class='ocrx_word' id='word_1_185' title='bbox 1294 1588 1381 1643; x_wconf 86' lang='lat' dir='ltr'>penes</span> <span class='ocrx_word' id='word_1_186' title='bbox 1391 1588 1477 1644; x_wconf 86' lang='lat' dir='ltr'>quam</span> <span class='ocrx_word' id='word_1_187' title='bbox 1485 1575 1527 1628; x_wconf 89' lang='lat' dir='ltr'>est</span> <span class='ocrx_word' id='word_1_188' title='bbox 1536 1571 1683 1643; x_wconf 91' lang='lat' dir='ltr'>religionis</span> <span class='ocrx_word' id='word_1_189' title='bbox 1690 1589 1816 1641; x_wconf 89' lang='lat' dir='ltr'>summa,</span> 
     </span>
     <span class='ocr_line' id='line_1_16' title="bbox 126 1665 1816 1739; baseline -0.001 -17"><span class='ocrx_word' id='word_1_190' title='bbox 126 1683 181 1739; x_wconf 94' lang='lat' dir='ltr'>pro</span> <span class='ocrx_word' id='word_1_191' title='bbox 188 1668 306 1722; x_wconf 89' lang='lat' dir='ltr'>Patrum</span> <span class='ocrx_word' id='word_1_192' title='bbox 316 1667 421 1739; x_wconf 90' lang='lat' dir='ltr'>regulis</span> <span class='ocrx_word' id='word_1_193' title='bbox 431 1668 630 1734; x_wconf 83' lang='lat' dir='ltr'>excubantem,</span> <span class='ocrx_word' id='word_1_194' title='bbox 642 1669 796 1724; x_wconf 89' lang='lat' dir='ltr'>ostendatis</span> <span class='ocrx_word' id='word_1_195' title='bbox 805 1683 945 1739; x_wconf 85' lang='lat' dir='ltr'>vospero-</span> <span class='ocrx_word' id='word_1_196' title='bbox 996 1669 1025 1720; x_wconf 91' lang='lat' dir='ltr'>et</span> <span class='ocrx_word' id='word_1_197' title='bbox 1034 1665 1192 1721; x_wconf 89' lang='lat' dir='ltr'>substantia</span> <span class='ocrx_word' id='word_1_198' title='bbox 1206 1665 1374 1737; x_wconf 87' lang='lat' dir='ltr'>discipline.</span> <span class='ocrx_word' id='word_1_199' title='bbox 1389 1665 1520 1721; x_wconf 84' lang='lat' dir='ltr'>AEstimet</span> <span class='ocrx_word' id='word_1_200' title='bbox 1539 1665 1603 1738; x_wconf 90' lang='lat' dir='ltr'>quis</span> <span class='ocrx_word' id='word_1_201' title='bbox 1618 1666 1745 1737; x_wconf 89' lang='lat' dir='ltr'>pretium</span> <span class='ocrx_word' id='word_1_202' title='bbox 1760 1667 1816 1721; x_wconf 83' lang='lat' dir='ltr'>lto·</span> 
     </span>
     <span class='ocr_line' id='line_1_17' title="bbox 127 1734 1819 1831; baseline 0.001 -17"><span class='ocrx_word' id='word_1_203' title='bbox 127 1778 174 1815; x_wconf 88' lang='lat' dir='ltr'>sos</span> <span class='ocrx_word' id='word_1_204' title='bbox 193 1761 395 1817; x_wconf 87' lang='lat' dir='ltr'>damnatorum</span> <span class='ocrx_word' id='word_1_205' title='bbox 421 1762 573 1828; x_wconf 90' lang='lat' dir='ltr'>consortia,</span> <span class='ocrx_word' id='word_1_206' title='bbox 598 1765 627 1816; x_wconf 89' lang='lat' dir='ltr'>et</span> <span class='ocrx_word' id='word_1_207' title='bbox 647 1778 742 1817; x_wconf 89' lang='lat' dir='ltr'>amare</span> <span class='ocrx_word' id='word_1_208' title='bbox 759 1762 896 1818; x_wconf 86' lang='lat' dir='ltr'>fidelium.</span> <span class='ocrx_word' id='word_1_209' title='bbox 914 1734 984 1818; x_wconf 78' lang='lat' dir='ltr'>EtB</span> <span class='ocrx_word' id='word_1_210' title='bbox 999 1758 1095 1814; x_wconf 89' lang='lat' dir='ltr'>minici</span> <span class='ocrx_word' id='word_1_211' title='bbox 1120 1760 1225 1831; x_wconf 92' lang='lat' dir='ltr'>gregis,</span> <span class='ocrx_word' id='word_1_212' title='bbox 1250 1766 1282 1815; x_wconf 91' lang='lat' dir='ltr'>ut</span> <span class='ocrx_word' id='word_1_213' title='bbox 1305 1759 1374 1814; x_wconf 90' lang='lat' dir='ltr'>sciat</span> <span class='ocrx_word' id='word_1_214' title='bbox 1388 1760 1464 1830; x_wconf 89' lang='lat' dir='ltr'>quod</span> <span class='ocrx_word' id='word_1_215' title='bbox 1477 1759 1613 1814; x_wconf 91' lang='lat' dir='ltr'>meritum</span> <span class='ocrx_word' id='word_1_216' title='bbox 1626 1759 1819 1816; x_wconf 89' lang='lat' dir='ltr'>constituendi</span> 
     </span>
     <span class='ocr_line' id='line_1_18' title="bbox 126 1852 1818 1926; baseline -0.001 -17"><span class='ocrx_word' id='word_1_217' title='bbox 126 1854 196 1926; x_wconf 87' lang='lat' dir='ltr'>quia</span> <span class='ocrx_word' id='word_1_218' title='bbox 209 1871 259 1926; x_wconf 93' lang='lat' dir='ltr'>per</span> <span class='ocrx_word' id='word_1_219' title='bbox 281 1854 501 1910; x_wconf 89' lang='lat' dir='ltr'>insinuationem</span> <span class='ocrx_word' id='word_1_220' title='bbox 517 1854 684 1911; x_wconf 83' lang='lat' dir='ltr'>dilectionis.</span> <span class='ocrx_word' id='word_1_221' title='bbox 697 1858 753 1910; x_wconf 88' lang='lat' dir='ltr'>tue</span> <span class='ocrx_word' id='word_1_222' title='bbox 767 1855 854 1926; x_wconf 90' lang='lat' dir='ltr'>hujus</span> <span class='ocrx_word' id='word_1_223' title='bbox 868 1855 948 1910; x_wconf 90' lang='lat' dir='ltr'>nobis</span> <span class='ocrx_word' id='word_1_224' title='bbox 997 1852 1096 1908; x_wconf 89' lang='lat' dir='ltr'>deceat</span> <span class='ocrx_word' id='word_1_225' title='bbox 1109 1868 1170 1908; x_wconf 88' lang='lat' dir='ltr'>ease</span> <span class='ocrx_word' id='word_1_226' title='bbox 1190 1853 1327 1926; x_wconf 84' lang='lat' dir='ltr'>pastoris;</span> <span class='ocrx_word' id='word_1_227' title='bbox 1348 1853 1403 1908; x_wconf 91' lang='lat' dir='ltr'>hoc</span> <span class='ocrx_word' id='word_1_228' title='bbox 1422 1853 1470 1908; x_wconf 80' lang='lat' dir='ltr'>fret</span> <span class='ocrx_word' id='word_1_229' title='bbox 1481 1853 1530 1921; x_wconf 90' lang='lat' dir='ltr'>ita,</span> <span class='ocrx_word' id='word_1_230' title='bbox 1547 1852 1571 1906; x_wconf 91' lang='lat' dir='ltr'>si</span> <span class='ocrx_word' id='word_1_231' title='bbox 1586 1869 1645 1907; x_wconf 89' lang='lat' dir='ltr'>non</span> <span class='ocrx_word' id='word_1_232' title='bbox 1666 1853 1818 1909; x_wconf 88' lang='lat' dir='ltr'>sacerdotii</span> 
     </span>
     <span class='ocr_line' id='line_1_19' title="bbox 126 1945 1815 2019; baseline -0.002 -15"><span class='ocrx_word' id='word_1_233' title='bbox 126 1955 173 2004; x_wconf 87' lang='lat' dir='ltr'>cst</span> <span class='ocrx_word' id='word_1_234' title='bbox 187 1949 241 2003; x_wconf 86' lang='lat' dir='ltr'>vie</span> <span class='ocrx_word' id='word_1_235' title='bbox 254 1949 396 2019; x_wconf 75' lang='lat' dir='ltr'>patefacta</span> <span class='ocrx_word' id='word_1_236' title='bbox 404 1948 565 2019; x_wconf 88' lang='lat' dir='ltr'>prudentia,</span> <span class='ocrx_word' id='word_1_237' title='bbox 579 1965 800 2004; x_wconf 91' lang='lat' dir='ltr'>remuneramus</span> <span class='ocrx_word' id='word_1_238' title='bbox 814 1949 948 2005; x_wconf 90' lang='lat' dir='ltr'>sollicitu-</span> <span class='ocrx_word' id='word_1_239' title='bbox 999 1945 1104 2017; x_wconf 78' lang='lat' dir='ltr'>gradm</span> <span class='ocrx_word' id='word_1_240' title='bbox 1128 1947 1201 2001; x_wconf 88' lang='lat' dir='ltr'>saltu</span> <span class='ocrx_word' id='word_1_241' title='bbox 1223 1946 1348 2018; x_wconf 91' lang='lat' dir='ltr'>quodam</span> <span class='ocrx_word' id='word_1_242' title='bbox 1373 1946 1476 2018; x_wconf 90' lang='lat' dir='ltr'>passim</span> <span class='ocrx_word' id='word_1_243' title='bbox 1504 1945 1583 2001; x_wconf 91' lang='lat' dir='ltr'>laicis</span> <span class='ocrx_word' id='word_1_244' title='bbox 1595 1946 1815 2002; x_wconf 83' lang='lat' dir='ltr'>transferantur.</span> 
     </span>
     <span class='ocr_line' id='line_1_20' title="bbox 128 2039 1816 2114; baseline -0.001 -18"><span class='ocrx_word' id='word_1_245' title='bbox 128 2042 229 2097; x_wconf 87' lang='lat' dir='ltr'>dinem</span> <span class='ocrx_word' id='word_1_246' title='bbox 243 2045 334 2111; x_wconf 89' lang='lat' dir='ltr'>tuam,</span> <span class='ocrx_word' id='word_1_247' title='bbox 359 2047 387 2096; x_wconf 92' lang='lat' dir='ltr'>et</span> <span class='ocrx_word' id='word_1_248' title='bbox 399 2043 519 2097; x_wconf 88' lang='lat' dir='ltr'>servatis</span> <span class='ocrx_word' id='word_1_249' title='bbox 538 2042 695 2114; x_wconf 89' lang='lat' dir='ltr'>privilegiis</span> <span class='ocrx_word' id='word_1_250' title='bbox 715 2043 948 2113; x_wconf 88' lang='lat' dir='ltr'>metropolitano·</span> <span class='ocrx_word' id='word_1_251' title='bbox 997 2041 1095 2111; x_wconf 90' lang='lat' dir='ltr'>Longa</span> <span class='ocrx_word' id='word_1_252' title='bbox 1109 2039 1195 2094; x_wconf 90' lang='lat' dir='ltr'>debet</span> <span class='ocrx_word' id='word_1_253' title='bbox 1207 2039 1294 2095; x_wconf 85' lang='lat' dir='ltr'>vitam</span> <span class='ocrx_word' id='word_1_254' title='bbox 1304 2055 1385 2094; x_wconf 92' lang='lat' dir='ltr'>suam</span> <span class='ocrx_word' id='word_1_255' title='bbox 1398 2039 1568 2111; x_wconf 89' lang='lat' dir='ltr'>probatione</span> <span class='ocrx_word' id='word_1_256' title='bbox 1581 2044 1754 2109; x_wconf 84' lang='lat' dir='ltr'>monstrare,</span> <span class='ocrx_word' id='word_1_257' title='bbox 1769 2040 1816 2095; x_wconf 89' lang='lat' dir='ltr'>cui</span> 
     </span>
    </p>
   </div>
   <div class='ocr_carea' id='block_1_3' title="bbox 127 2132 1817 2298">
    <p class='ocr_par' dir='ltr' id='par_1_4' title="bbox 127 2132 1817 2298">
     <span class='ocr_line' id='line_1_21' title="bbox 127 2132 1817 2209; baseline -0.001 -19"><span class='ocrx_word' id='word_1_258' title='bbox 127 2152 196 2190; x_wconf 87' lang='lat' dir='ltr'>rum</span> <span class='ocrx_word' id='word_1_259' title='bbox 210 2136 284 2191; x_wconf 88' lang='lat' dir='ltr'>vices</span> <span class='ocrx_word' id='word_1_260' title='bbox 293 2136 545 2209; x_wconf 88' lang='lat' dir='ltr'>vobisapostolice</span> <span class='ocrx_word' id='word_1_261' title='bbox 552 2136 626 2192; x_wconf 90' lang='lat' dir='ltr'>sedis</span> <span class='ocrx_word' id='word_1_262' title='bbox 638 2140 755 2192; x_wconf 88' lang='lat' dir='ltr'>eatenus</span> <span class='ocrx_word' id='word_1_263' title='bbox 766 2137 946 2208; x_wconf 90' lang='lat' dir='ltr'>delegamus,</span> <span class='ocrx_word' id='word_1_264' title='bbox 999 2133 1193 2203; x_wconf 89' lang='lat' dir='ltr'>gubernacula</span> <span class='ocrx_word' id='word_1_265' title='bbox 1207 2132 1426 2188; x_wconf 89' lang='lat' dir='ltr'>committuntur</span> <span class='ocrx_word' id='word_1_266' title='bbox 1441 2132 1584 2188; x_wconf 73' lang='lat' dir='ltr'>Ecclesia.</span> <span class='ocrx_word' id='word_1_267' title='bbox 1601 2134 1660 2187; x_wconf 89' lang='lat' dir='ltr'>Non</span> <span class='ocrx_word' id='word_1_268' title='bbox 1675 2148 1817 2204; x_wconf 90' lang='lat' dir='ltr'>negamus</span> 
     </span>
     <span class='ocr_line' id='line_1_22' title="bbox 127 2224 1817 2298; baseline 0.002 -19"><span class='ocrx_word' id='word_1_269' title='bbox 127 2230 162 2280; x_wconf 92' lang='lat' dir='ltr'>ut</span> <span class='ocrx_word' id='word_1_270' title='bbox 176 2225 310 2297; x_wconf 88' lang='lat' dir='ltr'>inspectis</span> <span class='ocrx_word' id='word_1_271' title='bbox 324 2225 385 2279; x_wconf 88' lang='lat' dir='ltr'>istis</span> <span class='ocrx_word' id='word_1_272' title='bbox 398 2224 499 2280; x_wconf 81' lang='lat' dir='ltr'>siresa</span> <span class='ocrx_word' id='word_1_273' title='bbox 515 2241 579 2296; x_wconf 88' lang='lat' dir='ltr'>que</span> <span class='ocrx_word' id='word_1_274' title='bbox 593 2225 630 2280; x_wconf 91' lang='lat' dir='ltr'>ad</span> <span class='ocrx_word' id='word_1_275' title='bbox 646 2241 771 2281; x_wconf 91' lang='lat' dir='ltr'>canones</span> <span class='ocrx_word' id='word_1_276' title='bbox 791 2225 947 2297; x_wconf 87' lang='lat' dir='ltr'>pertinent,</span> <span class='ocrx_word' id='word_1_277' title='bbox 998 2241 1057 2280; x_wconf 90' lang='lat' dir='ltr'>esse</span> <span class='ocrx_word' id='word_1_278' title='bbox 1079 2226 1109 2281; x_wconf 92' lang='lat' dir='ltr'>in</span> <span class='ocrx_word' id='word_1_279' title='bbox 1132 2225 1209 2282; x_wconf 88' lang='lat' dir='ltr'>laicis</span> <span class='ocrx_word' id='word_1_280' title='bbox 1231 2227 1287 2283; x_wconf 85' lang='lat' dir='ltr'>Deo</span> <span class='ocrx_word' id='word_1_281' title='bbox 1306 2226 1425 2298; x_wconf 89' lang='lat' dir='ltr'>placitos</span> <span class='ocrx_word' id='word_1_282' title='bbox 1448 2242 1555 2294; x_wconf 87' lang='lat' dir='ltr'>mores,</span> <span class='ocrx_word' id='word_1_283' title='bbox 1571 2226 1619 2282; x_wconf 89' lang='lat' dir='ltr'>sed</span> <span class='ocrx_word' id='word_1_284' title='bbox 1632 2226 1738 2282; x_wconf 84' lang='lat' dir='ltr'>milites</span> <span class='ocrx_word' id='word_1_285' title='bbox 1751 2243 1817 2282; x_wconf 90' lang='lat' dir='ltr'>suos</span> 
     </span>
    </p>
   </div>
   <div class='ocr_carea' id='block_1_4' title="bbox 81 2317 1819 5579">
    <p class='ocr_par' dir='ltr' id='par_1_5' title="bbox 81 2317 1819 5579">
     <span class='ocr_line' id='line_1_23' title="bbox 126 2317 1817 2392; baseline 0.002 -20"><span class='ocrx_word' id='word_1_286' title='bbox 126 2319 188 2373; x_wconf 86' lang='lat' dir='ltr'>sive</span> <span class='ocrx_word' id='word_1_287' title='bbox 205 2334 237 2372; x_wconf 91' lang='lat' dir='ltr'>ea</span> <span class='ocrx_word' id='word_1_288' title='bbox 250 2335 315 2388; x_wconf 84' lang='lat' dir='ltr'>que</span> <span class='ocrx_word' id='word_1_289' title='bbox 325 2335 342 2372; x_wconf 90' lang='lat' dir='ltr'>a</span> <span class='ocrx_word' id='word_1_290' title='bbox 354 2319 438 2373; x_wconf 90' lang='lat' dir='ltr'>nobis</span> <span class='ocrx_word' id='word_1_291' title='bbox 455 2320 523 2373; x_wconf 89' lang='lat' dir='ltr'>sunt</span> <span class='ocrx_word' id='word_1_292' title='bbox 538 2334 631 2388; x_wconf 89' lang='lat' dir='ltr'>nuper</span> <span class='ocrx_word' id='word_1_293' title='bbox 646 2317 778 2373; x_wconf 84' lang='lat' dir='ltr'>mandata</span> <span class='ocrx_word' id='word_1_294' title='bbox 790 2323 946 2388; x_wconf 86' lang='lat' dir='ltr'>serventur,</span> <span class='ocrx_word' id='word_1_295' title='bbox 997 2319 1134 2391; x_wconf 90' lang='lat' dir='ltr'>probatos</span> <span class='ocrx_word' id='word_1_296' title='bbox 1147 2319 1201 2375; x_wconf 90' lang='lat' dir='ltr'>sibi</span> <span class='ocrx_word' id='word_1_297' title='bbox 1213 2326 1346 2392; x_wconf 90' lang='lat' dir='ltr'>querunt</span> <span class='ocrx_word' id='word_1_298' title='bbox 1355 2320 1486 2376; x_wconf 89' lang='lat' dir='ltr'>instituta</span> <span class='ocrx_word' id='word_1_299' title='bbox 1495 2319 1602 2376; x_wconf 88' lang='lat' dir='ltr'>fidelia.</span> <span class='ocrx_word' id='word_1_300' title='bbox 1614 2320 1728 2376; x_wconf 87' lang='lat' dir='ltr'>Discere</span> <span class='ocrx_word' id='word_1_301' title='bbox 1737 2320 1817 2392; x_wconf 90' lang='lat' dir='ltr'>quis·</span> 
     </span>
     <span class='ocr_line' id='line_1_24' title="bbox 126 2410 1818 2486; baseline 0.002 -20"><span class='ocrx_word' id='word_1_302' title='bbox 126 2413 187 2467; x_wconf 88' lang='lat' dir='ltr'>sive</span> <span class='ocrx_word' id='word_1_303' title='bbox 197 2428 262 2484; x_wconf 85' lang='lat' dir='ltr'>que</span> <span class='ocrx_word' id='word_1_304' title='bbox 275 2412 311 2466; x_wconf 93' lang='lat' dir='ltr'>de</span> <span class='ocrx_word' id='word_1_305' title='bbox 326 2411 521 2467; x_wconf 88' lang='lat' dir='ltr'>ecclesiasticis</span> <span class='ocrx_word' id='word_1_306' title='bbox 531 2411 624 2466; x_wconf 87' lang='lat' dir='ltr'>causis</span> <span class='ocrx_word' id='word_1_307' title='bbox 634 2414 690 2466; x_wconf 88' lang='lat' dir='ltr'>tue</span> <span class='ocrx_word' id='word_1_308' title='bbox 701 2410 866 2466; x_wconf 82' lang='lat' dir='ltr'>revelationi</span> <span class='ocrx_word' id='word_1_309' title='bbox 879 2428 946 2466; x_wconf 92' lang='lat' dir='ltr'>con·</span> <span class='ocrx_word' id='word_1_310' title='bbox 997 2428 1052 2484; x_wconf 89' lang='lat' dir='ltr'>que</span> <span class='ocrx_word' id='word_1_311' title='bbox 1066 2412 1153 2468; x_wconf 88' lang='lat' dir='ltr'>debet</span> <span class='ocrx_word' id='word_1_312' title='bbox 1164 2417 1321 2486; x_wconf 91' lang='lat' dir='ltr'>antequam</span> <span class='ocrx_word' id='word_1_313' title='bbox 1334 2414 1443 2485; x_wconf 90' lang='lat' dir='ltr'>doceat,</span> <span class='ocrx_word' id='word_1_314' title='bbox 1456 2418 1485 2471; x_wconf 91' lang='lat' dir='ltr'>et</span> <span class='ocrx_word' id='word_1_315' title='bbox 1499 2415 1666 2485; x_wconf 90' lang='lat' dir='ltr'>exemplum</span> <span class='ocrx_word' id='word_1_316' title='bbox 1675 2413 1818 2486; x_wconf 85' lang='lat' dir='ltr'>religiose</span> 
     </span>
     <span class='ocr_line' id='line_1_25' title="bbox 125 2504 1815 2580; baseline 0.001 -19"><span class='ocrx_word' id='word_1_317' title='bbox 125 2504 478 2576; x_wconf 86' lang='lat' dir='ltr'>tigeruntsubtuauobis</span> <span class='ocrx_word' id='word_1_318' title='bbox 494 2505 688 2561; x_wconf 89' lang='lat' dir='ltr'>insinuatione</span> <span class='ocrx_word' id='word_1_319' title='bbox 702 2505 874 2576; x_wconf 86' lang='lat' dir='ltr'>pandantur.</span> <span class='ocrx_word' id='word_1_320' title='bbox 889 2506 949 2562; x_wconf 85' lang='lat' dir='ltr'>Erit</span> <span class='ocrx_word' id='word_1_321' title='bbox 997 2506 1221 2563; x_wconf 87' lang='lat' dir='ltr'>conversationis</span> <span class='ocrx_word' id='word_1_322' title='bbox 1245 2507 1281 2563; x_wconf 92' lang='lat' dir='ltr'>de</span> <span class='ocrx_word' id='word_1_323' title='bbox 1306 2525 1336 2565; x_wconf 90' lang='lat' dir='ltr'>se</span> <span class='ocrx_word' id='word_1_324' title='bbox 1362 2508 1454 2580; x_wconf 88' lang='lat' dir='ltr'>potius</span> <span class='ocrx_word' id='word_1_325' title='bbox 1480 2508 1542 2564; x_wconf 89' lang='lat' dir='ltr'>aliis</span> <span class='ocrx_word' id='word_1_326' title='bbox 1566 2510 1702 2579; x_wconf 84' lang='lat' dir='ltr'>prestare</span> <span class='ocrx_word' id='word_1_327' title='bbox 1728 2525 1815 2580; x_wconf 87' lang='lat' dir='ltr'>quam</span> 
     </span>
     <span class='ocr_line' id='line_1_26' title="bbox 127 2599 1816 2674; baseline 0.001 -19"><span class='ocrx_word' id='word_1_328' title='bbox 127 2599 177 2655; x_wconf 91' lang='lat' dir='ltr'>hic</span> <span class='ocrx_word' id='word_1_329' title='bbox 189 2599 274 2655; x_wconf 91' lang='lat' dir='ltr'>studii</span> <span class='ocrx_word' id='word_1_330' title='bbox 284 2615 317 2654; x_wconf 91' lang='lat' dir='ltr'>ae</span> <span class='ocrx_word' id='word_1_331' title='bbox 327 2599 525 2655; x_wconf 90' lang='lat' dir='ltr'>sollicitudinis</span> <span class='ocrx_word' id='word_1_332' title='bbox 534 2603 600 2668; x_wconf 83' lang='lat' dir='ltr'>tue,</span> <span class='ocrx_word' id='word_1_333' title='bbox 610 2602 644 2654; x_wconf 92' lang='lat' dir='ltr'>ut</span> <span class='ocrx_word' id='word_1_334' title='bbox 652 2599 738 2654; x_wconf 92' lang='lat' dir='ltr'>talem</span> <span class='ocrx_word' id='word_1_335' title='bbox 749 2602 777 2654; x_wconf 91' lang='lat' dir='ltr'>te</span> <span class='ocrx_word' id='word_1_336' title='bbox 787 2599 817 2654; x_wconf 93' lang='lat' dir='ltr'>in</span> <span class='ocrx_word' id='word_1_337' title='bbox 828 2599 872 2654; x_wconf 88' lang='lat' dir='ltr'>his</span> <span class='ocrx_word' id='word_1_338' title='bbox 882 2616 948 2672; x_wconf 85' lang='lat' dir='ltr'>que</span> <span class='ocrx_word' id='word_1_339' title='bbox 997 2616 1185 2672; x_wconf 72' lang='lat' dir='ltr'>presumere.</span> <span class='ocrx_word' id='word_1_340' title='bbox 1206 2602 1440 2659; x_wconf 89' lang='lat' dir='ltr'>Emendatiorem</span> <span class='ocrx_word' id='word_1_341' title='bbox 1463 2618 1525 2658; x_wconf 90' lang='lat' dir='ltr'>esse</span> <span class='ocrx_word' id='word_1_342' title='bbox 1550 2602 1686 2657; x_wconf 82' lang='lat' dir='ltr'>convenit</span> <span class='ocrx_word' id='word_1_343' title='bbox 1698 2603 1816 2674; x_wconf 86' lang='lat' dir='ltr'>populo,</span> 
     </span>
     <span class='ocr_line' id='line_1_27' title="bbox 125 2692 1818 2768; baseline 0.002 -20"><span class='ocrx_word' id='word_1_344' title='bbox 125 2693 321 2765; x_wconf 87' lang='lat' dir='ltr'>injunguntur</span> <span class='ocrx_word' id='word_1_345' title='bbox 330 2692 472 2763; x_wconf 87' lang='lat' dir='ltr'>exhibeas,</span> <span class='ocrx_word' id='word_1_346' title='bbox 484 2697 515 2748; x_wconf 90' lang='grc' dir='ltr'>ιιι</span> <span class='ocrx_word' id='word_1_347' title='bbox 524 2692 610 2748; x_wconf 88' lang='lat' dir='ltr'>tidem</span> <span class='ocrx_word' id='word_1_348' title='bbox 619 2692 876 2766; x_wconf 85' lang='lat' dir='ltr'>integritatemque</span> <span class='ocrx_word' id='word_1_349' title='bbox 886 2694 948 2766; x_wconf 82' lang='lat' dir='ltr'>ejus</span> <span class='ocrx_word' id='word_1_350' title='bbox 998 2710 1084 2765; x_wconf 87' lang='lat' dir='ltr'>quem</span> <span class='ocrx_word' id='word_1_351' title='bbox 1110 2710 1224 2751; x_wconf 89' lang='lat' dir='ltr'>necesse</span> <span class='ocrx_word' id='word_1_352' title='bbox 1251 2699 1294 2752; x_wconf 91' lang='lat' dir='ltr'>est</span> <span class='ocrx_word' id='word_1_353' title='bbox 1318 2712 1402 2751; x_wconf 89' lang='lat' dir='ltr'>orare</span> <span class='ocrx_word' id='word_1_354' title='bbox 1423 2712 1476 2767; x_wconf 92' lang='lat' dir='ltr'>pro</span> <span class='ocrx_word' id='word_1_355' title='bbox 1499 2696 1631 2768; x_wconf 91' lang='lat' dir='ltr'>populo;</span> <span class='ocrx_word' id='word_1_356' title='bbox 1655 2696 1747 2768; x_wconf 90' lang='lat' dir='ltr'>longa</span> <span class='ocrx_word' id='word_1_357' title='bbox 1770 2696 1818 2751; x_wconf 86' lang='lat' dir='ltr'>ob</span> 
     </span>
     <span class='ocr_line' id='line_1_28' title="bbox 81 2785 1819 2866; baseline 0.001 -23"><span class='ocrx_word' id='word_1_358' title='bbox 81 2855 86 2866; x_wconf 37' lang='grc'>,</span> <span class='ocrx_word' id='word_1_359' title='bbox 127 2787 269 2859; x_wconf 87' lang='lat' dir='ltr'>cujusque</span> <span class='ocrx_word' id='word_1_360' title='bbox 277 2802 375 2842; x_wconf 89' lang='lat' dir='ltr'>curam</span> <span class='ocrx_word' id='word_1_361' title='bbox 383 2786 501 2858; x_wconf 88' lang='lat' dir='ltr'>suscipis</span> <span class='ocrx_word' id='word_1_362' title='bbox 510 2785 648 2843; x_wconf 87' lang='lat' dir='ltr'>inviteris.</span> <span class='ocrx_word' id='word_1_363' title='bbox 656 2786 859 2842; x_wconf 86' lang='lat' dir='ltr'>DatarvNonas</span> <span class='ocrx_word' id='word_1_364' title='bbox 868 2787 948 2859; x_wconf 77' lang='lat' dir='ltr'>Apri·</span> <span class='ocrx_word' id='word_1_365' title='bbox 998 2787 1160 2843; x_wconf 86' lang='lat' dir='ltr'>servatione</span> <span class='ocrx_word' id='word_1_366' title='bbox 1186 2788 1336 2862; x_wconf 88' lang='lat' dir='ltr'>religiosus</span> <span class='ocrx_word' id='word_1_367' title='bbox 1360 2790 1452 2845; x_wconf 91' lang='lat' dir='ltr'>cultus</span> <span class='ocrx_word' id='word_1_368' title='bbox 1474 2790 1605 2846; x_wconf 87' lang='lat' dir='ltr'>tradatur</span> <span class='ocrx_word' id='word_1_369' title='bbox 1627 2794 1658 2846; x_wconf 88' lang='lat' dir='ltr'>ut</span> <span class='ocrx_word' id='word_1_370' title='bbox 1679 2789 1774 2858; x_wconf 83' lang='lat' dir='ltr'>beent,</span> <span class='ocrx_word' id='word_1_371' title='bbox 1790 2794 1819 2846; x_wconf 87' lang='lat' dir='ltr'>et</span> 
     </span>
     <span class='ocr_line' id='line_1_29' title="bbox 127 2880 1817 2955; baseline 0.002 -19"><span class='ocrx_word' id='word_1_372' title='bbox 127 2882 164 2936; x_wconf 89' lang='lat' dir='ltr'>lis</span> <span class='ocrx_word' id='word_1_373' title='bbox 174 2881 295 2953; x_wconf 81' lang='lat' dir='ltr'>bgapito</span> <span class='ocrx_word' id='word_1_374' title='bbox 307 2882 330 2936; x_wconf 91' lang='grc' dir='ltr'>ιι</span> <span class='ocrx_word' id='word_1_375' title='bbox 342 2880 468 2948; x_wconf 90' lang='lat' dir='ltr'>consule,</span> <span class='ocrx_word' id='word_1_376' title='bbox 480 2897 538 2936; x_wconf 88' lang='lat' dir='ltr'>era</span> <span class='ocrx_word' id='word_1_377' title='bbox 548 2896 678 2937; x_wconf 81' lang='lat' dir='ltr'>noxuvru.</span> <span class='ocrx_word' id='word_1_378' title='bbox 997 2881 1173 2938; x_wconf 89' lang='lat' dir='ltr'>clericalibus</span> <span class='ocrx_word' id='word_1_379' title='bbox 1202 2882 1343 2955; x_wconf 87' lang='lat' dir='ltr'>obsequiis</span> <span class='ocrx_word' id='word_1_380' title='bbox 1366 2883 1538 2939; x_wconf 89' lang='lat' dir='ltr'>erudiendus</span> <span class='ocrx_word' id='word_1_381' title='bbox 1553 2884 1707 2951; x_wconf 86' lang='lat' dir='ltr'>inserviat,</span> <span class='ocrx_word' id='word_1_382' title='bbox 1726 2888 1759 2940; x_wconf 89' lang='lat' dir='ltr'>ut</span> <span class='ocrx_word' id='word_1_383' title='bbox 1780 2883 1817 2940; x_wconf 91' lang='lat' dir='ltr'>ad</span> 
     </span>
     <span class='ocr_line' id='line_1_30' title="bbox 176 2975 1819 3049; baseline 0.001 -18"><span class='ocrx_word' id='word_1_384' title='bbox 176 2978 244 3031; x_wconf 85' lang='lat' dir='ltr'>ltem</span> <span class='ocrx_word' id='word_1_385' title='bbox 256 2975 371 3045; x_wconf 85' lang='lat' dir='ltr'>epistola</span> <span class='ocrx_word' id='word_1_386' title='bbox 380 2976 531 3030; x_wconf 68' lang='lat' dir='ltr'>Homatsdae</span> <span class='ocrx_word' id='word_1_387' title='bbox 545 2976 732 3046; x_wconf 74' lang='lat' dir='ltr'>coepiscopos</span> <span class='ocrx_word' id='word_1_388' title='bbox 747 2977 896 3046; x_wconf 78' lang='lat' dir='ltr'>Hispania.</span> <span class='ocrx_word' id='word_1_389' title='bbox 997 2976 1152 3031; x_wconf 87' lang='lat' dir='ltr'>venerandi</span> <span class='ocrx_word' id='word_1_390' title='bbox 1177 2977 1283 3048; x_wconf 90' lang='lat' dir='ltr'>gradus</span> <span class='ocrx_word' id='word_1_391' title='bbox 1294 2993 1406 3033; x_wconf 91' lang='lat' dir='ltr'>summa</span> <span class='ocrx_word' id='word_1_392' title='bbox 1419 2977 1583 3049; x_wconf 90' lang='lat' dir='ltr'>perductus,</span> <span class='ocrx_word' id='word_1_393' title='bbox 1599 2977 1648 3049; x_wconf 93' lang='lat' dir='ltr'>qui</span> <span class='ocrx_word' id='word_1_394' title='bbox 1661 2977 1697 3033; x_wconf 91' lang='lat' dir='ltr'>sit</span> <span class='ocrx_word' id='word_1_395' title='bbox 1710 2978 1819 3033; x_wconf 85' lang='lat' dir='ltr'>fructus</span> 
     </span>
     <span class='ocr_line' id='line_1_31' title="bbox 169 3067 1818 3143; baseline 0.003 -21"><span class='ocrx_word' id='word_1_396' title='bbox 169 3071 195 3122; x_wconf 89' lang='lat' dir='ltr'>l.</span> <span class='ocrx_word' id='word_1_397' title='bbox 208 3069 247 3123; x_wconf 87' lang='lat' dir='ltr'>De</span> <span class='ocrx_word' id='word_1_398' title='bbox 263 3067 549 3139; x_wconf 83' lang='lat' dir='ltr'>sacerdotibusjuxta</span> <span class='ocrx_word' id='word_1_399' title='bbox 562 3068 694 3123; x_wconf 88' lang='lat' dir='ltr'>instituta</span> <span class='ocrx_word' id='word_1_400' title='bbox 712 3084 857 3124; x_wconf 90' lang='lat' dir='ltr'>canonum</span> <span class='ocrx_word' id='word_1_401' title='bbox 871 3069 946 3124; x_wconf 93' lang='lat' dir='ltr'>ordi·</span> <span class='ocrx_word' id='word_1_402' title='bbox 998 3069 1167 3124; x_wconf 88' lang='lat' dir='ltr'>humilitatis</span> <span class='ocrx_word' id='word_1_403' title='bbox 1182 3070 1317 3126; x_wconf 88' lang='lat' dir='ltr'>ostendit.</span> <span class='ocrx_word' id='word_1_404' title='bbox 1333 3072 1389 3127; x_wconf 91' lang='lat' dir='ltr'>Nec</span> <span class='ocrx_word' id='word_1_405' title='bbox 1404 3072 1464 3127; x_wconf 85' lang='lat' dir='ltr'>leve</span> <span class='ocrx_word' id='word_1_406' title='bbox 1475 3087 1527 3128; x_wconf 91' lang='lat' dir='ltr'>uec</span> <span class='ocrx_word' id='word_1_407' title='bbox 1536 3087 1657 3127; x_wconf 88' lang='lat' dir='ltr'>vacuum</span> <span class='ocrx_word' id='word_1_408' title='bbox 1666 3071 1730 3142; x_wconf 85' lang='lat' dir='ltr'>fuit,</span> <span class='ocrx_word' id='word_1_409' title='bbox 1741 3071 1818 3143; x_wconf 86' lang='lat' dir='ltr'>quod</span> 
     </span>
     <span class='ocr_line' id='line_1_32' title="bbox 129 3161 1815 3236; baseline 0.002 -19"><span class='ocrx_word' id='word_1_410' title='bbox 129 3161 244 3217; x_wconf 88' lang='lat' dir='ltr'>nandis.</span> <span class='ocrx_word' id='word_1_411' title='bbox 997 3178 1049 3217; x_wconf 91' lang='lat' dir='ltr'>nec</span> <span class='ocrx_word' id='word_1_412' title='bbox 1061 3163 1138 3233; x_wconf 90' lang='lat' dir='ltr'>apud</span> <span class='ocrx_word' id='word_1_413' title='bbox 1149 3166 1260 3219; x_wconf 90' lang='lat' dir='ltr'>veteres</span> <span class='ocrx_word' id='word_1_414' title='bbox 1275 3163 1391 3235; x_wconf 86' lang='lat' dir='ltr'>quidem</span> <span class='ocrx_word' id='word_1_415' title='bbox 1405 3164 1460 3218; x_wconf 89' lang='lat' dir='ltr'>nisi</span> <span class='ocrx_word' id='word_1_416' title='bbox 1475 3164 1578 3220; x_wconf 90' lang='lat' dir='ltr'>levitici</span> <span class='ocrx_word' id='word_1_417' title='bbox 1592 3164 1706 3236; x_wconf 88' lang='lat' dir='ltr'>generis</span> <span class='ocrx_word' id='word_1_418' title='bbox 1715 3165 1769 3220; x_wconf 87' lang='lat' dir='ltr'>viri</span> <span class='ocrx_word' id='word_1_419' title='bbox 1778 3164 1815 3220; x_wconf 92' lang='lat' dir='ltr'>ad</span> 
     </span>
     <span class='ocr_line' id='line_1_33' title="bbox 165 3255 1819 3330; baseline 0.001 -19"><span class='ocrx_word' id='word_1_420' title='bbox 165 3260 192 3311; x_wconf 65' lang='grc' dir='ltr'>ι.</span> <span class='ocrx_word' id='word_1_421' title='bbox 207 3257 242 3312; x_wconf 90' lang='lat' dir='ltr'>Ut</span> <span class='ocrx_word' id='word_1_422' title='bbox 256 3271 308 3327; x_wconf 93' lang='lat' dir='ltr'>pro</span> <span class='ocrx_word' id='word_1_423' title='bbox 323 3256 488 3327; x_wconf 90' lang='lat' dir='ltr'>episcopatu</span> <span class='ocrx_word' id='word_1_424' title='bbox 504 3255 658 3327; x_wconf 84' lang='lat' dir='ltr'>premium</span> <span class='ocrx_word' id='word_1_425' title='bbox 671 3271 731 3311; x_wconf 92' lang='lat' dir='ltr'>non</span> <span class='ocrx_word' id='word_1_426' title='bbox 744 3255 910 3328; x_wconf 87' lang='lat' dir='ltr'>accipiatur.</span> <span class='ocrx_word' id='word_1_427' title='bbox 997 3261 1094 3311; x_wconf 90' lang='lat' dir='ltr'>sancta</span> <span class='ocrx_word' id='word_1_428' title='bbox 1117 3256 1345 3313; x_wconf 88' lang='lat' dir='ltr'>admittebantur</span> <span class='ocrx_word' id='word_1_429' title='bbox 1364 3257 1472 3325; x_wconf 86' lang='lat' dir='ltr'>altaria,</span> <span class='ocrx_word' id='word_1_430' title='bbox 1499 3275 1535 3313; x_wconf 92' lang='lat' dir='ltr'>ne</span> <span class='ocrx_word' id='word_1_431' title='bbox 1560 3258 1685 3330; x_wconf 88' lang='lat' dir='ltr'>pessime</span> <span class='ocrx_word' id='word_1_432' title='bbox 1707 3257 1819 3314; x_wconf 89' lang='lat' dir='ltr'>meritis</span> 
     </span>
     <span class='ocr_line' id='line_1_34' title="bbox 168 3348 1817 3423; baseline 0.001 -19"><span class='ocrx_word' id='word_1_433' title='bbox 168 3352 194 3404; x_wconf 80' lang='lat'>3.</span> <span class='ocrx_word' id='word_1_434' title='bbox 209 3350 249 3404; x_wconf 85' lang='lat' dir='ltr'>Do</span> <span class='ocrx_word' id='word_1_435' title='bbox 261 3348 537 3421; x_wconf 90' lang='lat' dir='ltr'>concilioperannos</span> <span class='ocrx_word' id='word_1_436' title='bbox 547 3349 672 3421; x_wconf 89' lang='lat' dir='ltr'>singulos</span> <span class='ocrx_word' id='word_1_437' title='bbox 685 3349 863 3405; x_wconf 88' lang='lat' dir='ltr'>celebrando.</span> <span class='ocrx_word' id='word_1_438' title='bbox 997 3352 1046 3404; x_wconf 90' lang='lat' dir='ltr'>aut</span> <span class='ocrx_word' id='word_1_439' title='bbox 1066 3349 1159 3419; x_wconf 91' lang='lat' dir='ltr'>pretio</span> <span class='ocrx_word' id='word_1_440' title='bbox 1180 3355 1230 3405; x_wconf 91' lang='lat' dir='ltr'>aut</span> <span class='ocrx_word' id='word_1_441' title='bbox 1246 3351 1469 3423; x_wconf 74' lang='lat' dir='ltr'>presumptione</span> <span class='ocrx_word' id='word_1_442' title='bbox 1482 3351 1656 3422; x_wconf 89' lang='lat' dir='ltr'>contemptis</span> <span class='ocrx_word' id='word_1_443' title='bbox 1670 3351 1707 3406; x_wconf 90' lang='lat' dir='ltr'>ad</span> <span class='ocrx_word' id='word_1_444' title='bbox 1721 3367 1817 3406; x_wconf 86' lang='lat' dir='ltr'>sacros</span> 
     </span>
     <span class='ocr_line' id='line_1_35' title="bbox 166 3443 1812 3516; baseline 0.001 -18"><span class='ocrx_word' id='word_1_445' title='bbox 166 3443 358 3499; x_wconf 85' lang='lat' dir='ltr'>Dilectissimis</span> <span class='ocrx_word' id='word_1_446' title='bbox 375 3443 510 3499; x_wconf 88' lang='lat' dir='ltr'>fratribus</span> <span class='ocrx_word' id='word_1_447' title='bbox 538 3443 680 3516; x_wconf 89' lang='lat' dir='ltr'>episcopis</span> <span class='ocrx_word' id='word_1_448' title='bbox 704 3459 756 3515; x_wconf 89' lang='lat' dir='ltr'>per</span> <span class='ocrx_word' id='word_1_449' title='bbox 780 3443 946 3516; x_wconf 85' lang='lat' dir='ltr'>Hispaniam</span> <span class='ocrx_word' id='word_1_450' title='bbox 998 3443 1089 3497; x_wconf 88' lang='lat' dir='ltr'>cultus</span> <span class='ocrx_word' id='word_1_451' title='bbox 1107 3443 1200 3515; x_wconf 87' lang='lat' dir='ltr'>impar</span> <span class='ocrx_word' id='word_1_452' title='bbox 1211 3444 1367 3500; x_wconf 89' lang='lat' dir='ltr'>accederet.</span> <span class='ocrx_word' id='word_1_453' title='bbox 1384 3445 1473 3513; x_wconf 83' lang='lat' dir='ltr'>Tunc,</span> <span class='ocrx_word' id='word_1_454' title='bbox 1487 3444 1653 3515; x_wconf 86' lang='lat' dir='ltr'>migrabant</span> <span class='ocrx_word' id='word_1_455' title='bbox 1669 3460 1812 3516; x_wconf 85' lang='lat' dir='ltr'>praeroga·</span> 
     </span>
     <span class='ocr_line' id='line_1_36' title="bbox 128 3537 1819 3594; baseline 0 -1"><span class='ocrx_word' id='word_1_456' title='bbox 128 3537 293 3593; x_wconf 85' lang='lat' dir='ltr'>constitutis</span> <span class='ocrx_word' id='word_1_457' title='bbox 303 3538 455 3594; x_wconf 83' lang='lat' dir='ltr'>Houursns.</span> <span class='ocrx_word' id='word_1_458' title='bbox 997 3537 1055 3592; x_wconf 89' lang='lat' dir='ltr'>tiva</span> <span class='ocrx_word' id='word_1_459' title='bbox 1068 3537 1244 3593; x_wconf 83' lang='lat' dir='ltr'>familiarum</span> <span class='ocrx_word' id='word_1_460' title='bbox 1255 3537 1292 3593; x_wconf 93' lang='lat' dir='ltr'>ad</span> <span class='ocrx_word' id='word_1_461' title='bbox 1301 3537 1431 3593; x_wconf 89' lang='lat' dir='ltr'>instituta</span> <span class='ocrx_word' id='word_1_462' title='bbox 1444 3539 1586 3593; x_wconf 91' lang='lat' dir='ltr'>cultorum</span> <span class='ocrx_word' id='word_1_463' title='bbox 1603 3555 1610 3593; x_wconf 75' lang='grc' dir='ltr'>ι</span> <span class='ocrx_word' id='word_1_464' title='bbox 1627 3554 1703 3594; x_wconf 89' lang='lat' dir='ltr'>nunc</span> <span class='ocrx_word' id='word_1_465' title='bbox 1715 3543 1758 3593; x_wconf 90' lang='lat' dir='ltr'>est</span> <span class='ocrx_word' id='word_1_466' title='bbox 1770 3538 1819 3593; x_wconf 93' lang='lat' dir='ltr'>do-</span> 
     </span>
     <span class='ocr_line' id='line_1_37' title="bbox 168 3630 1818 3703; baseline 0.001 -17"><span class='ocrx_word' id='word_1_467' title='bbox 168 3630 319 3687; x_wconf 86' lang='lat' dir='ltr'>Benedicta</span> <span class='ocrx_word' id='word_1_468' title='bbox 331 3631 452 3687; x_wconf 83' lang='lat' dir='ltr'>Trinitas</span> <span class='ocrx_word' id='word_1_469' title='bbox 466 3631 542 3685; x_wconf 83' lang='lat' dir='ltr'>Deus</span> <span class='ocrx_word' id='word_1_470' title='bbox 553 3635 650 3686; x_wconf 90' lang='lat' dir='ltr'>noster</span> <span class='ocrx_word' id='word_1_471' title='bbox 661 3631 710 3703; x_wconf 91' lang='lat' dir='ltr'>qui</span> <span class='ocrx_word' id='word_1_472' title='bbox 724 3646 775 3703; x_wconf 91' lang='lat' dir='ltr'>per</span> <span class='ocrx_word' id='word_1_473' title='bbox 785 3632 946 3688; x_wconf 90' lang='lat' dir='ltr'>misericor·</span> <span class='ocrx_word' id='word_1_474' title='bbox 998 3630 1090 3686; x_wconf 89' lang='lat' dir='ltr'>ctrina</span> <span class='ocrx_word' id='word_1_475' title='bbox 1100 3648 1153 3703; x_wconf 90' lang='lat' dir='ltr'>pro</span> <span class='ocrx_word' id='word_1_476' title='bbox 1164 3647 1279 3703; x_wconf 90' lang='lat' dir='ltr'>genere.</span> <span class='ocrx_word' id='word_1_477' title='bbox 1292 3630 1374 3696; x_wconf 84' lang='lat' dir='ltr'>Quod</span> <span class='ocrx_word' id='word_1_478' title='bbox 1384 3631 1439 3686; x_wconf 90' lang='lat' dir='ltr'>illis</span> <span class='ocrx_word' id='word_1_479' title='bbox 1448 3631 1502 3686; x_wconf 83' lang='lat' dir='ltr'>tuit</span> <span class='ocrx_word' id='word_1_480' title='bbox 1512 3631 1599 3700; x_wconf 88' lang='lat' dir='ltr'>nasci,</span> <span class='ocrx_word' id='word_1_481' title='bbox 1611 3631 1664 3686; x_wconf 90' lang='lat' dir='ltr'>hoe</span> <span class='ocrx_word' id='word_1_482' title='bbox 1674 3631 1758 3687; x_wconf 90' lang='lat' dir='ltr'>nobis</span> <span class='ocrx_word' id='word_1_483' title='bbox 1767 3630 1818 3687; x_wconf 91' lang='lat' dir='ltr'>im-</span> 
     </span>
     <span class='ocr_line' id='line_1_38' title="bbox 129 3723 1819 3797; baseline -0.001 -16"><span class='ocrx_word' id='word_1_484' title='bbox 129 3726 208 3781; x_wconf 90' lang='lat' dir='ltr'>diam</span> <span class='ocrx_word' id='word_1_485' title='bbox 221 3741 303 3779; x_wconf 89' lang='lat' dir='ltr'>suam</span> <span class='ocrx_word' id='word_1_486' title='bbox 313 3727 451 3781; x_wconf 81' lang='lat' dir='ltr'>Romane</span> <span class='ocrx_word' id='word_1_487' title='bbox 462 3723 627 3796; x_wconf 73' lang='lat' dir='ltr'>reipublice</span> <span class='ocrx_word' id='word_1_488' title='bbox 638 3741 689 3796; x_wconf 92' lang='lat' dir='ltr'>per</span> <span class='ocrx_word' id='word_1_489' title='bbox 697 3726 844 3780; x_wconf 87' lang='lat' dir='ltr'>universas</span> <span class='ocrx_word' id='word_1_490' title='bbox 853 3729 948 3797; x_wconf 91' lang='lat' dir='ltr'>partes</span> <span class='ocrx_word' id='word_1_491' title='bbox 997 3723 1057 3779; x_wconf 91' lang='lat' dir='ltr'>bui.</span> <span class='ocrx_word' id='word_1_492' title='bbox 1069 3724 1134 3779; x_wconf 90' lang='lat' dir='ltr'>lllos</span> <span class='ocrx_word' id='word_1_493' title='bbox 1142 3725 1323 3780; x_wconf 88' lang='lat' dir='ltr'>tabernaculo</span> <span class='ocrx_word' id='word_1_494' title='bbox 1332 3724 1599 3791; x_wconf 88' lang='lat' dir='ltr'>dabatnatura,nos</span> <span class='ocrx_word' id='word_1_495' title='bbox 1608 3725 1745 3780; x_wconf 84' lang='lat' dir='ltr'>altaribus</span> <span class='ocrx_word' id='word_1_496' title='bbox 1755 3741 1819 3796; x_wconf 92' lang='lat' dir='ltr'>par-</span> 
     </span>
     <span class='ocr_line' id='line_1_39' title="bbox 131 3816 1819 3892; baseline 0 -18"><span class='ocrx_word' id='word_1_497' title='bbox 131 3836 191 3875; x_wconf 83' lang='lat' dir='ltr'>sue</span> <span class='ocrx_word' id='word_1_498' title='bbox 201 3819 275 3891; x_wconf 91' lang='lat' dir='ltr'>pacis</span> <span class='ocrx_word' id='word_1_499' title='bbox 282 3818 892 3892; x_wconf 79' lang='lat' dir='ltr'>tranquillitatediiiusa‚nobisquoqueriam</span> <span class='ocrx_word' id='word_1_500' title='bbox 901 3820 949 3876; x_wconf 88' lang='lat' dir='ltr'>da-</span> <span class='ocrx_word' id='word_1_501' title='bbox 997 3816 1241 3888; x_wconf 88' lang='lat' dir='ltr'>turitdisciplina;</span> <span class='ocrx_word' id='word_1_502' title='bbox 1258 3835 1311 3873; x_wconf 89' lang='lat' dir='ltr'>uec</span> <span class='ocrx_word' id='word_1_503' title='bbox 1322 3818 1476 3874; x_wconf 90' lang='lat' dir='ltr'>tantumde</span> <span class='ocrx_word' id='word_1_504' title='bbox 1484 3817 1564 3873; x_wconf 92' lang='lat' dir='ltr'>laicis</span> <span class='ocrx_word' id='word_1_505' title='bbox 1574 3818 1732 3874; x_wconf 87' lang='lat' dir='ltr'>consecrari</span> <span class='ocrx_word' id='word_1_506' title='bbox 1742 3818 1819 3874; x_wconf 92' lang='lat' dir='ltr'>inhi-</span> 
     </span>
     <span class='ocr_line' id='line_1_40' title="bbox 130 3910 1817 3986; baseline -0.001 -17"><span class='ocrx_word' id='word_1_507' title='bbox 130 3913 325 3969; x_wconf 73' lang='lat' dir='ltr'>monstrandae</span> <span class='ocrx_word' id='word_1_508' title='bbox 334 3912 409 3968; x_wconf 90' lang='lat' dir='ltr'>circa</span> <span class='ocrx_word' id='word_1_509' title='bbox 417 3913 754 3982; x_wconf 87' lang='lat' dir='ltr'>noscbaritatisindulsit,</span> <span class='ocrx_word' id='word_1_510' title='bbox 765 3913 850 3986; x_wconf 87' lang='lat' dir='ltr'>utqui</span> <span class='ocrx_word' id='word_1_511' title='bbox 858 3914 949 3969; x_wconf 89' lang='lat' dir='ltr'>cobe-</span> <span class='ocrx_word' id='word_1_512' title='bbox 997 3911 1109 3978; x_wconf 90' lang='lat' dir='ltr'>bemus,</span> <span class='ocrx_word' id='word_1_513' title='bbox 1121 3911 1170 3966; x_wconf 92' lang='lat' dir='ltr'>sed</span> <span class='ocrx_word' id='word_1_514' title='bbox 1183 3927 1219 3966; x_wconf 93' lang='lat' dir='ltr'>ne</span> <span class='ocrx_word' id='word_1_515' title='bbox 1231 3910 1266 3968; x_wconf 94' lang='lat' dir='ltr'>de</span> <span class='ocrx_word' id='word_1_516' title='bbox 1276 3912 1479 3983; x_wconf 78' lang='lat' dir='ltr'>poenitentibus</span> <span class='ocrx_word' id='word_1_517' title='bbox 1489 3913 1641 3984; x_wconf 86' lang='lat' dir='ltr'>quisquam</span> <span class='ocrx_word' id='word_1_518' title='bbox 1652 3911 1770 3984; x_wconf 88' lang='lat' dir='ltr'>quidem</span> <span class='ocrx_word' id='word_1_519' title='bbox 1780 3912 1817 3968; x_wconf 87' lang='lat' dir='ltr'>ad</span> 
     </span>
     <span class='ocr_line' id='line_1_41' title="bbox 130 4005 1818 4080; baseline -0.002 -17"><span class='ocrx_word' id='word_1_520' title='bbox 130 4025 228 4064; x_wconf 89' lang='lat' dir='ltr'>remus</span> <span class='ocrx_word' id='word_1_521' title='bbox 239 4007 376 4062; x_wconf 81' lang='lat' dir='ltr'>firmitate</span> <span class='ocrx_word' id='word_1_522' title='bbox 382 4007 457 4074; x_wconf 88' lang='lat' dir='ltr'>iidei,</span> <span class='ocrx_word' id='word_1_523' title='bbox 462 4006 623 4078; x_wconf 87' lang='lat' dir='ltr'>jungamur</span> <span class='ocrx_word' id='word_1_524' title='bbox 629 4023 742 4078; x_wconf 87' lang='lat' dir='ltr'>quoque</span> <span class='ocrx_word' id='word_1_525' title='bbox 750 4007 946 4080; x_wconf 85' lang='lat' dir='ltr'>votivajocun-</span> <span class='ocrx_word' id='word_1_526' title='bbox 998 4005 1163 4076; x_wconf 89' lang='lat' dir='ltr'>hujusmodi</span> <span class='ocrx_word' id='word_1_527' title='bbox 1174 4006 1293 4077; x_wconf 90' lang='lat' dir='ltr'>gradum</span> <span class='ocrx_word' id='word_1_528' title='bbox 1301 4006 1436 4078; x_wconf 89' lang='lat' dir='ltr'>profanus</span> <span class='ocrx_word' id='word_1_529' title='bbox 1449 4009 1606 4062; x_wconf 87' lang='lat' dir='ltr'>temerator</span> <span class='ocrx_word' id='word_1_530' title='bbox 1615 4005 1730 4077; x_wconf 89' lang='lat' dir='ltr'>aspiret.</span> <span class='ocrx_word' id='word_1_531' title='bbox 1743 4006 1818 4061; x_wconf 87' lang='lat' dir='ltr'>Satis</span> 
     </span>
     <span class='ocr_line' id='line_1_42' title="bbox 131 4098 1819 4173; baseline -0.001 -16"><span class='ocrx_word' id='word_1_532' title='bbox 131 4100 859 4173; x_wconf 86' lang='lat' dir='ltr'>ditatecolloquii,quoiaciliusdumperlitterarum</span> <span class='ocrx_word' id='word_1_533' title='bbox 867 4101 950 4157; x_wconf 89' lang='lat' dir='ltr'>mini-</span> <span class='ocrx_word' id='word_1_534' title='bbox 997 4098 1037 4154; x_wconf 90' lang='lat' dir='ltr'>illi</span> <span class='ocrx_word' id='word_1_535' title='bbox 1063 4099 1217 4170; x_wconf 91' lang='lat' dir='ltr'>postulanti</span> <span class='ocrx_word' id='word_1_536' title='bbox 1238 4100 1274 4154; x_wconf 92' lang='lat' dir='ltr'>sit</span> <span class='ocrx_word' id='word_1_537' title='bbox 1294 4099 1385 4155; x_wconf 84' lang='lat' dir='ltr'>venia.</span> <span class='ocrx_word' id='word_1_538' title='bbox 1411 4101 1472 4168; x_wconf 83' lang='lat' dir='ltr'>Qua</span> <span class='ocrx_word' id='word_1_539' title='bbox 1493 4099 1668 4155; x_wconf 86' lang='lat' dir='ltr'>couscientia</span> <span class='ocrx_word' id='word_1_540' title='bbox 1691 4099 1819 4155; x_wconf 88' lang='lat' dir='ltr'>absolvat</span> 
     </span>
     <span class='ocr_line' id='line_1_43' title="bbox 129 4191 1816 4265; baseline -0.001 -16"><span class='ocrx_word' id='word_1_541' title='bbox 129 4194 217 4250; x_wconf 86' lang='lat' dir='ltr'>steria</span> <span class='ocrx_word' id='word_1_542' title='bbox 226 4194 261 4249; x_wconf 88' lang='lat' dir='ltr'>ad</span> <span class='ocrx_word' id='word_1_543' title='bbox 271 4211 321 4249; x_wconf 86' lang='lat' dir='ltr'>vos</span> <span class='ocrx_word' id='word_1_544' title='bbox 331 4210 419 4265; x_wconf 85' lang='lat' dir='ltr'>usque</span> <span class='ocrx_word' id='word_1_545' title='bbox 431 4193 639 4265; x_wconf 87' lang='lat' dir='ltr'>pertendimus,</span> <span class='ocrx_word' id='word_1_546' title='bbox 659 4193 747 4249; x_wconf 91' lang='lat' dir='ltr'>etiam</span> <span class='ocrx_word' id='word_1_547' title='bbox 757 4194 842 4250; x_wconf 89' lang='lat' dir='ltr'>corda</span> <span class='ocrx_word' id='word_1_548' title='bbox 855 4198 948 4250; x_wconf 83' lang='lat' dir='ltr'>restra</span> <span class='ocrx_word' id='word_1_549' title='bbox 998 4209 1080 4247; x_wconf 87' lang='lat' dir='ltr'>reum</span> <span class='ocrx_word' id='word_1_550' title='bbox 1094 4193 1144 4264; x_wconf 90' lang='lat' dir='ltr'>qui</span> <span class='ocrx_word' id='word_1_551' title='bbox 1154 4209 1184 4248; x_wconf 91' lang='lat' dir='ltr'>se</span> <span class='ocrx_word' id='word_1_552' title='bbox 1193 4198 1308 4265; x_wconf 91' lang='lat' dir='ltr'>peccata</span> <span class='ocrx_word' id='word_1_553' title='bbox 1322 4210 1373 4249; x_wconf 91' lang='lat' dir='ltr'>sua</span> <span class='ocrx_word' id='word_1_554' title='bbox 1383 4195 1490 4265; x_wconf 92' lang='lat' dir='ltr'>populo</span> <span class='ocrx_word' id='word_1_555' title='bbox 1502 4193 1555 4249; x_wconf 89' lang='lat' dir='ltr'>scit</span> <span class='ocrx_word' id='word_1_556' title='bbox 1565 4191 1816 4249; x_wconf 84' lang='lat' dir='ltr'>testeconlessnm.</span> 
     </span>
     <span class='ocr_line' id='line_1_44' title="bbox 130 4285 1819 4360; baseline -0.002 -15"><span class='ocrx_word' id='word_1_557' title='bbox 130 4289 167 4345; x_wconf 86' lang='lat' dir='ltr'>ad</span> <span class='ocrx_word' id='word_1_558' title='bbox 182 4289 349 4360; x_wconf 89' lang='lat' dir='ltr'>religiosum</span> <span class='ocrx_word' id='word_1_559' title='bbox 364 4288 471 4343; x_wconf 91' lang='lat' dir='ltr'>cultum</span> <span class='ocrx_word' id='word_1_560' title='bbox 482 4286 642 4359; x_wconf 90' lang='lat' dir='ltr'>apostolicis</span> <span class='ocrx_word' id='word_1_561' title='bbox 652 4287 898 4343; x_wconf 90' lang='lat' dir='ltr'>admonitionibus</span> <span class='ocrx_word' id='word_1_562' title='bbox 907 4288 949 4342; x_wconf 92' lang='lat' dir='ltr'>iu·</span> <span class='ocrx_word' id='word_1_563' title='bbox 999 4285 1069 4351; x_wconf 83' lang='lat' dir='ltr'>Quis</span> <span class='ocrx_word' id='word_1_564' title='bbox 1078 4287 1156 4342; x_wconf 90' lang='lat' dir='ltr'>euim</span> <span class='ocrx_word' id='word_1_565' title='bbox 1165 4304 1251 4359; x_wconf 85' lang='lat' dir='ltr'>quern</span> <span class='ocrx_word' id='word_1_566' title='bbox 1262 4288 1347 4359; x_wconf 91' lang='lat' dir='ltr'>paulo</span> <span class='ocrx_word' id='word_1_567' title='bbox 1357 4290 1424 4343; x_wconf 88' lang='lat' dir='ltr'>ante</span> <span class='ocrx_word' id='word_1_568' title='bbox 1433 4287 1503 4343; x_wconf 89' lang='lat' dir='ltr'>vidit</span> <span class='ocrx_word' id='word_1_569' title='bbox 1508 4287 1656 4359; x_wconf 90' lang='lat' dir='ltr'>jacentem</span> <span class='ocrx_word' id='word_1_570' title='bbox 1666 4291 1819 4343; x_wconf 80' lang='lat' dir='ltr'>veneratur</span> 
     </span>
     <span class='ocr_line' id='line_1_45' title="bbox 128 4380 1817 4456; baseline 0.002 -21"><span class='ocrx_word' id='word_1_571' title='bbox 128 4381 251 4436; x_wconf 88' lang='lat' dir='ltr'>citemus</span> <span class='ocrx_word' id='word_1_572' title='bbox 259 4399 268 4450; x_wconf 93' lang='lat'>;</span> <span class='ocrx_word' id='word_1_573' title='bbox 282 4386 311 4436; x_wconf 93' lang='lat' dir='ltr'>et</span> <span class='ocrx_word' id='word_1_574' title='bbox 322 4381 390 4436; x_wconf 92' lang='lat' dir='ltr'>dum</span> <span class='ocrx_word' id='word_1_575' title='bbox 403 4380 563 4436; x_wconf 87' lang='lat' dir='ltr'>dilectionis</span> <span class='ocrx_word' id='word_1_576' title='bbox 578 4380 682 4453; x_wconf 89' lang='lat' dir='ltr'>pignus</span> <span class='ocrx_word' id='word_1_577' title='bbox 702 4386 808 4436; x_wconf 83' lang='lat' dir='ltr'>nostre</span> <span class='ocrx_word' id='word_1_578' title='bbox 818 4380 947 4436; x_wconf 92' lang='lat' dir='ltr'>reddidi·</span> <span class='ocrx_word' id='word_1_579' title='bbox 999 4384 1176 4440; x_wconf 84' lang='lat' dir='ltr'>antistitem?</span> <span class='ocrx_word' id='word_1_580' title='bbox 1190 4385 1347 4456; x_wconf 78' lang='lat' dir='ltr'>preferens</span> <span class='ocrx_word' id='word_1_581' title='bbox 1355 4384 1510 4440; x_wconf 86' lang='lat' dir='ltr'>miserandi</span> <span class='ocrx_word' id='word_1_582' title='bbox 1517 4384 1645 4440; x_wconf 89' lang='lat' dir='ltr'>criminis</span> <span class='ocrx_word' id='word_1_583' title='bbox 1653 4385 1749 4441; x_wconf 87' lang='lat' dir='ltr'>labem</span> <span class='ocrx_word' id='word_1_584' title='bbox 1760 4400 1817 4439; x_wconf 93' lang='lat' dir='ltr'>non</span> 
     </span>
     <span class='ocr_line' id='line_1_46' title="bbox 129 4474 1585 4555; baseline 0.001 -24"><span class='ocrx_word' id='word_1_585' title='bbox 129 4492 204 4543; x_wconf 75' lang='lat' dir='ltr'>mars,</span> <span class='ocrx_word' id='word_1_586' title='bbox 215 4476 291 4530; x_wconf 89' lang='lat' dir='ltr'>velut</span> <span class='ocrx_word' id='word_1_587' title='bbox 298 4474 442 4547; x_wconf 88' lang='lat' dir='ltr'>quoddam</span> <span class='ocrx_word' id='word_1_588' title='bbox 451 4475 785 4546; x_wconf 89' lang='lat' dir='ltr'>debitumplenumcirca</span> <span class='ocrx_word' id='word_1_589' title='bbox 794 4475 948 4531; x_wconf 83' lang='lat' dir='ltr'>Dominum</span> <span class='ocrx_word' id='word_1_590' title='bbox 958 4482 987 4555; x_wconf 70' lang='grc' dir='ltr'>Ι)</span> <span class='ocrx_word' id='word_1_591' title='bbox 999 4476 1086 4532; x_wconf 90' lang='lat' dir='ltr'>habet</span> <span class='ocrx_word' id='word_1_592' title='bbox 1099 4476 1223 4532; x_wconf 89' lang='lat' dir='ltr'>lucidam</span> <span class='ocrx_word' id='word_1_593' title='bbox 1238 4478 1389 4534; x_wconf 88' lang='lat' dir='ltr'>sacerdotii</span> <span class='ocrx_word' id='word_1_594' title='bbox 1403 4478 1585 4550; x_wconf 88' lang='lat' dir='ltr'>dignitatem.</span> 
     </span>
     <span class='ocr_line' id='line_1_47' title="bbox 127 4567 1817 4643; baseline 0.001 -18"><span class='ocrx_word' id='word_1_595' title='bbox 127 4575 324 4625; x_wconf 89' lang='lat' dir='ltr'>monstremus</span> <span class='ocrx_word' id='word_1_596' title='bbox 338 4567 481 4624; x_wconf 80' lang='lat' dir='ltr'>effectum.</span> <span class='ocrx_word' id='word_1_597' title='bbox 496 4570 653 4640; x_wconf 80' lang='lat' dir='ltr'>iungamus</span> <span class='ocrx_word' id='word_1_598' title='bbox 663 4567 761 4641; x_wconf 90' lang='lat' dir='ltr'>igitur,</span> <span class='ocrx_word' id='word_1_599' title='bbox 773 4567 949 4624; x_wconf 90' lang='lat' dir='ltr'>dilectissimi</span> <span class='ocrx_word' id='word_1_600' title='bbox 1034 4571 1066 4625; x_wconf 90' lang='lat' dir='ltr'>ll.</span> <span class='ocrx_word' id='word_1_601' title='bbox 1075 4571 1133 4626; x_wconf 87' lang='lat' dir='ltr'>ltoc</span> <span class='ocrx_word' id='word_1_602' title='bbox 1143 4587 1257 4643; x_wconf 91' lang='lat' dir='ltr'>quoque</span> <span class='ocrx_word' id='word_1_603' title='bbox 1266 4572 1303 4626; x_wconf 90' lang='lat' dir='ltr'>ad</span> <span class='ocrx_word' id='word_1_604' title='bbox 1314 4572 1462 4643; x_wconf 88' lang='lat' dir='ltr'>premissa</span> <span class='ocrx_word' id='word_1_605' title='bbox 1472 4570 1676 4641; x_wconf 88' lang='lat' dir='ltr'>conjungimus</span> <span class='ocrx_word' id='word_1_606' title='bbox 1685 4586 1722 4625; x_wconf 91' lang='lat' dir='ltr'>ue</span> <span class='ocrx_word' id='word_1_607' title='bbox 1731 4571 1817 4627; x_wconf 89' lang='lat' dir='ltr'>bene·</span> 
     </span>
     <span class='ocr_line' id='line_1_48' title="bbox 127 4661 1816 4736; baseline 0.001 -17"><span class='ocrx_word' id='word_1_608' title='bbox 127 4665 244 4728; x_wconf 85' lang='lat' dir='ltr'>fratres,</span> <span class='ocrx_word' id='word_1_609' title='bbox 254 4662 401 4716; x_wconf 89' lang='lat' dir='ltr'>continuas</span> <span class='ocrx_word' id='word_1_610' title='bbox 411 4667 438 4717; x_wconf 92' lang='lat' dir='ltr'>et</span> <span class='ocrx_word' id='word_1_611' title='bbox 446 4661 568 4716; x_wconf 86' lang='lat' dir='ltr'>humiles</span> <span class='ocrx_word' id='word_1_612' title='bbox 576 4677 685 4732; x_wconf 89' lang='lat' dir='ltr'>preces,</span> <span class='ocrx_word' id='word_1_613' title='bbox 697 4661 886 4718; x_wconf 86' lang='lat' dir='ltr'>etDomiuum</span> <span class='ocrx_word' id='word_1_614' title='bbox 896 4678 947 4717; x_wconf 90' lang='lat' dir='ltr'>uo·</span> <span class='ocrx_word' id='word_1_615' title='bbox 998 4663 1152 4720; x_wconf 87' lang='lat' dir='ltr'>dictionem</span> <span class='ocrx_word' id='word_1_616' title='bbox 1166 4681 1220 4736; x_wconf 90' lang='lat' dir='ltr'>per</span> <span class='ocrx_word' id='word_1_617' title='bbox 1231 4665 1445 4736; x_wconf 89' lang='lat' dir='ltr'>impositionem</span> <span class='ocrx_word' id='word_1_618' title='bbox 1455 4680 1558 4719; x_wconf 87' lang='lat' dir='ltr'>manus</span> <span class='ocrx_word' id='word_1_619' title='bbox 1571 4679 1635 4735; x_wconf 86' lang='lat' dir='ltr'>que</span> <span class='ocrx_word' id='word_1_620' title='bbox 1648 4663 1744 4719; x_wconf 89' lang='lat' dir='ltr'>diviua</span> <span class='ocrx_word' id='word_1_621' title='bbox 1754 4680 1816 4720; x_wconf 88' lang='lat' dir='ltr'>esse</span> 
     </span>
     <span class='ocr_line' id='line_1_49' title="bbox 128 4754 1817 4831; baseline 0.002 -20"><span class='ocrx_word' id='word_1_622' title='bbox 128 4761 222 4812; x_wconf 91' lang='lat' dir='ltr'>strum</span> <span class='ocrx_word' id='word_1_623' title='bbox 238 4757 295 4810; x_wconf 90' lang='lat' dir='ltr'>oris</span> <span class='ocrx_word' id='word_1_624' title='bbox 306 4759 334 4810; x_wconf 94' lang='lat' dir='ltr'>et</span> <span class='ocrx_word' id='word_1_625' title='bbox 341 4755 573 4826; x_wconf 87' lang='lat' dir='ltr'>cordislacrymis</span> <span class='ocrx_word' id='word_1_626' title='bbox 581 4754 773 4827; x_wconf 87' lang='lat' dir='ltr'>supplicantes</span> <span class='ocrx_word' id='word_1_627' title='bbox 777 4755 842 4827; x_wconf 84' lang='lat' dir='ltr'>jugi</span> <span class='ocrx_word' id='word_1_628' title='bbox 850 4756 949 4828; x_wconf 88' lang='lat' dir='ltr'>depre-</span> <span class='ocrx_word' id='word_1_629' title='bbox 997 4757 1133 4825; x_wconf 89' lang='lat' dir='ltr'>creditur,</span> <span class='ocrx_word' id='word_1_630' title='bbox 1148 4759 1213 4831; x_wconf 87' lang='lat' dir='ltr'>quis</span> <span class='ocrx_word' id='word_1_631' title='bbox 1226 4758 1317 4830; x_wconf 88' lang='lat' dir='ltr'>pretio</span> <span class='ocrx_word' id='word_1_632' title='bbox 1328 4763 1483 4829; x_wconf 89' lang='lat' dir='ltr'>comparet,</span> <span class='ocrx_word' id='word_1_633' title='bbox 1495 4757 1634 4828; x_wconf 89' lang='lat' dir='ltr'>quoniam</span> <span class='ocrx_word' id='word_1_634' title='bbox 1643 4762 1708 4813; x_wconf 91' lang='lat' dir='ltr'>ante</span> <span class='ocrx_word' id='word_1_635' title='bbox 1719 4760 1817 4814; x_wconf 89' lang='lat' dir='ltr'>oculos</span> 
     </span>
     <span class='ocr_line' id='line_1_50' title="bbox 127 4848 1817 4923; baseline 0 -17"><span class='ocrx_word' id='word_1_636' title='bbox 127 4850 240 4906; x_wconf 87' lang='lat' dir='ltr'>catione</span> <span class='ocrx_word' id='word_1_637' title='bbox 248 4866 406 4920; x_wconf 87' lang='lat' dir='ltr'>poscamus,</span> <span class='ocrx_word' id='word_1_638' title='bbox 415 4852 446 4903; x_wconf 92' lang='lat' dir='ltr'>ut</span> <span class='ocrx_word' id='word_1_639' title='bbox 455 4853 483 4903; x_wconf 90' lang='lat' dir='ltr'>et</span> <span class='ocrx_word' id='word_1_640' title='bbox 493 4848 672 4903; x_wconf 90' lang='lat' dir='ltr'>institutione</span> <span class='ocrx_word' id='word_1_641' title='bbox 680 4854 709 4903; x_wconf 88' lang='lat' dir='ltr'>et</span> <span class='ocrx_word' id='word_1_642' title='bbox 717 4865 804 4920; x_wconf 90' lang='lat' dir='ltr'>opere</span> <span class='ocrx_word' id='word_1_643' title='bbox 814 4848 855 4903; x_wconf 93' lang='lat' dir='ltr'>illi</span> <span class='ocrx_word' id='word_1_644' title='bbox 867 4849 948 4921; x_wconf 90' lang='lat' dir='ltr'>cujus</span> <span class='ocrx_word' id='word_1_645' title='bbox 998 4867 1059 4906; x_wconf 89' lang='lat' dir='ltr'>csse</span> <span class='ocrx_word' id='word_1_646' title='bbox 1073 4852 1214 4920; x_wconf 85' lang='lat' dir='ltr'>convenit,</span> <span class='ocrx_word' id='word_1_647' title='bbox 1230 4852 1309 4923; x_wconf 81' lang='lat' dir='ltr'>quod</span> <span class='ocrx_word' id='word_1_648' title='bbox 1319 4852 1416 4907; x_wconf 88' lang='lat' dir='ltr'>Simon</span> <span class='ocrx_word' id='word_1_649' title='bbox 1425 4851 1563 4922; x_wconf 88' lang='lat' dir='ltr'>Spiritum</span> <span class='ocrx_word' id='word_1_650' title='bbox 1577 4856 1710 4907; x_wconf 88' lang='lat' dir='ltr'>sanctum</span> <span class='ocrx_word' id='word_1_651' title='bbox 1721 4854 1817 4908; x_wconf 90' lang='lat' dir='ltr'>voleus</span> 
     </span>
     <span class='ocr_line' id='line_1_51' title="bbox 128 4942 1816 5017; baseline 0.001 -19"><span class='ocrx_word' id='word_1_652' title='bbox 128 4960 192 4998; x_wconf 88' lang='lat' dir='ltr'>esse</span> <span class='ocrx_word' id='word_1_653' title='bbox 213 4943 343 4999; x_wconf 89' lang='lat' dir='ltr'>membra</span> <span class='ocrx_word' id='word_1_654' title='bbox 365 4944 499 5014; x_wconf 87' lang='lat' dir='ltr'>cupimus</span> <span class='ocrx_word' id='word_1_655' title='bbox 523 4943 695 5012; x_wconf 80' lang='lat' dir='ltr'>tremamus,</span> <span class='ocrx_word' id='word_1_656' title='bbox 711 4958 763 4997; x_wconf 86' lang='lat' dir='ltr'>noc</span> <span class='ocrx_word' id='word_1_657' title='bbox 775 4959 901 5013; x_wconf 88' lang='lat' dir='ltr'>unquam</span> <span class='ocrx_word' id='word_1_658' title='bbox 912 4942 948 4996; x_wconf 90' lang='lat' dir='ltr'>ab</span> <span class='ocrx_word' id='word_1_659' title='bbox 996 4944 1195 5015; x_wconf 89' lang='lat' dir='ltr'>redemptione</span> <span class='ocrx_word' id='word_1_660' title='bbox 1213 4946 1345 5012; x_wconf 88' lang='lat' dir='ltr'>mercari,</span> <span class='ocrx_word' id='word_1_661' title='bbox 1368 4945 1491 5017; x_wconf 75' lang='lat' dir='ltr'>Apostoli</span> <span class='ocrx_word' id='word_1_662' title='bbox 1516 4945 1604 5000; x_wconf 85' lang='lat' dir='ltr'>iuerit</span> <span class='ocrx_word' id='word_1_663' title='bbox 1619 4945 1816 5010; x_wconf 65' lang='lat' dir='ltr'>[detestatione</span> 
     </span>
     <span class='ocr_line' id='line_1_52' title="bbox 127 5035 1817 5110; baseline 0 -18"><span class='ocrx_word' id='word_1_664' title='bbox 127 5038 176 5092; x_wconf 92' lang='lat' dir='ltr'>illa</span> <span class='ocrx_word' id='word_1_665' title='bbox 189 5036 234 5091; x_wconf 84' lang='lat' dir='ltr'>via</span> <span class='ocrx_word' id='word_1_666' title='bbox 247 5054 312 5110; x_wconf 81' lang='lat' dir='ltr'>que</span> <span class='ocrx_word' id='word_1_667' title='bbox 326 5035 454 5092; x_wconf 86' lang='lat' dir='ltr'>Christus</span> <span class='ocrx_word' id='word_1_668' title='bbox 469 5041 512 5091; x_wconf 90' lang='lat' dir='ltr'>est</span> <span class='ocrx_word' id='word_1_669' title='bbox 527 5035 609 5091; x_wconf 89' lang='lat' dir='ltr'>devio</span> <span class='ocrx_word' id='word_1_670' title='bbox 626 5035 739 5090; x_wconf 87' lang='lat' dir='ltr'>tramite</span> <span class='ocrx_word' id='word_1_671' title='bbox 760 5035 947 5103; x_wconf 87' lang='lat' dir='ltr'>declinemus,</span> <span class='ocrx_word' id='word_1_672' title='bbox 996 5053 1154 5109; x_wconf 89' lang='lat' dir='ltr'>percussus.</span> <span class='ocrx_word' id='word_1_673' title='bbox 1183 5039 1259 5093; x_wconf 89' lang='lat' dir='ltr'>Tunc</span> <span class='ocrx_word' id='word_1_674' title='bbox 1287 5038 1390 5094; x_wconf 89' lang='lat' dir='ltr'>deinde</span> <span class='ocrx_word' id='word_1_675' title='bbox 1415 5039 1479 5110; x_wconf 90' lang='lat' dir='ltr'>quis</span> <span class='ocrx_word' id='word_1_676' title='bbox 1501 5054 1560 5095; x_wconf 92' lang='lat' dir='ltr'>non</span> <span class='ocrx_word' id='word_1_677' title='bbox 1584 5039 1639 5095; x_wconf 86' lang='lat' dir='ltr'>vile</span> <span class='ocrx_word' id='word_1_678' title='bbox 1661 5042 1742 5110; x_wconf 87' lang='lat' dir='ltr'>putat</span> <span class='ocrx_word' id='word_1_679' title='bbox 1757 5054 1817 5093; x_wconf 89' lang='lat' dir='ltr'>esse</span> 
     </span>
     <span class='ocr_line' id='line_1_53' title="bbox 127 5129 1813 5203; baseline -0.001 -17"><span class='ocrx_word' id='word_1_680' title='bbox 127 5147 165 5187; x_wconf 90' lang='lat' dir='ltr'>ne</span> <span class='ocrx_word' id='word_1_681' title='bbox 178 5130 214 5186; x_wconf 93' lang='lat' dir='ltr'>ab</span> <span class='ocrx_word' id='word_1_682' title='bbox 227 5146 260 5186; x_wconf 89' lang='lat' dir='ltr'>eo</span> <span class='ocrx_word' id='word_1_683' title='bbox 272 5131 349 5202; x_wconf 91' lang='lat' dir='ltr'>juste</span> <span class='ocrx_word' id='word_1_684' title='bbox 364 5146 451 5201; x_wconf 90' lang='lat' dir='ltr'>quem</span> <span class='ocrx_word' id='word_1_685' title='bbox 462 5147 514 5185; x_wconf 92' lang='lat' dir='ltr'>nos</span> <span class='ocrx_word' id='word_1_686' title='bbox 526 5129 613 5201; x_wconf 91' lang='lat' dir='ltr'>impie</span> <span class='ocrx_word' id='word_1_687' title='bbox 628 5129 817 5201; x_wconf 88' lang='lat' dir='ltr'>relinquimus</span> <span class='ocrx_word' id='word_1_688' title='bbox 832 5129 946 5184; x_wconf 89' lang='lat' dir='ltr'>desera—</span> <span class='ocrx_word' id='word_1_689' title='bbox 994 5132 1072 5203; x_wconf 90' lang='lat' dir='ltr'>quod</span> <span class='ocrx_word' id='word_1_690' title='bbox 1084 5131 1238 5188; x_wconf 79' lang='lat' dir='ltr'>venditur?</span> <span class='ocrx_word' id='word_1_691' title='bbox 1255 5133 1338 5187; x_wconf 83' lang='lat' dir='ltr'>istam</span> <span class='ocrx_word' id='word_1_692' title='bbox 1350 5132 1544 5189; x_wconf 87' lang='lat' dir='ltr'>sacerdotibus</span> <span class='ocrx_word' id='word_1_693' title='bbox 1554 5131 1721 5187; x_wconf 89' lang='lat' dir='ltr'>ordinandis</span> <span class='ocrx_word' id='word_1_694' title='bbox 1731 5146 1813 5186; x_wconf 82' lang='lat' dir='ltr'>reve·</span> 
     </span>
     <span class='ocr_line' id='line_1_54' title="bbox 125 5222 1812 5298; baseline -0.002 -18"><span class='ocrx_word' id='word_1_695' title='bbox 125 5222 948 5296; x_wconf 80' lang='lat' dir='ltr'>mur.0u0dcumsupernifavorisauxiliocanobispotest</span> <span class='ocrx_word' id='word_1_696' title='bbox 996 5224 1119 5280; x_wconf 89' lang='lat' dir='ltr'>rentiam</span> <span class='ocrx_word' id='word_1_697' title='bbox 1133 5232 1226 5281; x_wconf 88' lang='lat' dir='ltr'>servet</span> <span class='ocrx_word' id='word_1_698' title='bbox 1235 5226 1348 5295; x_wconf 89' lang='lat' dir='ltr'>electio,</span> <span class='ocrx_word' id='word_1_699' title='bbox 1360 5230 1392 5281; x_wconf 93' lang='lat' dir='ltr'>ut</span> <span class='ocrx_word' id='word_1_700' title='bbox 1407 5226 1438 5282; x_wconf 93' lang='lat' dir='ltr'>iu</span> <span class='ocrx_word' id='word_1_701' title='bbox 1448 5226 1528 5298; x_wconf 84' lang='lat' dir='ltr'>gravi</span> <span class='ocrx_word' id='word_1_702' title='bbox 1537 5240 1685 5281; x_wconf 89' lang='lat' dir='ltr'>murmure</span> <span class='ocrx_word' id='word_1_703' title='bbox 1694 5223 1812 5294; x_wconf 91' lang='lat' dir='ltr'>populo·</span> 
     </span>
     <span class='ocr_line' id='line_1_55' title="bbox 126 5315 1812 5391; baseline -0.003 -16"><span class='ocrx_word' id='word_1_704' title='bbox 126 5320 239 5375; x_wconf 74' lang='lat' dir='ltr'>rabone</span> <span class='ocrx_word' id='word_1_705' title='bbox 250 5319 427 5391; x_wconf 88' lang='lat' dir='ltr'>contingere,</span> <span class='ocrx_word' id='word_1_706' title='bbox 439 5318 462 5372; x_wconf 92' lang='lat' dir='ltr'>si</span> <span class='ocrx_word' id='word_1_707' title='bbox 472 5317 626 5390; x_wconf 86' lang='lat' dir='ltr'>apostolica</span> <span class='ocrx_word' id='word_1_708' title='bbox 637 5316 783 5388; x_wconf 84' lang='lat' dir='ltr'>dogmata,</span> <span class='ocrx_word' id='word_1_709' title='bbox 798 5317 820 5372; x_wconf 91' lang='lat' dir='ltr'>si</span> <span class='ocrx_word' id='word_1_710' title='bbox 831 5319 946 5372; x_wconf 83' lang='lat' dir='ltr'>Petrum</span> <span class='ocrx_word' id='word_1_711' title='bbox 996 5335 1061 5374; x_wconf 90' lang='lat' dir='ltr'>rum</span> <span class='ocrx_word' id='word_1_712' title='bbox 1077 5318 1205 5374; x_wconf 85' lang='lat' dir='ltr'>divinum</span> <span class='ocrx_word' id='word_1_713' title='bbox 1215 5319 1346 5376; x_wconf 86' lang='lat' dir='ltr'>credatur</span> <span class='ocrx_word' id='word_1_714' title='bbox 1360 5336 1422 5375; x_wconf 89' lang='lat' dir='ltr'>esse</span> <span class='ocrx_word' id='word_1_715' title='bbox 1431 5320 1585 5391; x_wconf 88' lang='lat' dir='ltr'>judicium.</span> <span class='ocrx_word' id='word_1_716' title='bbox 1601 5317 1641 5372; x_wconf 94' lang='lat' dir='ltr'>lbi</span> <span class='ocrx_word' id='word_1_717' title='bbox 1651 5315 1728 5372; x_wconf 90' lang='lat' dir='ltr'>euim</span> <span class='ocrx_word' id='word_1_718' title='bbox 1740 5316 1812 5371; x_wconf 83' lang='lat' dir='ltr'>Deus</span> 
     </span>
     <span class='ocr_line' id='line_1_56' title="bbox 123 5410 1813 5486; baseline -0.004 -17"><span class='ocrx_word' id='word_1_719' title='bbox 123 5413 261 5469; x_wconf 89' lang='lat' dir='ltr'>mandata</span> <span class='ocrx_word' id='word_1_720' title='bbox 287 5427 444 5467; x_wconf 88' lang='lat' dir='ltr'>servemus.</span> <span class='ocrx_word' id='word_1_721' title='bbox 464 5411 538 5466; x_wconf 84' lang='lat' dir='ltr'>Dixit</span> <span class='ocrx_word' id='word_1_722' title='bbox 561 5410 640 5465; x_wconf 88' lang='lat' dir='ltr'>enim</span> <span class='ocrx_word' id='word_1_723' title='bbox 662 5410 798 5465; x_wconf 84' lang='lat' dir='ltr'>Dominus</span> <span class='ocrx_word' id='word_1_724' title='bbox 825 5415 944 5466; x_wconf 87' lang='lat' dir='ltr'>noster:</span> <span class='ocrx_word' id='word_1_725' title='bbox 995 5411 1043 5466; x_wconf 89' lang='lat' dir='ltr'>ubi</span> <span class='ocrx_word' id='word_1_726' title='bbox 1067 5411 1188 5485; x_wconf 89' lang='lat' dir='ltr'>simplex</span> <span class='ocrx_word' id='word_1_727' title='bbox 1216 5413 1278 5469; x_wconf 89' lang='lat' dir='ltr'>sine</span> <span class='ocrx_word' id='word_1_728' title='bbox 1300 5413 1439 5486; x_wconf 87' lang='lat' dir='ltr'>pravitate</span> <span class='ocrx_word' id='word_1_729' title='bbox 1462 5427 1634 5477; x_wconf 81' lang='lat' dir='ltr'>consensus3</span> <span class='ocrx_word' id='word_1_730' title='bbox 1658 5423 1758 5463; x_wconf 90' lang='lat' dir='ltr'>verum</span> <span class='ocrx_word' id='word_1_731' title='bbox 1776 5424 1813 5463; x_wconf 88' lang='lat' dir='ltr'>ne</span> 
     </span>
     <span class='ocr_line' id='line_1_57' title="bbox 125 5501 1809 5579; baseline 0.001 -23"><span class='ocrx_word' id='word_1_732' title='bbox 125 5529 141 5556; x_wconf 73' lang='lat' dir='ltr'>a</span> <span class='ocrx_word' id='word_1_733' title='bbox 159 5505 216 5572; x_wconf 82' lang='lat' dir='ltr'>Qui</span> <span class='ocrx_word' id='word_1_734' title='bbox 228 5506 320 5579; x_wconf 89' lang='lat' dir='ltr'>diligit</span> <span class='ocrx_word' id='word_1_735' title='bbox 337 5522 393 5575; x_wconf 87' lang='lat' dir='ltr'>me,</span> <span class='ocrx_word' id='word_1_736' title='bbox 406 5521 569 5560; x_wconf 87' lang='lat' dir='ltr'>sermonem</span> <span class='ocrx_word' id='word_1_737' title='bbox 577 5520 676 5560; x_wconf 88' lang='lat' dir='ltr'>meum</span> <span class='ocrx_word' id='word_1_738' title='bbox 687 5503 819 5572; x_wconf 88' lang='lat' dir='ltr'>servabit,</span> <span class='ocrx_word' id='word_1_739' title='bbox 827 5507 856 5560; x_wconf 90' lang='lat' dir='ltr'>et</span> <span class='ocrx_word' id='word_1_740' title='bbox 864 5505 947 5560; x_wconf 87' lang='lat' dir='ltr'>Pater</span> <span class='ocrx_word' id='word_1_741' title='bbox 994 5505 1069 5562; x_wconf 88' lang='lat' dir='ltr'>banc</span> <span class='ocrx_word' id='word_1_742' title='bbox 1086 5505 1203 5578; x_wconf 89' lang='lat' dir='ltr'>quidem</span> <span class='ocrx_word' id='word_1_743' title='bbox 1225 5510 1340 5579; x_wconf 91' lang='lat' dir='ltr'>partem</span> <span class='ocrx_word' id='word_1_744' title='bbox 1353 5503 1552 5562; x_wconf 89' lang='lat' dir='ltr'>sollicitudinis</span> <span class='ocrx_word' id='word_1_745' title='bbox 1565 5505 1595 5558; x_wconf 88' lang='lat' dir='ltr'>et</span> <span class='ocrx_word' id='word_1_746' title='bbox 1607 5501 1809 5557; x_wconf 89' lang='lat' dir='ltr'>admonitionis</span> 
     </span>
    </p>
   </div>
   <div class='ocr_carea' id='block_1_5' title="bbox 121 5594 1810 5861">
    <p class='ocr_par' dir='ltr' id='par_1_6' title="bbox 121 5594 1810 5861">
     <span class='ocr_line' id='line_1_58' title="bbox 121 5594 1810 5672; baseline -0.005 -14"><span class='ocrx_word' id='word_1_747' title='bbox 121 5616 210 5658; x_wconf 89' lang='lat' dir='ltr'>meus</span> <span class='ocrx_word' id='word_1_748' title='bbox 224 5599 325 5672; x_wconf 88' lang='lat' dir='ltr'>diliget</span> <span class='ocrx_word' id='word_1_749' title='bbox 337 5616 414 5669; x_wconf 91' lang='lat' dir='ltr'>eum,</span> <span class='ocrx_word' id='word_1_750' title='bbox 430 5603 459 5656; x_wconf 90' lang='lat' dir='ltr'>et</span> <span class='ocrx_word' id='word_1_751' title='bbox 472 5599 508 5654; x_wconf 93' lang='lat' dir='ltr'>ad</span> <span class='ocrx_word' id='word_1_752' title='bbox 526 5615 592 5653; x_wconf 92' lang='lat' dir='ltr'>eum</span> <span class='ocrx_word' id='word_1_753' title='bbox 608 5597 765 5665; x_wconf 91' lang='lat' dir='ltr'>veniemus,</span> <span class='ocrx_word' id='word_1_754' title='bbox 777 5601 806 5652; x_wconf 90' lang='lat' dir='ltr'>et</span> <span class='ocrx_word' id='word_1_755' title='bbox 817 5598 944 5654; x_wconf 89' lang='lat' dir='ltr'>mansio·</span> <span class='ocrx_word' id='word_1_756' title='bbox 993 5600 1161 5669; x_wconf 91' lang='lat' dir='ltr'>omittimus,</span> <span class='ocrx_word' id='word_1_757' title='bbox 1185 5617 1221 5657; x_wconf 93' lang='lat' dir='ltr'>ne</span> <span class='ocrx_word' id='word_1_758' title='bbox 1243 5601 1286 5656; x_wconf 90' lang='lat' dir='ltr'>vel</span> <span class='ocrx_word' id='word_1_759' title='bbox 1304 5601 1352 5656; x_wconf 92' lang='lat' dir='ltr'>ille</span> <span class='ocrx_word' id='word_1_760' title='bbox 1365 5617 1394 5655; x_wconf 85' lang='lat' dir='ltr'>se</span> <span class='ocrx_word' id='word_1_761' title='bbox 1414 5617 1431 5655; x_wconf 88' lang='lat' dir='ltr'>a</span> <span class='ocrx_word' id='word_1_762' title='bbox 1445 5597 1529 5669; x_wconf 90' lang='lat' dir='ltr'>culpa</span> <span class='ocrx_word' id='word_1_763' title='bbox 1539 5594 1810 5665; x_wconf 89' lang='lat' dir='ltr'>estimetalienum,</span> 
     </span>
     <span class='ocr_line' id='line_1_59' title="bbox 121 5688 1809 5769; baseline -0.004 -18"><span class='ocrx_word' id='word_1_764' title='bbox 121 5711 195 5751; x_wconf 91' lang='lat' dir='ltr'>nem</span> <span class='ocrx_word' id='word_1_765' title='bbox 214 5693 291 5765; x_wconf 90' lang='lat' dir='ltr'>apud</span> <span class='ocrx_word' id='word_1_766' title='bbox 308 5710 374 5750; x_wconf 93' lang='lat' dir='ltr'>eum</span> <span class='ocrx_word' id='word_1_767' title='bbox 389 5693 527 5749; x_wconf 84' lang='lat' dir='ltr'>faciamus</span> <span class='ocrx_word' id='word_1_768' title='bbox 548 5693 633 5764; x_wconf 82' lang='lat' dir='ltr'>(Joon.</span> <span class='ocrx_word' id='word_1_769' title='bbox 659 5708 714 5759; x_wconf 85' lang='lat' dir='ltr'>xiv,</span> <span class='ocrx_word' id='word_1_770' title='bbox 731 5693 786 5761; x_wconf 73' lang='grc' dir='ltr'>ιι).</span> <span class='ocrx_word' id='word_1_771' title='bbox 801 5709 816 5743; x_wconf 76' lang='lat' dir='ltr'>o</span> <span class='ocrx_word' id='word_1_772' title='bbox 832 5691 866 5747; x_wconf 87' lang='lat' dir='ltr'>Et</span> <span class='ocrx_word' id='word_1_773' title='bbox 879 5692 946 5748; x_wconf 91' lang='lat' dir='ltr'>licet</span> <span class='ocrx_word' id='word_1_774' title='bbox 994 5688 1809 5769; x_wconf 32' lang='lat' dir='ltr'>quietipse-quidemaredemptioneliberiuitiaveritbe·</span> 
     </span>
     <span class='ocr_line' id='line_1_60' title="bbox 122 5781 1808 5861; baseline -0.002 -15"><span class='ocrx_word' id='word_1_775' title='bbox 122 5791 188 5847; x_wconf 78' lang='lat' dir='ltr'>hec</span> <span class='ocrx_word' id='word_1_776' title='bbox 213 5787 323 5861; x_wconf 88' lang='lat' dir='ltr'>possint</span> <span class='ocrx_word' id='word_1_777' title='bbox 338 5787 512 5861; x_wconf 86' lang='lat' dir='ltr'>generaliter</span> <span class='ocrx_word' id='word_1_778' title='bbox 536 5786 610 5843; x_wconf 89' lang='lat' dir='ltr'>dicta</span> <span class='ocrx_word' id='word_1_779' title='bbox 637 5784 777 5856; x_wconf 82' lang='lat' dir='ltr'>sulficere,</span> <span class='ocrx_word' id='word_1_780' title='bbox 803 5788 836 5840; x_wconf 93' lang='lat' dir='ltr'>ut</span> <span class='ocrx_word' id='word_1_781' title='bbox 862 5785 944 5843; x_wconf 92' lang='lat' dir='ltr'>decli·</span> <span class='ocrx_word' id='word_1_782' title='bbox 993 5786 1153 5845; x_wconf 87' lang='lat' dir='ltr'>nedictione</span> <span class='ocrx_word' id='word_1_783' title='bbox 1164 5787 1282 5860; x_wconf 83' lang='lat' dir='ltr'>mystica</span> <span class='ocrx_word' id='word_1_784' title='bbox 1292 5785 1481 5859; x_wconf 87' lang='lat' dir='ltr'>sacerdotem,</span> <span class='ocrx_word' id='word_1_785' title='bbox 1493 5788 1522 5842; x_wconf 87' lang='lat' dir='ltr'>et</span> <span class='ocrx_word' id='word_1_786' title='bbox 1534 5787 1631 5842; x_wconf 88' lang='lat' dir='ltr'>tamen</span> <span class='ocrx_word' id='word_1_787' title='bbox 1645 5781 1808 5842; x_wconf 78' lang='lat' dir='ltr'>adulterius</span> 
     </span>
    </p>
   </div>
   <div class='ocr_carea' id='block_1_6' title="bbox 0 0 1940 6150">
    <p class='ocr_par' dir='ltr' id='par_1_7' title="bbox 0 0 1940 6150">
     <span class='ocr_line' id='line_1_61' title="bbox 0 0 1940 6150; baseline 0 0"><span class='ocrx_word' id='word_1_788' title='bbox 0 0 1940 6150; x_wconf 95' lang='lat' dir='ltr'> </span> 
     </span>
    </p>
   </div>
  </div>
 </body>
</html>
