3870 6150
178 240 243 297 itti
620 243 761 300 siusuli.
783 243 826 299 ‚itt
845 244 924 298 Sillii.
947 243 989 297 ix.
1007 272 1040 283 -
1061 243 1181 298 lSllltlltl
1202 241 1415 298 deditionis
1793 245 1859 299 tros

212 349 255 406 lll.
270 351 409 404 Praeterea
428 347 524 403 iudico
546 349 611 420 quia
633 350 668 406 de
681 355 775 406 vestro
799 367 886 424 opere
905 352 993 409 erevit
1002 363 1032 437 Α
1042 351 1196 406 elationem
1209 349 1293 406 cadit.
1306 349 1378 419 Quid
1391 364 1461 421 ergo
1474 349 1504 404 in
1518 349 1563 404 bis
1581 348 1743 421 agendum,
1760 348 1817 404 nisi
1830 355 1862 404 ut

176 441 206 496 in
220 441 348 497 laudibus
368 442 417 498 Dei
431 443 485 498 hoe
505 443 583 515 qnod
599 443 633 500 de
652 444 835 502 dilectissimo
853 447 912 503 illio
927 464 993 505 meo
1043 445 1187 517 malignus
1200 443 1326 517 spiritus,
1338 442 1537 499 cumnobised
1547 441 1717 499 elevandam
1729 448 1858 499 mentem

177 535 299 591 Probino
311 538 440 608 cognovi,
455 538 522 610 quie
535 555 600 594 cum
614 543 717 595 vestris
734 541 914 597 excellentiss
927 559 993 597 con·
1042 534 1152 590 reducit
1160 534 1235 589 h⁰n³
1244 550 1308 605 <111ae
1320 533 1441 607 egimus,
1455 549 1570 604 temper
1578 548 1632 588 110⁵
1641 531 1679 588 ad
1688 531 1858 588 memmiae

175 628 352 686 stitutionem
371 631 527 702 quamdam
544 637 644 688 eontra
656 633 823 690 iudeorum
843 636 992 708 perfidiam
1041 631 1139 686 nostre
1159 627 1239 685 melo
1257 644 1430 696 revocemus,
1444 626 1575 700 quamvis
1594 628 1623 683 et
1635 626 1735 682 nostis
1755 642 1858 698 cogno

175 721 307 790 dedisset,
323 723 365 794 hi,
380 725 414 780 de
429 724 532 797 quibus
546 726 779 798 penestrinensi,
791 728 992 789 rectitudinem
1041 740 1152 780 snmus
1165 739 1226 778 esse
1240 739 1304 795 cue
1317 721 1460 795 peeeeudo
1478 721 1607 789 fecimus,
1621 719 1712 776 solius
1726 720 1859 793 omnipo-

175 816 280 872 mentis
291 822 393 872 vestroe
406 818 564 890 inflectere,
576 819 763 891 pecuniarum
775 839 915 879 summam
927 825 992 881 offe
1041 819 1127 874 tentis
1139 817 1190 873 liei
1204 833 1336 887 munera,
1349 832 1414 872 eum
1427 819 1542 888 peccata
1556 814 1760 870 declinamus?

175 909 276 980 rende,
297 912 389 968 moliti
412 917 488 984 sunt,
511 929 597 985 quam
621 915 787 971 excellentia
808 921 901 973 vestra
923 936 990 975 cou-
1077 914 1108 968 V.
1124 912 1316 969 eustodiendo
1336 925 1450 983 quoque
1469 912 1512 965 est
1526 908 1671 964 munditia
1689 909 1821 980 eorporis
1833 910 1861 964 in

175 1005 299 1076 tempsit,
317 1010 345 1061 et
360 1007 550 1078 omnipotenti
569 1008 627 1063 lieo
643 1008 755 1078 plaeere
777 1025 908 1081 qureerens
920 1029 991 1070 auro
1041 1007 1233 1063 studiisbenae
1246 1005 1376 1072 eufimie,
1387 1003 1549 1076 quiujuxto
1561 1019 1664 1059 V⁰⁰0m
1678 1001 1862 1074 proedicasstis

176 1096 370 1154 innocentiam
384 1100 520 1170 praetulit.
537 1099 599 1165 Qua
618 1102 648 1156 in
672 1119 703 1156 re
720 1102 790 1157 mihi
814 1104 900 1159 [levid
915 1107 992 1178 regis
1041 1100 1177 1172 Apostoli,
1193 1122 1207 1150 ιι
1220 1099 1370 1171 Templum
1397 1097 1448 1152 liei
1470 1100 1602 1152 sanctum
1621 1100 1677 1164 est,
1695 1096 1775 1168 quod
1799 1098 1861 1151 estis

175 1191 281 1247 iactum
294 1192 510 1248 admemoriam
524 1195 611 1263 veuit,
621 1195 666 1249 cui
677 1196 746 1251 dum
756 1200 907 1270 concupita
916 1217 992 1272 aqua
1040 1211 1092 1250 vus
1104 1195 1128 1264 (l
1143 1197 1203 1252 Gor.
1220 1210 1260 1262 ιιι,
1279 1195 1332 1263 ¹⁷l·
1343 1211 1357 1244 ιι
1369 1191 1423 1257 Qui
1437 1206 1537 1246 rrrrsus
1547 1191 1604 1246 ait:
1617 1210 1631 1242 ι
1650 1190 1718 1245 llrec
1728 1192 1775 1245 est
1788 1189 1860 1245 euim

176 1283 212 1339 de
228 1285 349 1341 cisterna
364 1287 561 1343 bethlemitica
578 1305 642 1361 ques
663 1290 738 1345 inter
753 1292 871 1347 hostiles
887 1310 992 1351 cuneos
1041 1292 1169 1346 voluntas
1189 1290 1251 1360 liei,
1271 1287 1452 1344 sanctificatio
1472 1287 1605 1358 vestrati
1625 1288 1720 1343 Tite-ts.
1740 1302 1778 1355 ιι,
1795 1286 1830 1356 3),
1846 1306 1859 1337 ι

174 1377 342 1446 hebebatur,
352 1381 388 1434 ab
398 1380 622 1454 obsequentibus
630 1383 767 1440 militibus
776 1385 874 1442 suisset
883 1387 989 1459 oblata,
1040 1400 1127 1457 quent
1148 1381 1401 1439 sanctificationem
1421 1380 1524 1437 ιιιιειιι
1545 1378 1706 1436 ostendeus
1730 1378 1861 1452 protinus

177 1472 308 1542 protinus
330 1473 400 1529 dixit
416 1491 422 1530 :
438 1474 518 1531 Absit
535 1492 612 1532 ame
632 1482 664 1532 ut
686 1478 852 1550 sanguinem
872 1481 991 1539 istorum
1040 1477 1217 1551 adimplevit,
1227 1498 1241 1527 ιι
1250 1479 1282 1532 ut
1290 1473 1452 1531 abstineatis
1462 1473 1751 1543 vosaiornieatione,
1759 1474 1860 1528 etsciat

176 1564 324 1623 hominum
341 1567 438 1624 bibam
452 1570 490 1640 (ll
499 1573 564 1640 Req.
578 1586 655 1639 xxtu,
674 1574 716 1643 lh,
737 1573 789 1643 ir).
811 1573 904 1639 Quam
923 1576 992 1647 quia
1039 1571 1235 1644 unusquisque
1249 1574 1376 1625 vestrum
1389 1584 1472 1624 suum
1486 1584 1535 1623 vas
1549 1567 1698 1639 possidere
1712 1567 1745 1621 in
1759 1568 1858 1622 sancti·

175 1659 259 1728 rudit,
277 1665 305 1717 et
325 1661 424 1718 bibere
448 1664 549 1731 uoluit,
567 1665 703 1736 scriptum
728 1670 790 1721 est:
809 1687 823 1720 ι
839 1669 872 1723 Et
893 1669 992 1727 libavit
1040 1665 1171 1721 ficatione
1190 1667 1219 1719 et
1238 1664 1357 1734 bonore,
1372 1667 1400 1719 et
1414 1677 1474 1717 non
1487 1661 1518 1716 in
1531 1660 1715 1733 passionibus
1729 1660 1858 1716 desiderii

176 1769 238 1808 eam
256 1756 378 1811 Domino
392 1757 482 1827 (leid,
501 1757 555 1830 te).
573 1780 587 1808 ιι
604 1758 630 1815 Si
645 1759 734 1831 igitur
749 1760 784 1815 ab
800 1765 909 1817 armato
923 1779 990 1836 rege
1000 1734 1029 1809 Β
1040 1759 1121 1831 (ibid.
1136 1776 1172 1829 ιι,
1188 1759 1223 1830 5).
1245 1779 1259 1808 ιι

81 1912 84 1917 ,
175 1848 205 1903 in
218 1849 388 1905 sacrificium
402 1851 453 1906 [lei
466 1868 546 1906 verse
559 1856 601 1907 est
614 1870 688 1925 aque
703 1857 875 1926 contempta,
889 1873 989 1928 pense·
1074 1847 1858 1925 Vl.Ipsoquoqueguberssflsstlhelssflfflbifflifflmassm

177 1957 242 1998 mus
255 1944 337 2015 quale
353 1944 520 2000 sacrificium
536 1946 727 2018 omnipotenti
741 1949 799 2004 ileo
814 1965 865 2004 rex
879 1950 990 2020 obtulit,
1040 1951 1107 2002 sunt
1130 1945 1325 2001 moderamine
1347 1942 1543 2014 temperanda,
1563 1958 1600 1997 ne
1622 1944 1758 2013 potestas
1777 1941 1857 1996 menti

175 2035 223 2108 qui
234 2053 285 2108 pro
299 2053 395 2093 eruore
406 2038 481 2094 illius
491 2056 550 2094 non
562 2041 739 2112 aquem,sed
749 2058 852 2099 aurum
863 2045 990 2117 accipere
1040 2039 1186 2111 subrepat.
1209 2041 1287 2095 Tunc
1311 2037 1389 2092 euim
1413 2051 1537 2108 regnum
1558 2035 1635 2090 bene
1657 2033 1786 2106 regitur,
1800 2050 1856 2089 eun

175 2131 354 2201 contempsit.
388 2133 497 2204 ltaque,
520 2132 560 2187 fili
596 2134 843 2204 excellentissime,
870 2136 992 2193 fidenter
1040 2132 1181 2205 regnandi
1204 2132 1293 2204 gloria
1314 2130 1486 2185 animonon
1503 2126 1682 2183 dominetur.
1696 2127 1857 2186 eurandun

174 2221 278 2292 dicam,
291 2223 358 2294 quie
370 2223 465 2279 libasti
478 2241 579 2281 aurum
596 2227 716 2282 Domino
728 2229 806 2300 quod
817 2232 913 2285 contra
924 2247 991 2287 eum
1040 2243 1156 2300 quoque
1176 2230 1267 2280 estne
1288 2225 1331 2280 ira
1355 2223 1502 2296 subrepat,
1515 2222 1662 2294 faciatque
1677 2221 1767 2277 citius
1781 2237 1857 2277 omne

175 2314 281 2370 babere
297 2316 424 2372 uoluisti.
887 2329 890 2339 ¹
1040 2321 1115 2393 quod
1143 2320 1218 2375 licet.
1240 2321 1284 2374 lra
1307 2315 1413 2390 quippe
1442 2315 1530 2372 etiam
1555 2331 1622 2371 cum
1653 2313 1856 2388 deliquentium

209 2409 253 2464 lll.
266 2410 366 2482 blegne
376 2415 443 2467 sunt
455 2412 517 2467 haec
532 2416 562 2468 et
575 2415 779 2486 omnipotentis
793 2417 843 2472 liei
861 2418 992 2474 laudibus
1039 2414 1137 2486 culpas
1151 2411 1285 2484 exquirit,
1295 2426 1353 2466 non
1369 2409 1452 2466 debet
1464 2409 1554 2465 menti
1566 2408 1653 2481 quasi
1664 2407 1857 2481 dominaprte

174 2502 332 2559 reserenda.
347 2505 402 2561 Sed
414 2506 492 2561 inter
506 2507 568 2562 hoec
583 2508 711 2580 vigilanti
727 2514 793 2567 sunt
807 2511 901 2566 studio
916 2512 989 2567 anti-
1039 2509 1091 2575 ire,
1107 2507 1157 2563 sed
1171 2510 1235 2579 post
1249 2504 1369 2560 rationis
1382 2507 1498 2575 tergum
1512 2501 1709 2558 velutancilla
1721 2501 1854 2569 famulari

173 2596 223 2668 qui
237 2597 325 2652 hostis
346 2599 458 2655 insidiis
478 2601 622 2671 cavendas,
635 2602 684 2674 qui
707 2607 815 2675 quanto
836 2606 946 2677 majera
961 2606 990 2662 in
1040 2605 1071 2656 ut
1086 2601 1122 2656 ad
1135 2600 1237 2656 taciem
1246 2599 1326 2671 jussa
1339 2597 1447 2653 veniat.
1471 2598 1540 2653 Nam
1556 2595 1580 2651 si
1601 2597 1696 2653 semel
1716 2596 1856 2670 possidens

174 2689 337 2746 bominibus
347 2692 422 2748 dona
437 2696 585 2767 conspicit,
601 2699 681 2752 tanto
694 2697 755 2753 hate
771 2697 883 2755 auferre
898 2699 989 2755 subti·
1039 2699 1167 2750 mentem
1188 2693 1315 2765 coeperit,
1328 2692 1439 2763 justum
1452 2705 1512 2746 esse
1531 2690 1765 2763 reputat,etia1u
1788 2689 1855 2762 quod

171 2782 288 2837 lioribus
303 2784 412 2841 insidiis
431 2788 567 2859 exquirit,
583 2805 675 2860 neque
691 2790 768 2844 enim
788 2792 939 2847 latrunculi
958 2795 989 2848 in
1038 2788 1192 2844 crudeliter
1204 2786 1281 2842 facit.
1297 2786 1366 2841 ilinc
1379 2784 1457 2840 enim
1470 2784 1609 2856 scriptum
1624 2789 1688 2841 est:
1703 2807 1719 2836 ιι
1731 2784 1854 2841 lraenim

172 2875 217 2931 via
240 2892 342 2948 capere
362 2879 484 2935 viatores
505 2897 610 2936 vacuos
631 2886 778 2953 expetunt,
800 2883 848 2939 sed
872 2887 989 2957 eosqui
1038 2882 1091 2937 viri
1106 2881 1248 2954 justitiam
1271 2879 1320 2935 [lei
1343 2895 1402 2936 nou
1417 2882 1553 2950 operatur
1568 2879 1636 2949 ttae.
1654 2894 1674 2948 ι,
1687 2880 1752 2950 20);
1768 2898 1783 2931 ιι
1797 2879 1855 2932 hino

174 2969 237 3023 auri
251 2970 364 3024 vascrde
377 2972 421 3026 vel
442 2973 554 3044 argenti
569 2974 679 3039 ierunt;
692 2975 739 3030 via
755 2981 797 3031 est
812 2978 918 3050 quippe
932 2978 990 3037 vita
1039 2992 1153 3031 rursum
1169 2974 1274 3030 dieitur
1290 2991 1296 3028 :
1315 2973 1384 3029 «sit
1396 2973 1489 3027 omnis
1501 2972 1588 3027 homo
1598 2972 1683 3028 velox
1693 2972 1733 3027 ad
1747 2972 1855 3028 audieu-

172 3078 306 3133 proesens,
321 3067 351 3119 et
364 3068 444 3120 tanto
462 3066 565 3138 cuique
581 3084 695 3124 necesse
711 3073 754 3124 est
775 3074 808 3125 ut
821 3071 988 3128 insidiantes
1040 3068 1227 3139 dum,tardus
1240 3070 1337 3123 eutem
1349 3065 1579 3137 adloquendum,
1590 3065 1853 3121 ettardusadirem

170 3155 287 3226 spiritus
316 3161 422 3227 caveat,
448 3163 556 3232 quante
589 3162 700 3233 majora
733 3166 800 3218 sunt
822 3163 898 3220 dona
923 3182 988 3238 quoe
1039 3164 1131 3234 (ibid,
1148 3164 1200 3232 ¹9l·
1219 3183 1232 3212 ιι
1248 3162 1313 3216 lieo
1339 3162 1435 3216 antem
1458 3175 1518 3229 vos,
1534 3163 1652 3214 anctore
1676 3160 1749 3230 lieo,
1765 3159 1854 3215 omnia

170 3252 275 3320 portat.
292 3251 411 3323 Oportet
429 3269 499 3325 ergo
513 3255 714 3312 excellentiam
727 3261 851 3313 vestram
864 3259 894 3313 in
908 3262 988 3315 tanto
1038 3272 1150 3312 servare
1176 3272 1235 3310 non
1255 3253 1382 3325 ambigo,
1407 3253 1456 3309 sed
1478 3252 1625 3308 occasione
1651 3252 1854 3309 admonitionis

171 3342 223 3398 boc
240 3343 277 3399 de
299 3346 482 3403 conversione
506 3349 599 3420 gentis
622 3349 742 3405 subditus
767 3329 887 3406 munere
911 3354 989 3424 quod
1039 3355 1143 3418 exorta,
1159 3349 1242 3405 bonis
1260 3348 1362 3403 vestris
1377 3346 1486 3402 actibus
1506 3361 1553 3401 me
1575 3345 1682 3402 furtive
1705 3347 1852 3418 subjungo,

170 3438 287 3509 accepit,
298 3455 483 3511 summopere
497 3442 640 3497 custodire
653 3442 780 3514 primum
796 3445 987 3502 bumilitatem
1037 3448 1070 3501 ut
1077 3443 1219 3516 quodnon
1227 3441 1368 3499 admoniti
1384 3439 1477 3496 tacitis
1486 3439 1600 3511 quaudo
1610 3439 1694 3495 vobis
1704 3440 1854 3495 admonens

169 3530 272 3601 cordis,
288 3549 321 3587 ae
344 3533 447 3589 deinde
469 3536 642 3592 munditiam
664 3538 801 3609 eorporis.
816 3539 886 3593 Cum
910 3539 987 3594 enim
1037 3537 1159 3605 additur,
1172 3537 1233 3609 jam
1254 3553 1311 3592 non
1332 3534 1385 3590 soli
1405 3533 1524 3589 faciatis.
1546 3532 1741 3606 Omnipotens
1763 3538 1852 3589 autem

170 3625 308 3699 scriptum
321 3628 377 3684 sit:
397 3651 410 3679 ιι
426 3631 525 3686 Omnis
544 3632 593 3704 qui
608 3648 637 3688 se
655 3632 760 3688 exaltat
778 3633 986 3702 humiliabitur,
1038 3632 1110 3686 Deus
1129 3631 1159 3685 in
1190 3629 1297 3685 cunctis
1327 3628 1437 3683 actibus
1464 3627 1566 3682 vestris
1595 3627 1723 3683 ccelesiis
1752 3626 1853 3684 brachii

169 3720 260 3792 etqui
273 3737 302 3777 se
315 3722 448 3779 humiliat
461 3725 634 3780 exaltabitur
648 3725 722 3796 (Luc,
736 3744 812 3795 mu,
829 3726 908 3799 14)st
925 3745 988 3800 pre
1039 3724 1202 3779 extensione
1215 3739 1264 3777 vos
1277 3725 1421 3794 protegat,
1437 3719 1574 3792 vobisque
1587 3725 1618 3776 et
1633 3723 1787 3793 proesentis
1795 3721 1853 3775 vite

170 3814 243 3869 lecto
253 3815 352 3888 liquet,
364 3817 430 3889 quia
442 3818 489 3873 ille
498 3820 636 3875 veraciter
645 3820 705 3875 elta
714 3824 791 3876 amat
801 3821 849 3894 qui
860 3826 987 3877 mentem
1037 3834 1184 3890 prospere,
1200 3821 1229 3872 et
1242 3818 1305 3888 post
1316 3815 1407 3871 multa
1420 3830 1562 3870 annorum
1575 3815 1738 3886 curricula,
1753 3818 1852 3871 eterna

168 3909 298 3963 suamab
313 3910 485 3967 humilitatis
501 3913 595 3969 radice
610 3930 669 3969 non
684 3915 806 3983 desecat,
819 3932 895 3989 sape
905 3932 986 3971 nam·
1037 3911 1185 3967 concedat.
1753 3911 1763 3925 ³

169 4018 224 4073 que
238 4002 385 4076 malignus
395 4006 512 4078 spiritus
521 4008 554 4061 ut
563 4008 639 4062 bona
650 4007 784 4079 destruat,
794 4009 898 4080 quibus
907 4010 987 4081 prius
1072 4006 1125 4060 vii.
1142 4006 1255 4062 Clavem
1274 4019 1339 4059 vero
1359 4003 1506 4074 parvulam
1528 4019 1546 4057 a
1567 4002 1763 4058 saeratissimo
1784 4002 1852 4058 beati

169 4094 314 4152 adversari
328 4099 487 4155 convaluit
502 4100 539 4155 ad
552 4103 696 4173 operantis
709 4107 836 4159 mentem
847 4107 912 4174 post
925 4120 987 4175 per·
1037 4099 1111 4156 Petri
1124 4099 1244 4170 apostoli
1258 4113 1378 4169 corpore
1397 4113 1449 4168 pro
1470 4096 1531 4168 ejus
1543 4096 1753 4153 benedictione
1767 4101 1850 4152 hens-

170 4192 263 4244 actem
285 4192 480 4262 operationem
493 4194 581 4261 venit,
596 4211 717 4267 eamque
730 4197 821 4250 tacitis
836 4196 984 4268 cogitatio·
1037 4192 1176 4261 misimus,
1189 4193 1220 4247 in
1235 4207 1292 4265 que
1306 4191 1380 4247 inest
1394 4189 1502 4246 ferrum
1518 4189 1552 4244 de
1573 4189 1688 4246 eatenis
1705 4190 1851 4256 inclusum,

170 4281 254 4337 uibus
274 4283 304 4339 in
327 4284 498 4355 quibusdam
524 4286 582 4341 suis
605 4287 739 4343 laudibus
762 4288 878 4358 excutit,
895 4289 936 4344 ita
957 4291 987 4344 ut
1036 4292 1070 4342 ut
1080 4287 1156 4359 quod
1166 4286 1273 4342 collum
1286 4284 1361 4340 illius
1372 4283 1407 4339 ad
1419 4282 1588 4355 martyrium
1600 4282 1756 4355 ligaverat,
1764 4300 1812 4339 vos
1820 4283 1852 4338 ab

169 4374 288 4447 decepta
316 4393 396 4433 mens
419 4378 579 4435 admiretur
602 4381 665 4453 ipsa
687 4398 774 4454 quam
803 4381 860 4437 sint
881 4399 987 4455 magna
1038 4379 1170 4435 omnibus
1188 4378 1324 4434 absolvat.
1347 4377 1469 4434 Crucem
1491 4392 1607 4449 quoque
1621 4377 1711 4432 latori
1726 4375 1852 4450 prasenti

167 4485 231 4541 quse
262 4471 348 4541 iecit3
381 4488 444 4544 quae
476 4472 544 4528 dum
576 4492 628 4547 per
660 4476 801 4531 occultum
840 4472 1258 4546 tumoredeedimusvobis
1275 4471 1436 4541 ferendam,
1451 4471 1481 4526 iu
1496 4486 1554 4542 qna
1567 4470 1685 4542 lignum
1702 4471 1853 4527 [lominica

168 4565 243 4636 apud
253 4566 438 4638 semetipsam
455 4567 608 4637 extollitur,
622 4569 683 4640 ejus
699 4570 749 4642 qui
762 4569 871 4626 donrrm
888 4571 988 4627 tribuit
1037 4567 1128 4623 crucis
1152 4566 1238 4636 inest,
1255 4570 1283 4621 et
1308 4565 1404 4636 capilli
1426 4564 1502 4619 beati
1526 4562 1642 4619 loannis
1667 4565 1812 4637 Baptista,
1824 4579 1853 4619 ex

168 4659 257 4729 gretia
278 4661 414 4732 privatur.
433 4662 503 4717 llinc
519 4663 597 4718 enim
611 4666 654 4718 est
671 4664 748 4736 quud
772 4681 822 4736 per
838 4666 987 4738 prophetae
1037 4677 1095 4733 qua
1117 4676 1232 4730 semper
1253 4659 1387 4715 solatium
1407 4658 1496 4713 nostri
1520 4657 1690 4728 silvatoris,
1703 4675 1756 4731 per
1774 4659 1854 4714 inter·

169 4768 265 4807 vocem
280 4759 377 4810 contra
390 4756 604 4828 superbientem
619 4758 749 4813 animum
761 4758 867 4813 dicitur
883 4775 889 4813 :
906 4781 920 4808 ιι
932 4760 986 4813 lla-
1037 4753 1193 4809 cessionem
1215 4752 1398 4825 precursoris
1420 4752 1482 4824 ejus
1504 4750 1645 4806 habeatis.
1668 4751 1853 4808 Reverendis·

168 4846 239 4902 bens
253 4845 387 4902 fiduciam
412 4850 440 4905 in
456 4850 671 4921 pulchritudine
685 4855 743 4920 tua,
760 4852 901 4907 loruiceta
912 4868 942 4906 es
958 4852 987 4907 iu
1037 4848 1109 4903 simo
1124 4851 1221 4903 eutem
1237 4847 1297 4902 viro
1312 4845 1398 4916 Patri,
1415 4849 1445 4900 et
1462 4845 1631 4917 coepiscopo
1652 4849 1758 4902 nostro
1771 4845 1854 4900 Lean·

170 4940 286 4996 nomine
309 4945 357 4997 tuo
386 4944 488 5011 (Erech.
514 4961 568 5013 tivi,
597 4947 654 5013 t5l;
678 4969 692 4994 ιι
718 4945 850 5001 fiduciam
880 4945 986 5018 quippe
1037 4940 1408 5013 dropalliumabeatiPetri
1421 4939 1545 5011 apostoli
1557 4938 1625 4994 sede
1636 4939 1854 5003 transmisimus,

168 5034 274 5089 animae
288 5035 317 5089 in
329 5036 545 5107 pulchritudine
557 5055 606 5093 sua
620 5040 725 5096 habere
738 5047 780 5095 est
793 5039 822 5094 in
834 5039 988 5112 semetipsa
1038 5035 1115 5107 quod
1133 5051 1168 5090 ex
1188 5035 1305 5107 antiqua
1319 5032 1539 5101 consuetudine,
1552 5036 1582 5087 et
1596 5033 1702 5088 vestris
1722 5031 1853 5095 moribus,

169 5128 204 5183 de
213 5129 292 5200 justa
306 5129 472 5200 operatione
487 5149 674 5203 presumere.
686 5135 754 5198 Quae
764 5133 794 5188 in
804 5149 856 5188 suo
870 5134 987 5189 nomine
1038 5134 1066 5185 et
1079 5130 1140 5200 ejus
1155 5128 1278 5183 bonitati
1292 5132 1377 5199 etque
1393 5125 1528 5199 dignitati
1542 5125 1737 5183 debebamus.

168 5222 338 5294 fornicatur,
355 5223 470 5296 quaudo
484 5224 513 5281 iu
526 5225 581 5281 hoc
595 5227 669 5300 quod
686 5232 762 5282 recte
776 5227 835 5300 egit
847 5243 906 5283 non
919 5230 989 5285 Con·
1072 5227 1148 5288 item,
1162 5223 1277 5293 epistola
1291 5221 1411 5291 ejusdem
1424 5221 1461 5275 cd
1474 5219 1662 5276 Secundinum
1678 5224 1823 5280 inclusam.

170 5316 271 5371 diteris
304 5318 417 5374 laudern
454 5306 577 5375 dilatare
607 5321 728 5394 appetit,
763 5321 814 5376 sed
844 5321 989 5392 opinionis
1075 5316 1260 5372 Dilectissimo
1283 5313 1363 5370 fratri
1379 5313 1543 5381 Secuautuo,
1557 5329 1642 5370 servo
1667 5316 1731 5387 bei,
1745 5317 1855 5385 incluso,

170 5409 293 5480 gloriam
308 5413 438 5484 requirit.
451 5413 522 5469 llinc
537 5430 650 5470 rursum
668 5431 720 5487 ρει
735 5414 903 5487 prophetam
918 5414 990 5469 seri·
1040 5413 1208 5477 Gnaconrus,
1224 5424 1320 5464 servus
1334 5423 1480 5464 servorum
1496 5408 1556 5463 liei.

169 5505 250 5574 ptum
273 5506 315 5560 est
343 5523 350 5561 ε
377 5528 391 5556 ιι
415 5507 477 5573 Quo
500 5508 695 5581 pulchriores
719 5507 859 5563 descende
883 5507 987 5578 (Ειιιι.
1076 5503 1236 5560 [illectionis
1250 5507 1309 5558 tuas
1322 5501 1431 5558 litteras
1445 5501 1566 5573 suscepi,
1580 5517 1647 5574 quea
1662 5503 1695 5560 in
1704 5520 1857 5562 meosensc

169 5611 258 5666 xxxu,
273 5599 325 5668 tet.
343 5620 357 5650 ιι
371 5601 474 5656 Anima
486 5602 595 5658 etenim
610 5601 687 5658 unde
703 5606 746 5656 est
759 5599 906 5672 pulchrior
920 5600 988 5655 inde
1040 5595 1365 5655 amorismelleconditae
1375 5594 1857 5673 sapueruntoqnantaaspiratioue

170 5687 328 5760 deseendit,
344 5694 481 5764 quoniam
501 5713 534 5751 ex
548 5695 661 5752 virtutis
675 5694 779 5750 decore
795 5711 851 5765 quo
871 5693 988 5749 exaltari
1040 5687 1855 5764 vitreplenesunt,quaepergratiemSpiritusproferuntur!

171 5783 245 5852 atiud
269 5786 425 5842 [lominum
453 5788 560 5858 debuit,
581 5789 616 5844 ab
638 5789 698 5860 ejus
719 5787 810 5862 gratia
833 5805 989 5864 persuum
1041 5782 1857 5861 ttoniueiscultuseloquentiaemonverboromtypussp
