3870 6150
122 260 174 314 535
561 262 703 318 ΑΡΡΕΝΙ).
723 261 768 317 ΑΒ
786 260 867 316 SAEC.
888 259 931 314 tx.
947 286 982 300 ·-
1002 256 1125 312 lsluulu
1143 256 1356 313 sanctionis
1751 264 1795 318 tat

121 366 158 422 tis
178 365 296 422 novellis
314 367 434 423 fundare
453 369 757 441 volens,·negligentioe
778 365 1152 451 subrogansAexeitationc
1174 364 1267 435 magis
1281 364 1319 419 ad
1331 363 1555 437 intelligendum
1568 364 1724 421 verborum
1739 369 1795 424 red-

123 458 307 528 diligentiam,
324 475 374 530 pro
390 459 552 532 ignorantia
570 462 748 535 disciplinam
768 461 935 527 immittens,
987 460 1067 516 derat
1079 459 1197 531 simplex
1210 457 1321 513 collatio
1335 474 1423 530 quam
1435 459 1526 513 relata
1538 458 1691 515 condense
1707 460 1793 516 lectio·

121 567 174 622 pro
188 551 315 607 socordia
331 554 484 624 solertiam,
500 571 551 626 pro
570 555 722 610 schismate
737 555 877 609 unitatem
892 553 935 607 in·
987 553 1032 607 uis
1049 551 1209 619 instructio,
1224 551 1292 623 quia
1307 554 1335 606 et
1356 567 1456 607 revera
1469 555 1558 607 tantae
1571 552 1615 607 rei
1635 553 1793 624 mysterium

123 644 239 712 ducens,
253 662 306 716 pro
326 646 430 701 zizania
452 664 526 703 verae
544 648 622 720 pacis
637 648 782 703 vinculum
802 647 935 719 largiens,
985 646 1026 701 ita
1039 646 1196 701 sacerdotes
1209 645 1258 700 Dei
1272 645 1405 700 convenit
1424 661 1516 714 nosse,
1532 650 1565 700 nt
1581 662 1642 701 nen
1656 645 1792 717 superficie

122 754 175 811 pro
189 738 303 792 caducis
318 741 472 796 coelestium
486 741 625 797 desideria
640 741 802 809 infundens,
815 757 867 813 pro
879 743 938 794 tur·
987 739 1139 794 verborum
1153 738 1307 794 efferantur
1318 738 1466 810 incogniti,
1482 739 1532 794 sed
1545 755 1614 795 sane
1627 754 1712 794 sensu
1723 740 1792 796 intel·

120 831 206 904 pibus
219 831 339 888 honesta
359 834 460 888 sectari
483 835 641 902 stimulans,
658 852 674 889 a
686 835 806 890 terrenis
820 837 849 889 et
871 833 936 888 infi-
986 834 1113 905 ligentioe
1127 834 1305 906 reperiantur
1314 833 1453 904 instructi,
1467 836 1502 889 ut
1513 834 1543 889 in
1555 833 1722 890 disserendo
1735 852 1792 906 pra·

123 924 179 979 nris
190 925 226 978 ad
246 925 378 980 sublimia
403 927 527 998 erigens,
546 945 596 982 nos
615 929 644 983 in
668 928 721 983 hac
744 928 937 1000 lacrymarum
987 928 1070 999 cipue
1083 927 1168 998 hujus
1182 931 1287 982 saneta
1301 926 1446 981 Trinitatis
1461 943 1566 982 arcana
1583 928 1649 998 plus
1664 927 1791 984 evidentia

121 1019 193 1073 ualle
207 1019 302 1088 potius
325 1019 478 1076 morientes
496 1037 582 1092 quarn
597 1023 733 1090 viventes,
749 1022 778 1076 in
795 1022 848 1075 hoc
860 1025 953 1099 vasto·¹
988 1037 1077 1092 quam
1091 1020 1253 1091 eloquentia
1269 1036 1317 1074 eos
1333 1019 1438 1074 efficiat
1450 1024 1602 1091 saporatos.
1623 1019 1670 1075 Sic
1684 1020 1791 1077 enimet

122 1111 317 1182 periculorum
336 1112 410 1166 mari
423 1118 560 1184 vagantes
577 1115 637 1169 sinc
651 1114 771 1185 remige,
787 1114 845 1169 sine
861 1115 938 1168 clavo
989 1113 1076 1169 divini
1090 1113 1218 1168 muneris
1232 1113 1307 1168 dono
1330 1113 1443 1168 attracti
1461 1117 1537 1181 sunt,
1550 1117 1583 1168 ut
1602 1113 1683 1184 Justa
1703 1114 1790 1169 defini-

122 1203 179 1258 huc
193 1203 315 1274 illucque
326 1208 528 1277 tempestatum
543 1207 674 1262 fluctibus
688 1224 739 1278 per
749 1207 870 1278 abrupta
882 1208 937 1262 col·
988 1206 1072 1262 tionis
1101 1207 1216 1261 alternae
1240 1206 1392 1277 promissio
1416 1209 1629 1261 monstraretur
1654 1206 1685 1260 in
1708 1223 1791 1278 opere.

123 1295 201 1366 lisos,
219 1296 248 1350 iu
269 1296 404 1352 continua
426 1299 568 1354 malorum
592 1300 652 1354 acio
675 1300 873 1371 confligentes,
889 1300 938 1363 nbi
988 1300 1069 1355 Unde
1082 1299 1158 1371 quod
1171 1299 1264 1371 primo
1279 1299 1326 1354 die
1340 1299 1519 1370 praesidentis
1531 1299 1746 1371 metropolitani
1753 1300 1793 1355 lin

123 1406 174 1443 nos
199 1388 382 1445 circumstant
408 1391 484 1446 mille
510 1392 685 1460 discrimina,
708 1392 759 1446 ubi
782 1392 937 1447 versutissi·
989 1409 1044 1465 gua
1054 1393 1193 1463 protudit,
1204 1393 1248 1448 die
1259 1392 1345 1448 tertia
1355 1393 1484 1448 omnium
1494 1398 1627 1448 nostrum
1640 1408 1695 1448 vox
1705 1393 1794 1465 sigilla·

123 1499 187 1537 mus
199 1482 349 1538 insidiatur
363 1484 450 1540 bostis
464 1485 543 1540 mille
563 1485 687 1540 nocendi
702 1484 809 1541 artibus
831 1487 937 1540 instru-
989 1485 1042 1541 tim
1058 1486 1186 1541 collative
1206 1485 1332 1557 repetiit.
1347 1487 1401 1541 lste
1416 1501 1485 1557 ergo
1506 1486 1681 1559 tenor-fidei
1701 1490 1793 1541 nostre

125 1581 194 1642 ctus,
211 1591 245 1630 ex
259 1576 315 1630 alto
327 1576 387 1631 caeli
403 1577 546 1633 domicilio
560 1579 714 1650 respiciens
724 1578 872 1649 asperitati
886 1595 938 1634 no·
988 1580 1037 1651 qui
1052 1583 1081 1634 ot
1093 1596 1110 1634 a
1124 1579 1215 1650 capito
1229 1579 1342 1651 copiose
1356 1579 1501 1651 produxit,
1515 1584 1573 1635 cta
1588 1578 1728 1634 membris
1741 1595 1795 1654 pro·

125 1672 239 1724 stratae
263 1686 443 1725 occursuram
469 1672 592 1741 praebuit
616 1675 643 1727 et
667 1673 759 1739 saluti,
773 1688 939 1744 praeparans
988 1672 1071 1727 batus
1085 1672 1204 1743 gloriose
1219 1672 1345 1727 emicuit.

125 1762 230 1817 nostris
243 1764 352 1818 saeculis
365 1763 491 1835 religiosi
504 1765 641 1836 principis
656 1770 783 1821 mentem
806 1745 977 1820 devotamB
1024 1765 1202 1821 Contltemur
1215 1770 1244 1820 et
1264 1765 1405 1822 credimus
1426 1769 1553 1820 sanctam
1575 1770 1662 1839 atque
1681 1766 1796 1823 incitati·

124 1856 232 1927 pariter
246 1869 274 1912 et
288 1856 467 1912 instructam.
487 1858 573 1928 Cujus
594 1859 719 1929 providae
743 1858 939 1914 sollicitudinis
988 1859 1047 1913 lem
1060 1858 1240 1927 Trinitatem,
1256 1860 1379 1927 Patrem,
1391 1862 1420 1914 et
1432 1859 1547 1927 Filium,
1559 1863 1588 1914 et
1599 1860 1739 1931 Spiritum
1748 1877 1797 1915 san·

124 1954 198 2016 voto,
219 1953 246 2005 et
268 1951 316 2005 lux
339 1951 523 2005 conciliorum
547 1956 679 2007 renovata
705 1951 893 2023 resplenduit,
912 1956 940 2007 et
990 1955 1077 2021 ctum,
1092 1969 1182 2007 unum
1194 1953 1284 2007 Deum
1299 1952 1466 2008 naturaiiter
1479 1968 1548 2020 esse,
1562 1953 1649 2008 unius
1675 1953 1794 2009 substau-

7 2083 9 2087 .
123 2042 233 2096 alterna
244 2042 365 2098 charitas
374 2061 403 2098 se
412 2050 511 2098 mrrtuo
519 2043 549 2098 in
558 2044 734 2115 corrigendis
746 2045 789 2100 vel
798 2044 940 2100 instruen·
988 2045 1046 2112 tice,
1062 2045 1146 2099 unius
1171 2051 1289 2112 naturae,
1303 2045 1389 2100 unius
1409 2062 1523 2117 quoque
1545 2046 1704 2117 majestatis
1723 2052 1795 2119 atque

125 2135 169 2189 dis
184 2136 312 2191 moribus
325 2136 466 2206 excitavit,
477 2137 546 2191 dum
557 2140 584 2191 et
598 2137 775 2209 aggregandi
784 2137 867 2192 nobis
876 2137 940 2192 hor·
989 2138 1111 2193 virtutis.
1127 2139 1161 2193 Et
1175 2139 1287 2193 Patrem
1299 2138 1416 2209 quidem
1429 2154 1486 2192 non
1500 2139 1642 2210 genitum,
1656 2155 1717 2194 non
1731 2156 1793 2194 crea·

123 2231 185 2282 tatu
198 2228 334 2299 principis
350 2229 466 2299 gloriosi
476 2229 595 2284 facultas
605 2230 669 2285 data
679 2234 768 2299 est,ct
778 2233 941 2302 opportuna
989 2235 1061 2298 tum,
1078 2230 1126 2285 sed
1141 2229 1303 2301 ingenitum
1326 2230 1504 2302 profitemur.
1531 2233 1593 2303 lpse
1606 2232 1686 2287 enim
1702 2233 1794 2288 anulb

124 2320 300 2391 corrigendis
315 2326 474 2394 praeparata
487 2326 515 2378 et
528 2322 676 2394 disciplina
692 2326 731 2392 ut,
748 2322 797 2394 qui
816 2324 941 2378 decursis
990 2323 1133 2394 originem
1147 2323 1233 2394 ducit,
1250 2340 1283 2378 ex
1297 2340 1354 2395 quo
1366 2328 1395 2379 et
1408 2324 1494 2379 Filius
1506 2324 1696 2395 nativitatem,
1707 2331 1734 2380 et
1745 2325 1794 2396 Spi-

124 2413 213 2485 longe
233 2417 299 2468 ante
311 2415 488 2486 temporibus
507 2419 570 2487 post
586 2416 683 2472 decem
702 2417 731 2471 et
744 2421 817 2485 octo,
834 2416 942 2471 scilicet
990 2415 1061 2470 ritus
1081 2419 1194 2471 sanctus
1215 2416 1425 2487 processionem
1449 2417 1567 2489 accepit.
1592 2418 1667 2472 Fons
1690 2422 1793 2490 ergoet

124 2506 284 2562 labentium
296 2523 439 2563 annorum
453 2525 615 2577 excursum,
630 2509 660 2563 in
674 2525 764 2564 unum
783 2509 940 2565 meruimus
990 2509 1070 2579 origo
1086 2509 1172 2563 totius
1194 2509 1349 2565 divinitatis
1370 2510 1429 2581 ipse
1451 2514 1503 2566 est.
1518 2511 1579 2582 lpse
1598 2527 1714 2582 quoque
1726 2511 1792 2565 Pater

125 2601 277 2673 aggregari
289 2606 471 2670 conventum,
479 2602 582 2658 mereri
596 2603 735 2674 possimus
748 2602 868 2675 spiritali
878 2619 941 2676 gra·
990 2602 1112 2657 essentia
1119 2602 1237 2673 quidem
1250 2602 1398 2658 ineffabilis
1408 2603 1574 2659 substantias
1583 2620 1643 2658 sum
1653 2604 1751 2659 Filium
1758 2603 1790 2657 iu·

124 2693 165 2749 tia
178 2693 336 2765 sanitatem,
352 2711 404 2749 nec
419 2696 496 2750 enim
517 2712 657 2751 numerus
675 2696 728 2750 iste
742 2695 852 2750 alienus
867 2702 942 2751 esta
991 2694 1142 2750 effabiliter
1155 2695 1264 2765 genuit,
1282 2711 1334 2750 nec
1344 2698 1442 2751 lamen
1456 2697 1533 2752 aliud
1546 2713 1635 2767 quam
1652 2697 1727 2768 quud
1743 2697 1790 2767 ipse

126 2785 226 2854 salute,
237 2786 276 2841 sic
290 2787 396 2859 quippe
409 2788 535 2844 «mulier
546 2788 596 2843 illa
608 2788 638 2842 in
651 2788 801 2858 Evangelio
812 2788 941 2843 tersenis
990 2791 1041 2856 est,
1057 2787 1166 2858 genuit,
1175 2787 1249 2841 [leus
1263 2789 1362 2855 ileum,
1372 2789 1422 2843 lux
1435 2789 1541 2843 lucem.
1554 2789 1598 2843 nb
1612 2789 1677 2861 ipso
1687 2804 1749 2860 ergo
1758 2789 1790 2842 est

126 2894 268 2934 annorum
293 2881 455 2935 excursibus
471 2897 555 2935 curva
571 2882 643 2949 (Luc.
666 2896 725 2948 nur,
743 2885 785 2951 ll,
799 2885 825 2935 et
844 2881 910 2950 seq.)
926 2902 939 2930 »
991 2879 1082 2933 omnis
1106 2898 1120 2931 a
1143 2880 1301 2950 paternitas
1327 2879 1356 2934 in
1381 2881 1451 2935 coelo
1472 2887 1501 2936 et
1524 2881 1553 2935 in
1578 2884 1655 2935 terra
1673 2881 1788 2952 (prur,

125 2988 189 3043 quae
210 2974 333 3045 figuram
353 2974 440 3028 totius
454 2972 574 3028 humani
597 2973 711 3044 generis
736 2973 864 3044 gestabat
889 2974 941 3029 sub
992 2972 1049 3042 t5);
1062 2994 1075 3021 o
1091 2972 1193 3026 Filium
1203 2988 1316 3044 quoque
1327 2973 1362 3028 de
1373 2973 1529 3029 substantia
1548 2974 1640 3029 Patris
1656 2974 1716 3030 sine
1724 2972 1790 3028 initio

126 3070 304 3122 sacramento
318 3066 404 3137 huJus
419 3067 534 3122 numeri
555 3066 652 3121 salutis
673 3065 801 3137 pristinae
820 3067 940 3122 sanitate
950 3105 978 3180 C
990 3068 1055 3119 ante
1069 3065 1170 3119 saecula
1180 3071 1289 3132 natum,
1304 3081 1356 3120 nec
1368 3071 1465 3121 tamen
1478 3068 1585 3122 factum
1600 3083 1662 3123 esse
1674 3067 1789 3129 fatemur,

127 3158 258 3214 donetur.
267 3160 321 3214 Nos
330 3175 398 3231 ergo
407 3175 647 3230 perannuscurvo
659 3159 748 3213 nostri
762 3159 869 3214 ordinis
877 3175 940 3230 per·
990 3157 1057 3229 quia
1071 3173 1124 3212 nec
1138 3158 1222 3212 Pater
1236 3158 1296 3212 sine
1309 3156 1390 3226 Filio,
1407 3175 1460 3214 nec
1482 3159 1568 3213 Filius
1583 3159 1645 3214 sinc
1665 3161 1742 3214 Patre
1753 3157 1791 3213 ali·

126 3250 242 3306 sistente
253 3256 337 3322 statu,
352 3252 382 3306 in
395 3268 428 3306 eo
441 3251 519 3324 quod
532 3251 611 3306 nulla
627 3268 677 3306 nos
693 3252 880 3306 conciliorum
893 3253 939 3307 de·
989 3250 1105 3321 quando
1119 3250 1235 3305 exstitit.
1247 3251 1281 3305 Et
1292 3254 1387 3306 tamen
1404 3268 1461 3306 non
1476 3255 1505 3306 ut
1521 3252 1608 3307 Filius
1622 3251 1659 3308 de
1669 3251 1792 3318 Patraita

126 3343 217 3399 linitio
227 3345 374 3416 jungeret,
384 3346 479 3400 nullus
493 3344 580 3399 etiarn
591 3349 748 3400 conventus
761 3345 940 3400 ecclesiastici
988 3345 1070 3398 Pater
1091 3343 1126 3398 de
1147 3343 1226 3409 Filio,
1242 3344 1311 3414 quia
1327 3361 1385 3399 non
1399 3345 1512 3400 Patara
1533 3345 1613 3416 Filio,
1626 3345 1678 3400 sed
1693 3345 1796 3400 Filiusa

127 3437 236 3491 ordinis
245 3438 393 3507 adunaret,
402 3438 521 3492 tandem
533 3436 636 3492 divinar
646 3438 797 3493 voluntatis
805 3437 938 3509 imperio,
990 3437 1070 3491 Patre
1099 3436 1314 3507 generationem
1341 3438 1459 3508 accepit,
1476 3436 1562 3492 Filius
1582 3454 1654 3510 erge
1674 3439 1744 3493 Deus
1764 3435 1796 3490 de

127 3531 155 3583 et
167 3529 292 3599 religiosi
305 3529 439 3600 principis
450 3531 529 3601 jussu
545 3530 653 3585 evocati
664 3530 695 3584 in
707 3531 874 3585 Toletanam
889 3547 938 3585 ur·
989 3531 1081 3598 Patre,
1092 3530 1175 3584 Pater
1184 3533 1279 3584 autem
1293 3529 1376 3597 Deus,
1386 3530 1437 3584 sed
1447 3530 1546 3584 nonde
1561 3530 1806 3601 Filic,illeauteu1

125 3621 191 3677 bem
209 3623 408 3693 convenimus;
426 3622 475 3694 qui
490 3639 555 3678 cum
568 3622 597 3677 in
611 3623 729 3677 ecclesia
743 3623 834 3678 beatae
846 3622 940 3678 Marica
989 3622 1076 3677 Filius
1089 3622 1188 3691 Patris,
1203 3624 1232 3675 et
1245 3622 1321 3677 Deus
1334 3622 1368 3676 de
1390 3623 1482 3690 Patre,
1497 3623 1624 3695 aequalis,
1640 3626 1736 3678 lamen
1751 3633 1807 3693 per

119 3713 248 3785 ,Virginis
267 3714 369 3771 debitis
383 3716 412 3770 in
428 3715 543 3771 sedibus
562 3717 732 3783 locaremur,
748 3715 824 3771 inter
838 3720 940 3771 catera
988 3715 1083 3768 omnia
1107 3713 1191 3768 Filius
1209 3714 1267 3769 Dec
1282 3715 1370 3782 Patri,
1387 3715 1455 3786 quia
1470 3731 1522 3770 nec
1543 3715 1623 3771 nasci
1646 3716 1730 3786 coepit
1750 3714 1816 3769 ali*

124 3823 189 3878 qum
205 3808 346 3863 subterius
360 3809 480 3865 discreto
495 3809 685 3880 capitulorum
699 3808 799 3863 ordine
816 3814 883 3863 sunt
897 3808 938 3862 di·
989 3807 1112 3879 quando,
1128 3822 1179 3862 nce
1192 3806 1285 3862 desiit.
1303 3808 1353 3862 llic
1368 3807 1454 3863 etiam
1468 3808 1550 3862 ullius
1566 3824 1634 3863 cum
1646 3810 1727 3864 Patre
1736 3806 1818 3863 svrb‘

125 3906 213 3972 gesta,
227 3917 284 3955 non
299 3902 413 3959 aliunde
429 3902 556 3973 primum
570 3902 707 3973 caepimus
719 3901 825 3956 habere
836 3917 941 3955 sermo·
990 3901 1102 3955 stantiae
1124 3899 1257 3967 creditur,
1272 3903 1390 3972 propter
1408 3901 1483 3972 quod
1505 3904 1534 3956 et
1555 3903 1712 3957 homusion
1730 3888 1840 3957 Petri

126 4010 203 4061 nem,
219 3994 274 4049 nisi
294 3994 329 4049 de
349 3995 416 4049 fidei
436 3996 577 4066 puritate,
598 3999 631 4049 ut
651 3995 718 4065 quia
737 3993 881 4048 initiandis
904 3993 941 4048 ad
991 3993 1103 4062 dicitur,
1116 3993 1172 4047 hoc
1184 3995 1236 4060 est,
1248 3993 1376 4064 ejusdem
1391 4009 1457 4047 cum
1471 3996 1554 4049 Patre
1569 3993 1840 4060 substantiata*

127 4086 241 4140 beatam
253 4087 341 4141 vitam
355 4086 528 4153 hominibus,
538 4088 600 4142 haec
615 4087 708 4157 prima
721 4101 835 4156 semper
845 4090 886 4140 est
895 4086 941 4140 via
990 4102 1050 4140 mos
1060 4086 1137 4140 enim
1143 4086 1239 4140 Graece
1249 4101 1332 4141 unum
1340 4086 1441 4141 housia
1450 4103 1517 4142 vero
1525 4087 1684 4143 substantio
1693 4086 1802 4143 dicitur·
1817 4112 1840 4143 a

126 4176 235 4244 salutis,
245 4179 348 4248 praevia
359 4194 472 4249 quoque
482 4179 586 4234 nostris
599 4180 681 4234 fieret
693 4177 852 4248 praeceptis,
863 4177 941 4232 unde
990 4178 1065 4250 quod
1080 4181 1232 4250 utrumque
1251 4179 1436 4249 conjunctum
1458 4183 1540 4234 sonat
1559 4195 1614 4234 una
1639 4178 1802 4236 substantia.
1822 4204 1840 4229 a.

127 4285 214 4323 sacrae
227 4269 422 4324 instructionis
437 4286 540 4324 arcana
557 4273 720 4325 sanctorum
732 4269 847 4337 Nisam,
863 4270 938 4324 scili·
990 4287 1042 4327 nec
1056 4271 1133 4328 enim
1148 4272 1183 4326 de
1193 4271 1292 4338 nihilo,
1304 4288 1397 4343 neque
1412 4272 1447 4327 de
1462 4271 1516 4326 alia
1527 4271 1625 4343 aliqua
1638 4271 1816 4328 substantia,
1833 4298 1840 4309 ·

127 4365 171 4416 cet
197 4361 512 4433 Constantinopolitani,
528 4362 674 4434 Ephesini,
697 4365 782 4433 atque
806 4363 939 4419 Caleedo·
992 4366 1040 4421 sed
1056 4365 1094 4420 de
1104 4365 1194 4419 Patris
1207 4368 1303 4432 utero,
1315 4365 1344 4420 id
1358 4368 1409 4431 est,
1426 4364 1461 4419 dc
1475 4364 1629 4420 substanu'a
1650 4366 1713 4436 ejus
1730 4363 1840 4420 idat

126 4454 222 4510 nensis
246 4455 432 4510 conciliorum
455 4456 635 4511 monimenta
657 4456 869 4527 amplectentes,
888 4464 979 4540 perp)
990 4458 1076 4513 Filius
1090 4457 1203 4529 genitus
1217 4458 1259 4511 vel
1279 4463 1361 4512 natus
1378 4473 1440 4512 esse
1456 4458 1625 4526 credendus,
1640 4461 1684 4513 est
1700 4456 1798 4528 scmpi
1817 4472 1840 4483 ⁴

127 4565 191 4621 quaa
214 4549 347 4605 radicitus
368 4549 567 4604 hereticorum
590 4549 658 4604 falsa
682 4549 866 4604 conciliabula
887 4549 937 4604 de·
988 4554 1096 4617 ternus,
1111 4549 1163 4605 etsi
1178 4549 1272 4604 Filius.
1286 4549 1401 4614 Quodsi
1423 4551 1506 4605 Pater
1520 4565 1636 4622 semper
1656 4551 1721 4620 luit,
1734 4558 1840 4605 serr,

128 4645 285 4713 struuntur,
301 4646 329 4698 et
345 4642 411 4698 iidei
424 4643 568 4698 catholicae
582 4659 682 4697 norma
697 4642 866 4697 declaratur.
882 4643 939 4697 Hoc
989 4658 1040 4715 per
1054 4641 1155 4697 habuit
1169 4642 1269 4697 Filium
1291 4643 1371 4714 quus
1394 4643 1476 4696 Pater
1496 4648 1580 4711 esset,
1593 4645 1625 4698 et
1644 4643 1680 4698 ob
1694 4643 1749 4698 boe
1760 4636 1840 4696 Γ.»

127 4735 272 4790 communi
291 4737 458 4808 alternoque
477 4736 585 4807 judicio
610 4736 798 4804 delinivimus,
813 4739 845 4790 ut
865 4735 939 4790 hanc
988 4733 1650 4790 liumdePatrenatumsineinitiocontitemur.
1664 4733 1840 4792 uocans:

127 4827 217 4899 ipsam
234 4827 300 4884 tidei
313 4833 415 4885 nostrae
430 4831 559 4901 regulam
571 4829 664 4885 verbis
676 4829 849 4900 simplicibus
864 4829 939 4883 nite·
990 4827 1123 4882 eumdem
1139 4827 1240 4882 illium
1256 4827 1304 4882 Dei
1317 4843 1368 4898 pro
1384 4826 1508 4898 eoquod
1522 4827 1558 4882 de
1573 4828 1658 4883 Patre
1672 4828 1711 4883 sit
1725 4818 1840 4900 geuffi

126 4935 223 4976 remur
238 4922 403 4976 alternatim
417 4921 498 4977 nobis
511 4922 751 4992 singulariterque
766 4921 883 4989 reterre,
900 4920 940 4975 ita
989 4925 1044 4988 tus,
1059 4920 1173 4976 disectae
1188 4923 1298 4974 naturae
1311 4919 1523 4990 portiunculam
1541 4920 1741 4991 nominamus,
1757 4934 1815 4974 aa

125 5016 159 5068 ut
187 5013 345 5084 quidquam
370 5015 498 5070 triduum
525 5014 559 5069 de
584 5014 749 5087 hujusmodi
772 5013 937 5085 quaestioni-
989 5013 1149 5085 perlectum
1162 5014 1286 5080 Patrem,
1303 5012 1463 5082 perfectum
1477 5011 1657 5068 Filiumsiue
1670 5010 1840 5068 immiuvfl

125 5108 179 5161 bus
193 5106 345 5177 unicuique
361 5113 491 5163 nostrum
503 5107 634 5163 lectionis
649 5107 715 5162 visre
735 5106 875 5161 memoria
890 5122 939 5161 oc·
990 5106 1078 5174 tione,
1090 5106 1150 5161 sinc
1164 5104 1322 5160 delectione
1330 5104 1460 5175 genuisse
1469 5104 1710 5177 asserimus,quia
1721 5102 1840 5160 sobe)

127 5202 265 5266 curreret,
275 5199 352 5254 omni
361 5200 519 5256 sobrietatis
528 5199 696 5271 compendio
704 5199 942 5270 simplicinotare·
991 5198 1147 5254 divinitatis
1166 5201 1209 5252 est
1229 5196 1400 5267 inaequalem
1414 5196 1517 5252 uilium
1531 5214 1590 5252 non
1606 5197 1724 5254 habere.
1739 5196 1840 5252 fliffl

127 5297 174 5347 tur
187 5294 268 5363 stylo.
285 5293 395 5348 Relatio
409 5298 505 5347 tamon
522 5293 609 5363 ipsius
630 5291 800 5347 sacramenti
822 5307 892 5362 pura
914 5296 942 5346 et
992 5292 1080 5347 etiam
1103 5291 1189 5346 Filius
1211 5291 1272 5359 Dei,
1292 5292 1393 5345 natura
1417 5294 1459 5345 est
1481 5290 1580 5361 Filius,
1599 5306 1658 5346 non
1680 5286 1840 5362 opticuss

127 5385 252 5453 evidens,
277 5389 305 5440 et
324 5403 341 5439 a
361 5385 454 5456 capite
480 5385 605 5457 primum
629 5383 775 5454 inciperet,
798 5388 826 5438 et
848 5383 887 5438 sic
907 5384 942 5439 ad
992 5401 1078 5456 quern
1092 5385 1167 5440 Deus
1177 5385 1261 5439 Pater
1272 5398 1325 5438 nec
1339 5383 1494 5452 voluntate,
1508 5399 1561 5439 nec
1575 5384 1746 5440 necessitate
1759 5384 1840 5455 κθ

127 5478 259 5533 membra
271 5478 382 5549 reliqua
395 5477 567 5549 perveniret,
581 5476 671 5532 nullas
685 5476 861 5532 obscuritatis
869 5476 900 5531 iu
912 5493 942 5531 se
992 5478 1087 5532 nuisse
1102 5477 1257 5533 credendus
1267 5479 1319 5545 est,
1328 5475 1397 5548 quia
1409 5491 1462 5531 nec
1471 5475 1530 5532 ulla
1543 5475 1576 5533 iu
1588 5477 1646 5532 Deo
1659 5469 1837 5534 necesiw

126 5567 215 5625 lineas
244 5569 361 5638 habens,
389 5570 480 5625 nullas
509 5569 595 5625 ctiam
622 5570 762 5625 inusitatas
792 5568 943 5625 locutionis
992 5570 1077 5638 cadit,
1093 5587 1144 5626 nee
1160 5571 1290 5626 voluntas
1305 5566 1474 5640 sapientiam
1495 5569 1648 5641 prevenit.
1672 5569 1819 5642 apiriam!

128 5662 241 5730 regulas
255 5663 413 5730 continens,
429 5663 479 5719 sed
500 5663 610 5734 puritas
629 5662 689 5717 sola
703 5664 778 5717 esset
790 5662 867 5718 clara
882 5679 941 5719 ser·
992 5678 1105 5736 quoque
1119 5668 1259 5732 sanctum,
1271 5661 1322 5733 qui
1334 5664 1376 5717 ast
1388 5661 1473 5717 tertia
1484 5660 1516 5716 in
1528 5660 1668 5719 Trinitatc
1679 5674 1810 5736 pemeus

22 5762 27 5772 ’
120 5764 252 5821 monum,
271 5770 337 5828 quae
346 5760 448 5830 posset
463 5755 637 5813 evidentiam
649 5754 819 5830 exprimere,
834 5770 943 5831 suaque
992 5772 1084 5814 unum
1098 5762 1184 5830 atquc
1199 5756 1338 5831 aequalem
1352 5771 1418 5813 cum
1429 5755 1485 5813 ileo
1497 5754 1581 5814 Palm
1595 5760 1625 5814 et
1637 5754 1711 5813 Filio
1723 5748 1806 5813 credi·
