3870 6150
67 235 125 287 ste
689 238 924 298 baenatium!
942 243 1135 298 cerasumto.
1700 246 1752 301 snt

67 344 161 399 etiam
179 347 227 398 tuo
246 343 341 400 lavore
356 362 409 416 per
421 345 520 401 omnia
538 363 568 401 se
590 347 733 418 gaudeant
747 350 885 421 adjurari.
897 350 1070 435 Aberrimae
1080 351 1241 406 sanctiones
1251 352 1354 422 quibus
1365 351 1497 407 insanam
1507 351 1680 435 imperitiam
1692 371 1752 410 mo·

67 437 143 493 itata
162 454 209 494 xur
229 438 368 493 Kalendas
386 438 461 509 tulii,
478 440 627 511 Adelphis,
642 441 702 497 viro
718 442 886 514 clarissimo,
936 442 1212 515 nachorumdignati
1221 444 1287 498 estis
1295 445 1438 516 parcendo
1446 445 1615 517 plectere,et
1623 447 1751 504 docendo

67 531 199 587 consule.
936 537 1048 609 punire,
1064 540 1096 591 ut
1113 537 1135 591 si
1155 554 1203 591 eos
1225 537 1260 592 ad
1280 538 1476 608 poenitentiam
1499 540 1643 597 miseratio
1656 541 1753 598 divina
1825 571 1830 581 =

67 625 200 682 LXXXIX.
215 656 249 666 -·
268 629 352 696 Cujus
366 642 451 697 supro
474 629 512 684 od
531 630 701 685 Martiarum
722 632 885 701 Anqastnm.
936 630 1116 699 converterit,
1133 630 1231 685 multis
1244 630 1385 703 lacrymis,
1402 638 1459 689 eta
1472 633 1606 690 nefandis
1616 634 1751 705 caedibus,

106 719 300 776 credebamus
331 721 514 776 clementiam
540 726 662 777 vestram
690 723 716 779 id
744 716 886 779 desiderio
936 729 965 779 et
973 723 1008 778 ab
1019 723 1222 779 haereticorum
1234 723 1417 796 blasphemiis
1430 726 1584 783 diluantur.
1595 728 1676 793 Quod
1685 745 1753 785 vero

68 817 169 870 nostro
201 831 282 886 posse
318 818 464 887 praestare,
494 821 534 883 ut,
562 816 696 888 praesenti
719 818 887 875 necessitate
936 817 1079 888 piissimus
1092 817 1248 888 imperator
1260 818 1295 872 ad
1308 834 1407 874 omnes
1419 820 1566 892 episcopos
1579 822 1629 893 qui
1639 822 1754 878 Chalce-

66 912 201 980 respecta
220 908 328 964 differri
349 910 384 965 ad
410 909 598 981 opportunius
619 915 733 983 tempus
752 913 884 969 sacerdo·
936 911 1054 966 dunensi
1062 911 1169 982 syuodo
1177 910 1491 980 interfuere,roluitme
1502 914 1605 984 scripta
1616 915 1752 987 dirigere,

65 1003 155 1057 talem
184 1003 325 1073 synodum
352 1003 503 1074 juberetis,
533 1007 564 1059 ut
589 1005 693 1061 vocatis
718 1005 754 1060 de
779 1007 887 1061 cunctis
935 1003 1751 1078 quibusquoeillicdetldeisuntreguladelmitallrmarem,

65 1092 223 1163 provinciis
246 1093 438 1149 sacerdotibus
453 1110 519 1149 vera
533 1098 628 1165 posset
642 1111 703 1150 esse
726 1094 886 1151 universale
936 1097 1058 1153 libenter
1070 1098 1197 1170 implevi,
1208 1113 1260 1153 neo
1273 1098 1360 1153 fallax
1370 1098 1523 1170 quisquam
1536 1100 1680 1156 simulatio
1690 1118 1753 1156 sen·

65 1185 230 1242 concilium.
247 1187 312 1255 Sed,
325 1188 393 1258 quia
406 1204 455 1243 ros
468 1204 566 1243 amore
579 1189 724 1244 catholica
737 1189 801 1245 lidci
815 1205 884 1244 cou—
935 1191 1055 1246 tentiam
1088 1207 1185 1245 meam
1211 1191 1309 1246 haberi
1334 1192 1416 1247 vellet
1438 1192 1588 1261 incertam,
1611 1209 1676 1249 oum
1701 1211 1752 1265 per

64 1280 269 1351 gregationem
285 1296 361 1336 nunc
375 1281 437 1337 fieri
455 1281 591 1348 voluistis,
606 1298 643 1337 ne
658 1281 758 1338 devoto
772 1283 886 1338 obviare
936 1284 1649 1357 Constantinopolitanumepiscopum,cuiloetitiam
1656 1303 1752 1343 meam

63 1373 183 1428 viderer
210 1374 337 1443 arbitrio,
358 1373 477 1430 fratrem
504 1379 534 1430 et
562 1375 765 1448 coepiscopum
788 1393 885 1433 meum
935 1378 1053 1449 largiter
1065 1377 1234 1445 indicavi,in
1244 1378 1374 1433 omnium
1384 1378 1649 1450 potueritnotitiam
1657 1396 1754 1453 perve-

63 1468 250 1523 Paschasium
271 1468 308 1523 de
332 1469 432 1524 eadem
455 1471 601 1542 provincia
622 1487 685 1543 quae
699 1470 885 1527 videturesse
935 1471 1083 1543 nirequod
1096 1471 1275 1542 scripseram,
1283 1471 1494 1528 nisimaluisset
1506 1489 1605 1529 meum
1615 1472 1752 1546 gaudium

63 1562 206 1631 securior,
234 1567 395 1631 evocatum,
424 1564 473 1635 qui
498 1565 589 1620 vicem
619 1564 779 1637 praesentia
813 1581 885 1620 meae
935 1570 1027 1619 tacere
1042 1580 1130 1635 quam
1148 1565 1292 1635 repulsam
1306 1564 1349 1619 sui
1364 1564 1488 1620 ambitus
1500 1565 1655 1636 publicare,
1670 1567 1753 1623 tratri

64 1654 158 1726 possit
194 1656 312 1727 implere
349 1656 449 1726 direxi,
482 1657 639 1727 Bonilacio,
672 1658 757 1713 lratre
771 1656 885 1713 'nostro
935 1660 964 1711 et
976 1656 1141 1729 coepiscopo
1154 1673 1220 1712 meo
1231 1657 1344 1713 tuliano
1359 1658 1404 1713 cui
1421 1658 1643 1716 sollicitudinem
1656 1676 1752 1717 meam

55 1748 300 1820 compresbytero
312 1749 428 1817 sociato,
439 1750 523 1805 ethis
535 1767 607 1822 quos
620 1756 705 1806 autea
718 1733 964 1807 miseramusssin
984 1766 1099 1805 causam
1120 1749 1189 1804 lldei
1213 1749 1352 1821 delegavi,
1377 1766 1448 1822 rogo
1472 1754 1504 1806 ut
1528 1767 1594 1807 eam
1618 1751 1752 1808 fiduciam

64 1841 220 1912 adjunctis,
229 1847 392 1897 consortem
404 1842 460 1897 illis
470 1843 588 1900 fratrem
603 1861 715 1917 quoque
728 1861 827 1900 meum
839 1847 885 1901 lu·
934 1844 1063 1916 praebere
1086 1842 1244 1914 dignemini
1263 1860 1319 1915 qua
1341 1843 1437 1915 pietati
1457 1849 1557 1899 vestrae
1580 1846 1752 1916 possitquae

64 1935 177 1990 lienum
195 1935 332 1991 addentes
354 1937 529 2008 episcopum.
544 1939 621 2003 Quos
634 1955 667 1992 ea
687 1938 885 1994 moderatione
933 1937 1085 1992 universali
1103 1936 1233 1992 Ecclesia
1255 1937 1312 1991 siut
1335 1937 1482 2008 protutma
1503 1953 1666 2010 suggerem.
1680 1937 1752 1993 Data

63 2029 338 2096 universa,llomino
349 2030 668 2098 auxiliante,oredimus
683 2037 884 2103 essegesturos
934 2047 972 2086 x11
987 2030 1126 2085 Kalendas
1140 2029 1253 2101 Aprilis,
1271 2029 1401 2101 Opilioue
1420 2029 1480 2086 viro
1505 2031 1663 2087 clarissimo
1681 2047 1748 2086 con-

63 2126 96 2176 nt
106 2123 323 2193 quaecunquein
332 2125 480 2195 querelam
488 2125 885 2197 perturbationemquevene·
934 2125 1002 2179 sule.

64 2219 135 2270 runt
155 2216 191 2269 ad
211 2215 350 2271 unitatem
377 2217 456 2288 pacis
477 2224 505 2272 et
525 2218 603 2285 fidei,
618 2235 781 2291 compressa
805 2219 883 2274 omui
987 2218 1149 2272 tet-an
1161 2219 1311 2274 Montanum
1319 2219 1516 2275 Antiochenam
1530 2222 1695 2292 episcopam.

63 2307 241 2364 dissensione
268 2313 445 2375 revocentur,
471 2327 525 2367 nec
550 2312 638 2366 ullum
667 2312 696 2366 in
721 2312 883 2385 aliquorum
969 2311 1115 2376 Quantum
1139 2310 1282 2366 dilectioni
1301 2315 1357 2367 tuse
1375 2313 1487 2384 placeat
1503 2313 1665 2369 eommunis
1685 2312 1752 2369 lidei

63 2401 199 2457 cordibus
208 2403 395 2471 sacerdotum,
405 2405 449 2457 vel
460 2404 641 2473 Nestorianoe,
651 2406 695 2459 vel
707 2405 883 2461 Eutichiaua·
932 2404 1124 2460 sacratissima
1138 2404 1242 2472 unitas,
1259 2409 1287 2460 et
1299 2405 1377 2476 pacis
1388 2406 1585 2462 ecclesiastice
1600 2407 1753 2478 tranquilla

64 2494 221 2567 impietatis
233 2496 385 2567 vestigium
396 2496 585 2569 relinquatur,
598 2499 734 2569 quoniam
747 2498 885 2554 catholica
933 2497 1096 2564 concordia,
1111 2498 1272 2553 litterarum
1287 2503 1403 2555 tuarum
1420 2502 1514 2554 textus
1534 2499 1666 2570 ostendit,
1680 2516 1751 2572 quas

63 2587 137 2642 tides
152 2604 240 2660 quam
259 2588 417 2645 instmente
441 2606 493 2645 nos
517 2590 624 2662 Spiritu
640 2592 687 2646 Dei
703 2608 754 2662 per
770 2596 884 2647 sanctos
932 2592 968 2646 ad
982 2607 1033 2646 uos
1047 2591 1098 2645 lllii
1111 2592 1201 2646 nostri
1212 2592 1365 2647 llartiauus
1387 2592 1546 2664 presbyter,
1561 2598 1590 2648 et
1602 2592 1751 2666 Olympius

63 2682 163 2736 Patres
186 2698 203 2736 a
224 2681 312 2737 beatis
335 2682 471 2755 apostolis
502 2683 663 2752 didicimus,
687 2689 715 2740 ot
737 2685 881 2754 docemus,
933 2685 1068 2739 diacoma
1083 2684 1222 2753 detulere,
1237 2700 1271 2740 eo
1284 2684 1367 2739 nobis
1381 2685 1519 2756 gratiores
1530 2685 1598 2758 quid
1612 2701 1663 2758 per
1676 2686 1752 2757 ipsas
1803 2740 1808 2745 .

63 2778 202 2829 neutrum
216 2775 367 2847 subrepere
382 2776 531 2847 permittat
543 2794 680 2834 errorem.
694 2777 723 2834 Si
736 2778 804 2850 quid
814 2794 883 2850 ergo
932 2777 1058 2849 alloquia
1068 2778 1181 2833 alterna
1195 2778 1358 2845 miscemus,
1369 2782 1398 2835 et
1407 2779 1501 2850 magis
1513 2779 1661 2851 magisque
1671 2778 1753 2834 iuno·

62 2867 244 2936 morborum,
255 2869 363 2940 siquod
373 2874 417 2925 est
427 2870 588 2937 vulnerum,
598 2871 783 2943 quidsincera
796 2871 884 2943 possit
933 2875 1041 2927 tesoere
1055 2869 1178 2943 gratiam
1191 2871 1252 2940 Dei,
1265 2886 1323 2943 qua
1335 2871 1368 2926 tlt
1381 2876 1415 2927 ut
1432 2888 1485 2943 per
1496 2875 1590 2927 totum
1608 2871 1752 2927 mundum

62 2961 238 3016 correctione
249 2964 353 3028 curari,
365 2968 397 3018 ut
406 2964 443 3019 ad
452 2980 550 3019 veram
562 2965 710 3020 sanitatem
724 2971 882 3033 revocetur,
933 2965 968 3019 de
985 2964 1136 3020 manifesto
1155 2963 1302 3019 catholicae
1314 2963 1440 3020 veritatis
1454 2963 1564 3020 lumine
1581 2965 1750 3037 gaudeatur.

64 3059 207 3125 optamus.
227 3054 296 3119 Quae
314 3072 391 3112 nune
409 3057 507 3128 utique
529 3073 589 3112 nou
613 3063 696 3114 eraut
716 3058 812 3125 dubia,
829 3075 883 3114 nec
892 3100 920 3174 C
932 3057 1064 3121 Ouarmis
1090 3057 1177 3128 (quod
1200 3057 1324 3112 multum
1350 3057 1491 3127 dolemus)
1513 3056 1632 3128 quidam
1659 3057 1753 3112 adbuc

61 3147 232 3219 cujusquam
248 3148 422 3220 simplicitati
445 3150 578 3222 deinceps
596 3151 737 3218 nocitura,
751 3153 775 3205 si
795 3151 883 3207 nullis
932 3149 1005 3205 sicin
1033 3165 1127 3205 sermo
1159 3149 1263 3204 indicat
1304 3150 1488 3214 nuntiorum,
1517 3149 1651 3205 tenebras
1687 3165 1752 3205 suas

62 3256 91 3295 se
105 3241 338 3297 excusationibus
353 3243 476 3298 voluerit
490 3243 674 3313 obumbrare,
689 3260 755 3299 cum
770 3244 883 3300 absolu·
933 3242 1062 3314 diligant,
1079 3246 1109 3297 et
1127 3258 1192 3297 cum
1215 3241 1322 3314 ubique
1336 3242 1394 3298 diei
1414 3242 1552 3314 splendor
1572 3244 1690 3298 exortus
1703 3242 1750 3310 sit,

61 3335 173 3389 tionem
198 3335 309 3405 peccati
333 3352 388 3390 non
415 3335 549 3405 obtineat,
573 3337 624 3392 uisi
647 3353 713 3392 vera
734 3338 880 3394 confessio.
933 3336 1018 3391 etiam
1038 3351 1114 3391 nunc
1136 3335 1269 3391 cecitatis
1291 3351 1350 3390 sue
1373 3335 1551 3391 delectentur
1574 3335 1707 3402 obscuro,
1721 3338 1751 3390 et

62 3428 137 3492 Ouia
146 3443 214 3482 vero
226 3428 342 3499 quidam
355 3429 390 3484 de
403 3429 540 3485 tratribus
550 3431 636 3503 (quod
648 3431 709 3485 sine
718 3430 813 3487 dolore
823 3449 882 3487 uon
931 3428 1042 3501 perdita
1053 3426 1109 3484 lide
1118 3428 1179 3483 solo
1190 3433 1219 3484 et
1227 3444 1315 3484 vacuo
1324 3427 1516 3484 remanserint
1529 3427 1644 3484 nomine
1658 3427 1751 3483 Chris

62 3521 197 3591 dicimus)
210 3524 310 3577 contra
330 3522 458 3578 turbines
481 3523 612 3580 falsitatis
631 3541 691 3580 non
704 3525 815 3581 valuere
834 3543 881 3581 ca·
932 3523 1011 3592 tiani,
1032 3538 1091 3578 non
1119 3521 1258 3577 habentes
1284 3521 1517 3593 intelligentiam,
1542 3537 1598 3594 qus
1621 3536 1751 3577 errorem

63 3614 201 3669 thelicam
214 3620 314 3671 tenere
327 3617 527 3683 constantiam,
542 3617 711 3688 praedictum
725 3618 843 3675 tratrem
854 3623 884 3674 et
932 3616 966 3670 ab
988 3632 1085 3671 errore
1109 3615 1281 3683 discernant,
1297 3619 1325 3670 et
1348 3615 1555 3686 blsaphemiam
1576 3613 1697 3670 Nestorii
1715 3613 1751 3669 ab

61 3708 264 3780 coepiscopum
279 3710 446 3766 menmvice
459 3726 524 3765 mea
537 3711 644 3782 synodo
664 3712 799 3768 convenit
812 3729 883 3784 prae-
933 3708 1058 3764 Eutichis
1087 3709 1233 3781 impietate
1265 3707 1452 3780 distinguant.
1482 3709 1538 3763 Nec
1569 3706 1649 3763 enim
1681 3706 1748 3763 ideo

61 3802 167 3868 sidere,
181 3806 275 3857 certus
288 3803 364 3874 quod
380 3803 487 3876 absque
500 3805 565 3860 odio
580 3809 609 3860 et
622 3805 713 3878 gratia
728 3805 834 3861 ibidem
845 3806 882 3861 ab
932 3801 1100 3857 excusabilis
1112 3801 1202 3856 rideri
1213 3801 1310 3874 aliqua
1330 3817 1429 3857 eomm
1442 3800 1553 3856 falsitas
1567 3803 1670 3873 potest,
1683 3800 1752 3873 quia

63 3895 117 3963 tris,
140 3896 245 3967 quibus
270 3897 326 3952 hoc
353 3898 560 3962 commisimus,
583 3898 738 3967 laboretur,
763 3904 882 3955 utrum
931 3896 984 3967 ipsi
1007 3895 1118 3950 suntin
1141 3910 1194 3950 sua
1215 3897 1398 3966 perversitate
1420 3894 1566 3950 contrarii.
1589 3895 1768 3949 Nemeum·

62 3987 153 4043 solius
183 3988 322 4045 hereticae
361 3991 515 4061 impietatis
552 3991 659 4046 excidio
688 3992 718 4046 in
751 3992 883 4048 omuibus
932 3988 1094 4044 Nestorium
1112 3988 1268 4044 liutichetis
1282 3987 1413 4060 discipuli
1429 3988 1616 4056 detestentur,
1630 3991 1659 4042 et
1672 3986 1749 4044 Euti-

62 4081 263 4137 Ecelesiis‘llei
288 4083 391 4138 veritas
414 4088 516 4155 regnet
543 4088 572 4139 et
596 4085 730 4140 charitas.
763 4085 833 4141 Data
856 4102 881 4140 vr
932 4082 1006 4138 eben
1020 4082 1265 4138 anathematizent
1278 4081 1396 4138 Nestorii
1413 4084 1577 4148 sectatores,
1593 4081 1749 4138 catholico-

63 4174 204 4230 Kalendas
214 4175 292 4243 tulii,
306 4176 446 4248 hdelphio
459 4176 521 4232 viro
535 4177 689 4232 clarissimo
705 4179 827 4234 consula.
933 4192 997 4232 rum
1008 4175 1116 4248 judicio
1131 4191 1197 4247 pars
1211 4177 1331 4247 utraque
1344 4176 1508 4245 damnatur,
1520 4179 1548 4230 et
1559 4175 1652 4230 ambae
1666 4174 1752 4230 simul

117 4267 171 4323 XC.
185 4297 219 4309 -·
233 4269 314 4336 cnjus
325 4284 411 4338 supro
424 4270 461 4324 ad
474 4270 644 4326 Pntchertom
665 4271 828 4341 Anpnstnsn.
932 4270 1054 4326 baereses
1066 4286 1083 4325 a
1094 4285 1214 4341 corpore
1230 4268 1361 4325 Ecclesiae
1372 4273 1548 4335 resecantur,
1561 4269 1631 4341 quia
1643 4271 1747 4324 neutra

99 4360 236 4425 Quamvis
250 4362 341 4417 nullas
356 4379 432 4418 nuuc
446 4363 556 4418 litteras
568 4368 624 4419 tuae
640 4364 753 4435 pietatis
765 4381 880 4437 accepe-
931 4363 1037 4419 falsitas
1058 4364 1209 4419 nobiscum
1230 4366 1322 4435 potest
1346 4363 1452 4419 habere
1479 4362 1670 4418 concordiam.
1694 4362 1749 4417 Neo

63 4454 130 4521 rim,
152 4454 293 4509 scribente
318 4461 414 4511 tamen
439 4456 644 4528 gloriosissimo
666 4458 803 4530 principe,
823 4456 1050 4540 nonninterest
1068 4472 1126 4528 quo
1146 4457 1293 4528 sacrilegio
1315 4455 1351 4511 ab
1371 4455 1575 4511 incarnationis
1597 4453 1750 4509 Dominicoe

62 4547 147 4602 aliter
160 4547 325 4619 dignatione
337 4549 426 4620 ipsius
439 4566 502 4604 sum
516 4551 637 4622 gavisus,
652 4568 738 4624 quam
759 4551 782 4606 si
797 4552 882 4607 etiam
934 4549 1048 4604 veritate
1055 4548 1228 4615 discordent,
1239 4549 1306 4603 dum
1313 4546 1602 4619 idquod'prarissime
1612 4545 1748 4610 scabunt,

62 4645 120 4694 tuae
141 4639 302 4696 serenitatis
319 4642 508 4697 redderentur
522 4643 652 4716 alloquia.
667 4634 747 4700 Unde
762 4660 881 4700 consue·
934 4659 986 4698 nec
1005 4641 1159 4697 auctoritas
1180 4640 1337 4713 Evangelii,
1354 4656 1407 4694 neo
1431 4639 1503 4694 ratio
1518 4640 1637 4712 recipiat
1654 4655 1749 4694 sacra·

62 4733 196 4789 tudinem
210 4751 258 4788 me
271 4735 397 4790 debitam
412 4737 468 4791 mei
488 4736 574 4792 oflicii
589 4738 716 4808 oportuit
729 4738 881 4808 custodire,
932 4736 1032 4792 menti.
1042 4737 1076 4791 Et
1086 4733 1556 4804 ideo,fratercbarissime,oportet
1568 4733 1749 4789 dilectionem

62 4843 114 4897 per
132 4843 220 4898 quam
243 4829 434 4900 significarem
460 4831 619 4887 clementiae
635 4834 735 4886 restra
754 4832 882 4887 absolute
932 4835 1012 4885 tuam
1021 4833 1082 4885 toto
1093 4829 1178 4884 eorde
1189 4828 1360 4899 perspicere,
1371 4827 1452 4898 qu'us
1465 4825 1596 4882 Ecclesiae
1607 4825 1746 4897 guberua-

63 4936 108 4976 me
123 4921 259 4993 gaudere,
276 4928 305 4977 et
326 4922 571 4978 incessabilibusa
594 4925 653 4979 Deo
676 4924 809 4995 precibus
830 4941 882 4997 po·
932 4920 1577 4993 culistellomiuusrolueritprresidere,etejus
1585 4919 1749 4976 meminisse

61 5016 179 5083 stulare,
193 5018 225 5070 ut
238 5031 287 5070 vos
301 5020 329 5071 et
343 5018 477 5072 llomanre
493 5017 654 5090 reipublicae
667 5018 815 5073 catholicae
830 5020 881 5074 Eo·
933 5015 1079 5083 doetrinae,
1103 5032 1191 5087 quam
1219 5014 1378 5086 praecipuus
1401 5013 1596 5085 apostolomm
1619 5013 1748 5069 omnium

60 5109 155 5164 clesiae
179 5109 310 5165 inomni
336 5111 525 5182 prosperitate
546 5116 703 5167 conservet.
723 5112 763 5166 lle
785 5112 882 5183 vigore
932 5109 1111 5165 beatissimus
1141 5109 1239 5163 Petrus
1267 5125 1318 5179 per
1339 5110 1433 5163 totum
1461 5108 1604 5164 mnndum
1632 5107 1747 5177 quidem

59 5207 158 5258 autem
173 5202 240 5258 lidei
251 5208 351 5258 vestre
367 5204 445 5276 quod
459 5204 655 5260 indesinenter
664 5205 786 5261 Domino
800 5206 882 5261 sacri·
934 5202 1068 5258 uniformi
1091 5201 1304 5274 praedicatione,
1326 5201 1376 5256 sed
1397 5200 1512 5272 speciali
1532 5197 1697 5270 magisterio
1719 5197 1749 5251 iu

59 5297 160 5352 tioium
188 5295 280 5352 laudis
301 5297 418 5364 otlertis,
444 5303 563 5369 quantas
585 5300 642 5354 Iloo
666 5300 771 5370 gratias
796 5316 881 5371 agam
931 5295 1107 5352 Antiocheno
1129 5300 1158 5351 et
1175 5296 1303 5350 llomana
1327 5294 1396 5349 urbe
1417 5293 1602 5361 fundavit,ut
1622 5288 1749 5344 illumin

59 5406 196 5446 enarrare
211 5407 269 5446 non
284 5391 371 5463 valeo,
387 5397 526 5463 quantum
549 5391 726 5464 principibus
743 5392 882 5464 temporis
932 5380 990 5446 sirae
999 5388 1212 5463 glorificationis
1219 5386 1656 5458 domicilioprseeminentem,ea
1667 5381 1748 5437 iutel-

57 5484 152 5539 nostri
165 5500 222 5539 nou
234 5484 328 5540 solum
349 5485 508 5557 potentiam
530 5486 651 5557 regiam,
666 5485 715 5540 sed
734 5485 821 5541 etiam
837 5503 880 5541 sa·
931 5484 1004 5557 ligas
1017 5499 1164 5554 reposcere
1177 5482 1307 5537 instituta
1325 5496 1389 5552 quae
1407 5477 1534 5543 tradidit,
1548 5475 1621 5531 sicut
1636 5474 1672 5529 ab
1685 5475 1749 5546 ipsa

56 5577 236 5632 cerdotalem
246 5579 543 5649 cognoscimusinesse
556 5579 723 5634 doctrinam.
735 5579 882 5636 iudicante
933 5593 1018 5649 quam
1040 5577 1186 5632 confessus
1208 5579 1251 5630 est
1274 5574 1393 5628 veritate
1415 5569 1546 5640 suscepit.
1572 5568 1669 5639 Neque
1691 5567 1748 5623 ullo

54 5671 139 5728 enim
155 5670 242 5726 tratre
261 5687 327 5727 meo
340 5673 454 5729 tuliano
476 5672 620 5744 episcopo,
635 5677 828 5743 pervenerunt
845 5673 881 5728 ad
932 5671 1016 5727 modo
1039 5670 1115 5726 siuas
1128 5670 1157 5725 in
1172 5666 1360 5724 Orientalibus
1378 5662 1509 5719 Ecclesiis
1523 5659 1704 5733 maximeque
1718 5661 1748 5716 in

52 5781 112 5821 nos
125 5764 155 5818 in
173 5764 385 5835 exemplaribus
401 5767 616 5838 perceptionum
631 5771 791 5823 vestrarum
804 5767 879 5822 salu·
932 5764 976 5821 bis
991 5780 1062 5837 quas
1075 5762 1260 5821 Antiochense
1282 5757 1342 5816 sedi
1360 5755 1619 5815 sacratissimorum
1632 5756 1760 5810 mamm
