3870 6150
56 230 122 296 {93⁴
689 226 926 282 DECREThLlUll
945 226 1137 282 contactio.
1286 270 1292 277 .
1692 230 1741 286 tot
1788 248 1790 253 ·

53 334 105 388 nisi
119 333 150 388 in
166 335 314 405 pulverem
334 333 416 401 itant,
431 336 515 406 atque
529 333 558 389 in
574 335 669 390 oculos
688 353 752 390 suos
766 338 870 391 terram
882 347 1071 420 Amoueruus
1091 336 1281 406 prudentiam,
1296 340 1329 391 ut
1348 353 1398 408 pro
1411 339 1487 393 statu
1505 337 1635 393 Ecclesia
1650 340 1679 392 et
1691 354 1736 392 sa·

53 428 201 481 excitant?
224 429 256 482 Ei
276 427 351 483 unde
373 429 436 499 plus
458 428 641 483 detractionis
665 429 788 500 perllant
810 429 875 487 inde
925 429 1071 485 cerdotum
1087 429 1148 500 ejus
1160 446 1211 500 pro
1232 430 1337 485 viribus
1352 431 1497 486 elaborare
1516 430 1639 499 studeas,
1656 434 1685 484 ct
1698 447 1743 486 or-

53 520 143 590 magis
164 519 239 574 nihil
263 520 388 575 veritatis
407 521 527 576 vident?
551 522 628 576 Tales
651 524 759 592 tamen,
776 522 873 592 irater,
925 522 1021 578 dinem
1033 525 1137 578 sanctae
1152 523 1291 578 Romanae
1314 528 1343 578 et
1360 524 1521 594 apostolicm
1537 523 1667 578 Ecclesiae
1689 540 1742 594 per

54 613 232 682 charissime,
246 613 384 684 portandi
398 617 465 668 suut
479 617 509 668 et
527 614 702 686 corrigendi,
719 616 786 687 quia
807 617 875 671 caeci
925 616 1023 671 omnia
1038 621 1133 671 teneas
1149 619 1177 670 et
1188 615 1283 670 violari
1299 619 1459 671 sanctorum
1476 617 1587 671 decreta
1603 633 1660 670 nou
1674 632 1740 688 per·

54 710 117 759 sunt
138 709 170 761 et
190 704 277 761 duces
302 722 454 762 caecorum.
479 706 527 761 llis
551 707 716 764 charissime
740 709 874 780 respondi
924 709 1031 776 mittas,
1046 708 1094 764 sed
1108 725 1209 763 omnes
1225 725 1409 780 quoscunque
1426 709 1550 780 potueris
1563 709 1695 776 instruas,
1710 714 1742 763 ut

53 798 174 853 breviter
188 798 329 854 consultis
352 800 407 855 tuis
431 815 494 872 quae
511 803 583 855 teet
603 817 704 857 omnes
727 801 874 875 episcopos
924 801 1082 857 fructuosos
1108 800 1269 872 manipulos
1293 802 1415 857 Domino
1441 805 1638 872 representes.
1662 803 1738 856 Vale.

54 891 228 962 regulariter
240 895 339 949 tenere
361 893 538 950 mandamus.
559 894 647 950 ltram
663 897 769 966 tamen,
784 895 873 950 irater
923 897 993 951 bata
1006 911 1033 950 rx
1046 894 1133 965 lunii,
1145 893 1261 951 Claudio
1275 900 1303 949 et
1318 894 1471 949 Aureliano
1485 896 1528 963 Ν,
1544 912 1583 949 cc.
1599 911 1676 950 cous.

606 1197 817 1268 EPISTOLA
848 1198 1011 1269 FELICIS
1043 1198 1186 1268 PAPAE.

87 1367 169 1422 Facu
197 1366 347 1439 episcopus
375 1368 514 1423 universis
543 1369 682 1441 episcopis
706 1386 757 1441 per
779 1371 873 1426 Galliae
924 1370 986 1442 pria
1002 1370 1118 1440 ejectus,
1132 1372 1181 1423 aut
1198 1369 1227 1429 in
1245 1368 1409 1424 detentione
1431 1368 1528 1439 aliqua
1544 1366 1630 1422 esuis
1644 1365 1741 1421 ovibus

57 1460 213 1530 provincias
229 1460 387 1515 constitutis
400 1462 430 1515 in
445 1461 565 1516 Domino
584 1462 713 1518 salutem.
924 1463 1011 1518 inerit
1025 1465 1227 1533 sequestratus,
1241 1464 1309 1516 tunc
1326 1461 1458 1516 canonice
1472 1464 1627 1531 antequam
1638 1460 1669 1513 in
1681 1459 1739 1530 pri·

87 1553 236 1607 Bonorum
246 1569 365 1624 operum
375 1557 404 1609 et
413 1554 604 1625 spiritualium
614 1555 775 1611 studiorum
783 1557 874 1611 Deum
924 1556 998 1611 stino
1019 1555 1184 1611 restituatm·
1205 1571 1270 1609 cum
1291 1554 1370 1610 omni
1389 1553 1539 1625 privilegio
1557 1569 1609 1608 suo
1631 1552 1740 1607 honore

58 1647 200 1700 auctorem
224 1662 285 1709 esse
314 1664 370 1702 non
394 1647 511 1702 dubium
534 1652 586 1717 est,
600 1648 763 1720 quieorum
776 1648 874 1703 incitat
924 1652 952 1703 et
969 1665 1020 1703 sua
1039 1649 1136 1704 omnia
1157 1664 1221 1720 quae
1244 1647 1352 1702 insidiis
1372 1646 1554 1701 inimicorum
1576 1661 1692 1700 suorum
1714 1645 1742 1699 ei

58 1742 165 1792 nentes
177 1743 207 1794 et
218 1739 334 1811 adjuvat
346 1740 481 1796 actiones.
490 1741 570 1797 Unde
580 1742 672 1796 laetari
684 1759 731 1797 me
742 1733 910 1804 ieceruntl)
922 1742 1015 1797 ablata
1035 1743 1152 1797 luerunt
1170 1741 1282 1812 legibus
1305 1739 1551 1810 redintegrentur,
1567 1754 1620 1793 nec
1633 1753 1740 1792 convo-

56 1833 155 1903 scripta
169 1837 268 1888 restra
288 1849 320 1888 ex
335 1833 411 1889 hono
424 1833 517 1889 studio
533 1840 561 1889 et
576 1852 610 1889 ex
625 1835 789 1907 integritate
805 1834 870 1890 fidei
922 1835 989 1902 cari,
1006 1851 1058 1889 uec
1069 1834 1193 1904 judicari
1209 1833 1323 1904 poterit,
1341 1832 1394 1886 nisi
1411 1832 1471 1902 ipse
1489 1847 1541 1902 pro
1555 1848 1605 1886 sua
1617 1831 1739 1885 necessi·

57 1925 212 1980 devotionis
237 1925 312 1993 vitre,
337 1926 440 1981 seder
468 1927 623 1983 afflictione
646 1933 674 1983 et
700 1928 871 1983 contritione
921 1931 979 1982 tate
1002 1926 1131 1999 (minime
1155 1931 1250 1981 tamon
1273 1924 1454 1995 judicandus)
1475 1922 1609 1978 advenire
1638 1926 1740 1994 sponte

55 2023 145 2073 restra
157 2035 269 2091 magna
278 2035 313 2074 ex
323 2023 403 2091 parte
412 2020 571 2076 tristavere.
583 2020 678 2076 Tristis
689 2020 767 2075 enim
776 2021 871 2076 tristes
922 2021 1049 2092 clegerit.
1073 2021 1241 2074 Nullateuus
1264 2034 1334 2089 ergo
1361 2034 1377 2072 a
1400 2031 1545 2088 quoquam
1566 2015 1739 2086 respondere

55 2108 105 2178 legi
130 2108 243 2163 litteras
263 2113 379 2174 vestras,
394 2111 423 2162 et
443 2109 548 2181 scripta
566 2115 665 2164 moesta
685 2126 807 2165 maerore
820 2109 869 2163 de·
921 2117 1037 2184 rogetur
1052 2115 1204 2185 autequam
1217 2109 1402 2183 integerrime
1418 2109 1516 2164 omnia
1528 2124 1593 2180 quae
1608 2124 1660 2180 per
1672 2124 1739 2180 sug-

55 2199 109 2255 hito
122 2201 301 2272 percucurri,
316 2201 382 2272 quia
395 2202 468 2256 sicut
481 2219 534 2257 uos
552 2203 734 2258 ecclesiarum
755 2220 812 2275 pax
827 2221 869 2258 sa·
922 2205 1254 2278 gestionesinimicorum
1264 2220 1381 2259 suorum
1392 2203 1525 2257 amiserat
1536 2201 1668 2274 potestati
1680 2202 1740 2272 ejus

56 2293 260 2366 cardetumque
280 2294 341 2365 ejus
360 2295 512 2350 concordia
527 2302 555 2351 et
569 2297 759 2369 tranquillitas
780 2297 871 2368 plebis
920 2300 955 2354 ab
969 2299 1129 2355 honorabili
1144 2298 1262 2354 concilio
1276 2297 1361 2368 legali
1375 2296 1474 2352 ordine
1493 2295 1740 2366 redintegrentur;

55 2386 150 2441 andire
160 2387 233 2442 tacit
243 2387 381 2459 gaudium
392 2387 514 2457 caeleste,
526 2388 566 2443 ita
580 2405 632 2445 nos
645 2389 748 2462 affligit
761 2393 789 2445 et
798 2390 869 2461 deji-
920 2393 1025 2465 presul
1039 2408 1107 2447 vero
1130 2409 1195 2447 oum
1214 2391 1293 2446 omui
1315 2390 1426 2444 honore
1441 2388 1526 2443 statui
1541 2387 1660 2458 pristino
1675 2387 1739 2442 red-

57 2479 87 2534 cit
100 2481 235 2536 fraterna
247 2481 373 2536 afflictio.
390 2483 445 2536 Vos
459 2486 555 2538 tamen
575 2482 662 2538 nolite
680 2485 803 2538 multum
817 2483 870 2538 tri-
921 2486 1015 2556 datur,
1032 2489 1060 2540 et
1082 2484 1142 2556 ipse
1166 2483 1309 2555 dispositis
1330 2481 1523 2553 ordinatisque
1542 2480 1631 2535 libere
1654 2484 1740 2551 atque

58 2573 129 2641 stari,
144 2574 217 2646 quia
238 2574 312 2630 sicut
334 2576 396 2646 ipsa
418 2592 470 2648 per
491 2593 520 2630 se
544 2576 654 2631 Veritas
676 2577 737 2632 ait:
756 2577 816 2632 «Si
835 2577 870 2632 de
922 2595 1018 2633 secure
1048 2577 1097 2632 diu
1125 2576 1182 2631 suis
1211 2580 1278 2631 tunc
1306 2574 1487 2646 regulariter,
1512 2573 1586 2627 inira
1619 2576 1741 2644 quatuor

57 2666 160 2721 nundo
175 2667 311 2735 fuissetis,
325 2668 449 2723 mundus
462 2669 540 2742 quod
555 2686 638 2724 suurn
652 2673 712 2724 erat
727 2669 869 2741 diligeret,
921 2671 963 2725 vel
981 2671 1109 2744 quinque
1122 2675 1170 2725 aut
1185 2675 1295 2740 septem
1319 2684 1441 2735 menses,
1454 2668 1538 2738 juxta
1554 2666 1629 2737 quod
1650 2667 1739 2737 possi-

58 2757 101 2812 sed
113 2760 183 2831 quia
198 2759 234 2814 de
251 2760 306 2816 hoo
319 2761 427 2817 mundo
442 2778 501 2817 non
514 2762 590 2831 estis,
603 2763 652 2817 sed
668 2779 723 2834 ego
739 2763 811 2835 elegi
823 2779 871 2817 vos
921 2764 1014 2819 bilitas
1029 2763 1055 2818 ei
1067 2764 1163 2833 fuerit,
1177 2766 1206 2818 et
1221 2779 1277 2817 non
1290 2767 1355 2817 ante
1373 2763 1546 2817 convocatus
1569 2759 1605 2814 ad
1628 2762 1741 2830 tempus

60 2849 88 2904 de
110 2852 235 2922 mundo,
251 2859 406 2925 propterea
425 2855 486 2910 odit
504 2871 553 2911 vos
577 2856 703 2911 mundus
716 2856 804 2928 (loon.
826 2872 869 2925 xv,
921 2856 1040 2911 concilio
1061 2856 1090 2911 in
1116 2856 1244 2927 legitimo
1263 2861 1291 2910 et
1310 2855 1446 2909 canonico
1459 2852 1555 2908 veniat
1572 2852 1608 2906 ad
1622 2867 1697 2919 earn,
1712 2855 1742 2906 et

61 2945 105 3012 ts),
117 2963 131 2995 r
141 2944 172 2999 id
182 2949 227 3000 est
241 2946 342 3002 mundi
356 2950 506 3002 amatores.
520 2946 664 3020 Quidquid
678 2953 777 3003 tamen
787 2948 816 3002 hi
829 2949 870 3002 to·
921 2950 944 3004 si
958 2949 998 3004 ila
1012 2950 1089 3021 juste
1102 2949 1214 3004 videtur
1226 2947 1420 3003 accusantium
1434 2945 1678 3018 propositionibus
1692 2961 1739 3000 re·

61 3041 179 3105 quantur
201 3040 252 3093 aut
272 3038 425 3095 adversum
439 3056 487 3096 vos
503 3043 601 3111 agant,
616 3057 665 3096 vus
680 3044 779 3096 tamen
794 3058 869 3096 sem·
921 3043 1070 3113 spondeat.
1087 3043 1158 3097 lt'am
1181 3043 1236 3097 hoc
1256 3057 1437 3113 summopere
1449 3060 1452 3064 “
1458 3038 1669 3112 providendum
1687 3042 1740 3107 est,

59 3143 103 3198 per
115 3130 262 3201 integram
276 3135 384 3187 servate
398 3132 495 3203 tidem,
509 3138 537 3188 et
546 3150 649 3204 puram
663 3135 794 3190 habetote
808 3151 871 3189 con·
920 3152 957 3190 ne
972 3141 1128 3208 antequam
1143 3135 1204 3190 haec
1224 3134 1321 3189 omnia
1337 3134 1408 3189 liant
1429 3136 1540 3188 coactus
1559 3131 1740 3204 respondeat,

60 3221 212 3293 scientiam,
228 3227 261 3279 ut
282 3224 394 3296 integer
406 3226 520 3297 spiritus
541 3231 570 3282 et
589 3227 685 3282 anima
701 3232 827 3283 servetur
841 3228 871 3282 in
921 3229 990 3300 quia
1007 3230 1154 3285 contentio
1173 3245 1287 3301 semper
1303 3227 1416 3283 vitanda
1438 3232 1490 3282 est.
1505 3226 1600 3282 Adimi
1616 3242 1741 3298 namque

59 3313 96 3369 die
117 3316 243 3371 Domini.
264 3317 319 3372 Nos
339 3333 406 3374 vero
431 3319 468 3374 ad
490 3320 720 3392 supplementum
734 3324 869 3391 vestrum,
920 3323 1053 3395 episcopo
1072 3322 1271 3394 episcopatum
1293 3324 1448 3393 antequam
1467 3336 1561 3374 causae
1576 3320 1637 3391 ejus
1649 3319 1741 3375 exitus

58 3406 161 3477 tratres,
184 3412 216 3464 et
235 3409 417 3484 coepiscopos
435 3416 549 3468 nostros
565 3413 729 3469 vocavimus
748 3414 871 3487 amplius
921 3415 1144 3487 appareatuulli
1154 3415 1308 3471 Christiani
1318 3413 1479 3485 viderijure
1490 3416 1592 3485 potest,
1602 3411 1741 3483 quietalis

57 3516 136 3572 quam
150 3503 334 3575 septuaginta
348 3520 413 3559 cum
426 3505 528 3578 quibus
546 3505 607 3581 haec
625 3522 688 3579 quae
706 3508 804 3563 subter
818 3508 868 3563 ha·
921 3508 983 3581 45
992 3509 1177 3582 presumptio
1189 3507 1368 3578 sacrilegium
1381 3510 1433 3573 est,
1442 3510 1472 3561 et
1480 3509 1578 3561 auctor
1588 3505 1688 3561 talium
1699 3521 1740 3560 sa·

57 3592 155 3650 beatur
176 3595 296 3666 inserta,
317 3596 488 3670 regulariter
510 3601 659 3656 tractando
684 3601 868 3657 decrevimus.
920 3598 1740 3674 crilegus.Quodsicegrotansfueritepiscopus,autaliqua

57 3685 156 3743 teins
165 3689 246 3744 enim
257 3689 381 3762 epistolis
391 3690 421 3745 in
430 3691 560 3747 omnium
574 3693 719 3750 audientia
728 3695 869 3766 perlectis,
920 3712 987 3751 eum
1001 3695 1093 3767 gravis
1105 3694 1258 3749 necessitas
1274 3691 1438 3757 detinuerit,
1453 3708 1505 3762 pro
1520 3708 1548 3746 se
1562 3692 1691 3764 legatum
1704 3692 1740 3746 ad

58 3796 115 3851 quae
128 3783 238 3837 multas
250 3781 294 3853 (ut
307 3782 403 3855 nostis)
418 3785 613 3856 querimonias
633 3792 663 3843 et
675 3788 871 3859 oppressiones
920 3789 1061 3860 synodum
1075 3787 1178 3855 mittat,
1191 3803 1243 3842 nec
1254 3802 1271 3841 a
1281 3783 1483 3840 commuuione
1494 3783 1684 3856 suspendatur
1693 3784 1738 3839 cui

60 3872 126 3929 inse
136 3875 328 3931 continebant
340 3881 456 3946 vestras,
470 3877 647 3953 decretisque
668 3897 733 3952 quse
753 3885 819 3937 sunt
836 3882 870 3938 de
920 3881 1030 3936 crimen
1049 3880 1216 3946 intenditur,
1232 3878 1285 3935 nisi
1301 3878 1336 3933 ad
1353 3893 1468 3932 causam
1483 3893 1565 3931 suam
1585 3876 1737 3932 dicendam

10 4014 13 4019 .
60 3967 277 4024 acmsationibus
303 3969 501 4044 episcoporum
524 3975 623 4028 sancta
646 3972 769 4046 synodus
791 3974 869 4030 dixit.
921 3973 1225 4046 electorumjudicium
1240 3971 1285 4028 die
1301 3974 1406 4026 statuta
1418 3969 1521 4025 litteris
1534 3974 1667 4025 evocatus
1679 3970 1735 4024 mi-

10 4050 16 4061 ”
60 4057 115 4114 llac
127 4066 197 4117 sunt
207 4077 273 4134 quer
286 4061 419 4136 deinceps
432 4070 551 4138 propter
563 4067 706 4122 malorum
721 4067 870 4123 hominum
919 4069 996 4124 nime
1019 4067 1183 4136 occurrerit,
1199 4067 1253 4121 hoc
1274 4069 1325 4132 est,
1340 4064 1395 4119 uisi
1415 4063 1470 4118 alia
1491 4063 1736 4136 praeoccupatione

10 4166 16 4181 ·
61 4151 166 4209 insidias
182 4154 234 4226 qui
248 4155 278 4210 in
290 4155 443 4212 Ecclesiam
457 4159 525 4213 etin
536 4158 740 4216 ecclesiasticos
750 4161 871 4216 saeviunt
920 4160 1094 4217 necessitatis
1105 4160 1179 4215 inira
1194 4158 1319 4233 spatium
1334 4157 1535 4229 praedictorum
1554 4157 1695 4213 mensium
1708 4161 1737 4213 et

61 4244 123 4300 titos
150 4246 354 4304 indifferenter
372 4265 537 4307 conservare
559 4251 720 4307 firmissime
739 4253 870 4308 volumus
920 4272 955 4311 eo
977 4254 1209 4326 amplius,prout
1234 4268 1351 4307 causam
1374 4250 1530 4307 dictaverit.
1554 4250 1635 4315 Quod
1657 4251 1680 4304 si
1704 4266 1738 4307 er

63 4336 207 4396 umente.
222 4340 253 4398 si
272 4343 337 4414 quis
351 4343 501 4416 episcopus
523 4345 558 4401 ab
581 4345 636 4401 illis
658 4347 870 4402 accusatoribus
919 4352 1038 4419 utraque
1060 4348 1141 4418 parte
1163 4346 1200 4400 ad
1221 4361 1334 4400 causam
1349 4343 1498 4399 dicendam
1511 4345 1653 4411 venerint,
1670 4344 1737 4415 quia

64 4432 104 4501 qui
116 4433 275 4506 recipiendi
290 4438 357 4490 sunt
371 4436 458 4493 luerit
474 4442 629 4508 accusatus,
643 4442 794 4512 postquam
809 4439 868 4511 ipse
879 4461 907 4534 B
920 4457 993 4497 unus
1004 4440 1111 4513 absque
1120 4437 1315 4494 alternandiri
1325 4455 1384 4493 non
1395 4437 1487 4508 dehet,
1496 4438 1681 4509 quaerendum
1694 4445 1737 4493 est

63 4522 136 4580 abeis
149 4526 317 4585 charitative
332 4528 485 4586 conventus
497 4531 634 4600 fucrit,ut
648 4533 739 4605 ipsam
755 4549 868 4588 causam
918 4534 948 4589 in
963 4533 1072 4606 judicio
1093 4532 1174 4604 quus
1192 4531 1250 4587 sint
1271 4530 1489 4586 conversationis
1511 4533 1540 4586 et
1560 4530 1626 4585 fidei
1650 4534 1736 4603 atque

64 4620 205 4675 enmdnre
229 4619 342 4691 debeat,
360 4626 389 4677 et
410 4640 475 4679 eam
496 4625 639 4696 corrigere
662 4626 796 4695 uoluerit,
811 4643 868 4681 non
919 4626 1083 4698 suspicionis
1096 4628 1284 4694 accusatores,
1301 4627 1350 4679 aut
1365 4640 1422 4695 quo
1439 4622 1596 4678 intentione
1615 4625 1669 4679 hoc
1691 4626 1733 4679 la-

64 4708 128 4778 otim,
142 4712 195 4767 sed
209 4715 279 4769 tunc
294 4714 330 4769 ad
344 4731 470 4771 summos
485 4716 624 4788 primates
643 4735 725 4772 causa
742 4719 803 4790 ejus
820 4737 867 4776 ca·
918 4720 1007 4788 ciant;
1024 4719 1091 4791 quia
1109 4719 1215 4774 adhoc
1237 4717 1350 4772 admitti
1373 4732 1432 4771 non
1456 4716 1568 4785 dehent,
1583 4717 1734 4774 nisibenae

63 4805 151 4860 nouice
164 4805 323 4874 deferatur,
338 4808 430 4879 quiin
449 4826 577 4882 congruo
599 4811 663 4867 loco
684 4811 758 4867 inira
777 4813 868 4884 ipsam
918 4811 1140 4868 conversationis
1165 4815 1194 4866 et
1217 4815 1301 4866 rectae
1322 4809 1388 4865 fidei
1412 4809 1474 4877 viri,
1488 4810 1519 4864 hi
1537 4810 1666 4867 videlicet
1686 4813 1735 4885 qui

63 4897 232 4962 provinciam
244 4901 374 4971 ternpore
390 4917 529 4975 congruo,
544 4902 573 4958 id
588 4907 631 4958 est
650 4905 811 4960 autumnali
825 4907 868 4962 rel
918 4907 996 4961 omni
1022 4905 1181 4977 suspicione
1208 4907 1335 4974 careant,
1359 4907 1388 4957 et
1411 4904 1487 4959 hona
1514 4904 1572 4960 vita
1599 4907 1733 4974 clareant,

63 4990 148 5046 estivo
168 4991 325 5047 concilium
347 4988 517 5066 regutariter
537 5012 690 5052 convocare
711 4997 866 5070 debebunt,
917 5015 1012 5072 noque
1027 5000 1148 5054 infames
1161 4998 1291 5054 existant.
1308 4996 1387 5062 Quod
1406 4997 1429 5051 si
1447 5001 1645 5055 accusatorum
1666 5017 1733 5072 per-

62 5078 93 5134 ita
112 5089 144 5140 ut
172 5084 209 5138 ab
238 5085 371 5141 omnihus
397 5087 524 5160 ejusdem
551 5089 701 5161 provinciae
731 5091 868 5164 episcopis
919 5109 997 5148 sonia
1007 5092 1151 5164 injudicio
1163 5091 1364 5164 episcoporum
1375 5091 1529 5163 culpabiles
1538 5093 1732 5165 apparuerint,

62 5172 119 5231 inihi
131 5177 277 5232 andiabrr.
293 5179 354 5242 Quo
368 5183 396 5235 et
408 5181 469 5253 ipse
481 5182 653 5254 regulariter
666 5188 834 5241 convocatus
845 5186 867 5241 si
918 5187 954 5242 ad
969 5186 1148 5258 arguendum
1161 5202 1221 5241 non
1241 5185 1439 5253 admittantur,
1455 5185 1509 5240 nisi
1524 5187 1653 5258 proprias
1666 5205 1730 5243 cau·

62 5281 117 5323 eum
135 5274 186 5325 ant
199 5269 361 5341 infirmitas,
375 5275 424 5327 aut
444 5273 499 5328 alia
522 5275 615 5346 gravis
639 5278 789 5334 necessitas
808 5295 867 5334 non
919 5297 962 5335 sas
975 5296 1113 5348 asserere,
1124 5295 1182 5335 non
1199 5282 1296 5334 tamen
1310 5272 1470 5334 criminales
1480 5279 1524 5334 rel
1534 5281 1733 5336 ecclesiastices

62 5358 204 5419 detinuerit
218 5364 316 5420 adesse
332 5363 455 5436 debebit,
472 5367 539 5439 quia
554 5369 626 5423 ultra
643 5372 798 5441 provincie
814 5376 869 5427 ter·
917 5373 1066 5430 voluerint.
1080 5373 1196 5429 lntamis
1210 5371 1288 5429 enim
1303 5388 1425 5445 persona
1439 5388 1491 5428 uec
1503 5377 1671 5444 procurator
1679 5389 1730 5444 po·

61 5456 144 5511 minos
164 5457 319 5512 accusandi
339 5462 404 5514 ante
425 5459 537 5515 licentia
561 5478 619 5517 non
639 5467 691 5532 est,
706 5482 793 5537 quam
815 5484 866 5522 au·
917 5469 973 5523 test
986 5483 1046 5522 esse
1057 5483 1112 5522 nec
1124 5466 1265 5540 cognitor.
1279 5467 1402 5521 Absente
1416 5482 1482 5521 vero
1500 5465 1659 5520 adversario
1671 5483 1730 5524 non

60 5545 154 5604 dieuda
169 5552 300 5622 rogetur.
314 5550 385 5605 Nam
398 5552 422 5607 si
434 5552 492 5608 suis
504 5553 592 5610 luerit
605 5562 654 5612 aut
666 5558 798 5615 Ecclesiae
814 5560 868 5616 sibi
917 5561 1050 5616 audiatur
1060 5564 1213 5630 accusatam
1227 5575 1281 5614 nee
1290 5558 1439 5627 sententia,
1448 5558 1564 5613 absente
1577 5563 1655 5629 parte
1665 5562 1729 5632 alia,

60 5644 209 5699 commissae
233 5643 317 5699 rebus
338 5645 520 5716 exspoliatus,
537 5653 587 5703 aut
601 5649 685 5721 (quod
697 5652 777 5726 absit)
793 5655 868 5726 quod
918 5672 936 5710 a
953 5654 1048 5726 judice
1067 5655 1143 5710 dieta
1162 5655 1250 5710 ullam
1270 5653 1410 5708 obtinebit
1431 5651 1613 5719 firmitatem
1638 5670 1730 5730 neque

59 5735 177 5794 alienum
190 5737 228 5794 ab
239 5736 374 5793 omnibus
384 5754 445 5794 esse
457 5740 543 5797 dehet
554 5741 687 5800 fidelibus
698 5747 787 5803 asede
802 5765 867 5820 pro·
919 5749 1021 5805 absens
1036 5766 1087 5823 per·
1101 5749 1188 5805 alium
1206 5747 1331 5803 accusari
1347 5750 1398 5802 aut
1408 5760 1546 5800 accusare
1562 5748 1752 5819 petasum

258 5835 395 5901 Parnon.
419 5836 532 5903 cxlx.
1536 5852 1560 5913 't
