3870 6150
127 270 177 339 iar
575 281 719 336 aerem.
740 281 784 336 ao
802 280 884 337 sao.
905 282 997 336 111-
1016 280 1136 338 rsrooiu
1155 265 1368 338 noscamus

59 446 60 450 ,
125 394 204 462 lilio,
220 408 271 457 uec
287 390 370 445 Filius
381 390 488 444 exstitit
501 389 561 444 sinc
574 393 666 458 Patro,
678 390 726 444 sed
744 395 839 443 tamen
854 389 939 443 Filius
952 390 1111 484 Ahaereses
1128 392 1327 462 exstirpantur,
1349 391 1379 445 iu
1393 390 1446 445 hac
1461 389 1553 444 omnis
1568 389 1689 445 Ecclesia

126 490 197 540 licus
219 486 253 540 de
278 486 359 538 Patre
385 484 452 552 Deo,
468 500 525 538 uon
549 484 631 538 Pater
654 484 726 537 [leus
740 483 773 537 do
790 482 859 537 Filio
873 484 938 550 Dea,
987 483 1047 553 joui
1058 484 1164 539 coelesti
1177 501 1267 555 reguo
1282 485 1413 555 deinceps
1433 484 1579 538 insaecula
1595 499 1687 554 praese

124 581 170 635 ille
196 584 292 633 cartem
319 577 405 631 Filius
432 577 530 644 Patris,
558 580 586 630 ct
613 579 684 630 tleus
712 576 746 630 dc
779 577 861 630 Patre
890 592 941 646 per
991 578 1090 644 riatur,
1107 579 1250 633 ctnoniu
1267 578 1644 645 alialidoostosatus,ncc
1662 593 1689 632 et

124 673 218 728 omnia
242 671 392 742 coaequalis
412 670 496 735 Patri,
524 670 596 723 lleus
620 686 703 723 verus
725 669 759 723 de
783 669 839 724 Deo
863 685 938 738 rere,
990 687 1058 725 men
1074 673 1149 726 aliud
1172 675 1215 726 est
1237 672 1288 725 sub
1311 673 1380 726 coelo
1404 673 1504 726 datum
1530 670 1689 726 homiuibus

125 765 261 837 Spiritum
286 780 383 817 verum
416 765 547 816 sanctum
574 778 668 832 neque
695 763 824 833 genitum
848 779 940 833 uequc
991 769 1183 838 oporteatuos
1204 765 1455 834 salvastieriidct.
1473 783 1509 831 u,
1528 768 1608 834 tit.»
1676 748 1680 756 ¹

124 865 263 924 creatum,
286 857 337 911 sed
357 856 391 910 de
415 857 495 909 Patre
509 855 635 926 Filioque
651 856 852 927 procedentem
869 855 938 908 utri·
1027 861 1056 914 11,
1073 859 1288 931 Religiosissimi
1312 859 1449 930 principis
1471 859 1561 914 nostri
1582 859 1689 914 dovotio

123 968 213 1024 usque
236 967 297 1004 csse
327 948 478 1019 Spiritum.
503 951 543 1002 Ac
568 965 619 1020 per
644 950 696 1002 hoc
718 948 941 1003 sttbslanlialitet'
991 957 1155 1009 nostrorum
1176 953 1409 1007 consacerdotum
1437 954 1532 1024 primo
1557 970 1635 1007 anno
1657 969 1689 1008 re

125 1043 359 1114 ultunlsuniqtli
375 1046 489 1096 eltlnus
505 1042 540 1096 ab
555 1042 826 1114 tllt'oqueprocetlil.
842 1045 872 1097 ln
888 1041 940 1095 hac
991 1047 1222 1102 constitutionem
1245 1064 1310 1101 cum
1335 1064 1441 1117 magna
1458 1046 1616 1101 reverentia
1641 1050 1671 1102 et

124 1149 220 1199 erilem
235 1141 371 1196 Trinitate
386 1144 466 1194 tauta
485 1143 528 1195 est
539 1140 634 1193 unitars
648 1140 821 1208 subsuatiae,
838 1146 869 1194 ut
880 1140 941 1210 plu-
991 1141 1068 1196 tione
1081 1140 1274 1211 suscipientes,
1292 1157 1378 1212 quam
1388 1145 1497 1196 constat
1504 1142 1564 1211 jam
1580 1140 1610 1194 in
1625 1156 1689 1194 omn

124 1237 235 1291 ralitate
249 1239 352 1302 careat,
366 1238 395 1287 et
409 1232 600 1304 equalitatem
614 1238 718 1288 teneat.
732 1234 788 1287 Nec
801 1232 897 1287 minor
912 1232 940 1285 iu
991 1251 1041 1288 suo
1054 1252 1148 1288 annua
1164 1234 1222 1287 ricc
1239 1234 1384 1302 celebrari,
1394 1251 1479 1305 quam
1493 1235 1600 1305 placuit
1613 1234 1689 1289 ctian

124 1329 243 1400 siugulis
255 1344 342 1399 quam
356 1327 383 1380 in
399 1326 542 1395 omuibus,
558 1343 611 1380 nec
627 1327 720 1396 major
731 1342 816 1397 quam
830 1325 859 1379 iu
882 1325 938 1379 siu·
992 1327 1148 1382 assertione
1172 1327 1279 1381 tirmari
1294 1347 1300 1381 :
1316 1327 1437 1399 proinde
1460 1327 1625 1382 uriirersalis
1641 1344 1689 1383 au<

125 1424 197 1496 gulis
210 1421 339 1493 personis
352 1423 459 1474 manet,
474 1421 511 1474 Er
524 1419 568 1473 his
597 1419 687 1473 tribus
708 1418 861 1473 divinitatis
874 1435 939 1489 per·
991 1437 1138 1476 censemus
1154 1421 1275 1487 concilii,
1287 1425 1320 1474 ut
1335 1421 1362 1475 hi
1378 1421 1437 1475 dies
1449 1421 1612 1475 litaniarum
1626 1438 1689 1493 quae

124 1518 200 1573 souis
214 1515 305 1570 solum
322 1513 423 1568 Filium
437 1513 560 1567 fatemur
583 1513 618 1567 ad
644 1512 869 1583 redemptionom
885 1512 939 1565 hu·
991 1515 1045 1570 odo
1060 1515 1206 1586 promissa
1220 1518 1286 1568 suut
1299 1514 1431 1582 instituti,
1449 1516 1550 1569 eodem
1564 1516 1593 1570 in
1609 1522 1689 1586 temp

124 1611 201 1665 tuoni
231 1607 355 1680 generis,
383 1612 499 1678 propter
522 1607 672 1677 culparum
696 1605 790 1660 debita
808 1622 871 1677 quoe
889 1622 941 1676 per
987 1608 1488 1679 jussisunlexcoli‚annuorecursu
1512 1609 1590 1663 omui
1611 1609 1690 1664 obser

123 1702 344 1774 inobedientiam
356 1701 424 1755 Adae
438 1700 625 1771 originaliter,
642 1703 670 1754 et
685 1704 781 1753 nostro
794 1699 881 1753 libero
895 1716 938 1752 ar·
991 1701 1150 1756 habeantur
1175 1701 1362 1769 celeberrimi,
1391 1706 1421 1757 ut
1447 1719 1498 1773 pro
1522 1703 1575 1756 illis
1601 1702 1689 1774 quibu

122 1803 207 1858 bitrio
220 1800 415 1857 contraximus
427 1798 593 1852 resolvenda
609 1801 718 1851 secreto
739 1797 838 1863 Patris,
851 1814 884 1850 cx
899 1779 1080 1867 orbusque
1096 1795 1180 1850 simul
1194 1813 1291 1849 saurus
1305 1795 1439 1866 implicati
1454 1796 1573 1862 delictis,
1588 1796 1622 1851 sit
1642 1812 1689 1851 nos

123 1915 192 1953 cauo
206 1895 375 1967 prodidisse,
391 1895 419 1948 ct
432 1891 579 1946 hominem
593 1891 655 1945 sine
672 1894 789 1961 peccato
803 1890 837 1944 de
847 1895 942 1944 sancta
991 1889 1078 1960 piatio
1092 1895 1158 1944 ante
1172 1890 1266 1944 oculos
1276 1889 1325 1943 Ilei
1340 1889 1553 1961 omnipotentis.

123 2007 236 2062 semper
248 1988 359 2060 virgine
374 1987 457 2042 llario
467 1984 658 2056 assumpsisse,
670 1984 787 2038 utidem
797 1983 815 2037 F
817 1983 881 2037 ilius
891 1982 941 2037 liei
1026 1985 1072 2038 lll.
1089 1982 1251 2037 inflexibilis
1265 1981 1426 2038 ludaeorum
1436 1984 1676 2054 pertidiadcllexa

122 2086 210 2141 l‘atris
224 2086 297 2138 esset
310 2081 394 2135 Filius
408 2079 542 2146 hominis,
559 2080 633 2133 Deus
648 2079 792 2149 perlectus
805 2080 834 2130 et
851 2077 939 2146 homo
990 2075 1213 2148 videturpietatc
1223 2077 1382 2148 etpoteutia
1394 2095 1527 2149 superna.
1544 2078 1614 2132 ilinc
1628 2076 1689 2132 cuir

122 2180 273 2251 perlectus,
294 2178 328 2229 ut
348 2175 436 2229 homo
460 2173 601 2244 perlectus
624 2172 748 2225 ellicus
771 2176 844 2226 esset
867 2187 940 2224 unus
991 2170 1068 2241 quod
1093 2170 1122 2224 in
1144 2170 1298 2240 spiramine
1316 2172 1420 2226 summi
1443 2174 1488 2225 tici
1510 2171 1689 2226 excellentiss

122 2272 260 2336 christus,
277 2268 387 2322 araturis
410 2267 439 2320 in
461 2265 570 2320 duabus
591 2281 649 2319 uua
672 2280 801 2335 persona,
820 2280 856 2316 ne
873 2280 942 2334 qua·
990 2264 1246 2318 Cluistiauissimus
1262 2265 1393 2336 prinecps
1406 2265 1506 2319 ardore
1521 2267 1587 2320 tidei
1602 2265 1689 2320 iullan

123 2364 241 2420 toruitas
261 2351 392 2416 Trinitati
415 2359 573 2426 accederet,
589 2357 611 2411 si
625 2357 654 2411 in
667 2357 778 2412 Christo
795 2356 940 2427 geminata
989 2374 1055 2411 cum
1070 2358 1152 2428 regui
1163 2357 1205 2410 sui
1219 2358 1689 2430 sacerdotibuspraevaricationese

122 2476 244 2531 persona
260 2461 343 2510 esset.
360 2456 435 2525 Ergo
449 2471 466 2508 a
480 2454 572 2518 Patro,
587 2455 614 2506 ct
628 2451 733 2523 Spiritu
747 2453 845 2504 sancto
859 2467 938 2522 sepa·
990 2451 1121 2506 stitiones
1137 2469 1237 2506 eorum
1249 2452 1392 2507 eradicare
1406 2453 1492 2524 elegit
1506 2454 1644 2519 tauditus,
1666 2470 1689 2508 n

122 2553 217 2607 rabitis
228 2550 351 2606 creditur
364 2565 495 2620 persona,
507 2546 541 2600 ob
552 2546 671 2600 homine
680 2551 776 2600 autem
793 2549 939 2615 assuiupto
991 2549 1096 2620 degere
1112 2550 1142 2603 in
1154 2566 1243 2620 reguo
1257 2567 1308 2605 suo
1321 2568 1385 2605 eum
1398 2552 1447 2622 qui
1462 2568 1518 2604 nou
1532 2556 1573 2605 cst
1593 2551 1687 2606 cathol

121 2653 233 2713 natura,
242 2642 493 2699 idemcumeodem
502 2640 620 2694 honriue
633 2655 706 2694 uuus
718 2641 810 2694 exstat
820 2654 940 2709 persona
990 2643 1071 2713 cujus
1090 2643 1230 2698 terrorem
1254 2644 1320 2699 sulci
1345 2645 1450 2715 gratias
1472 2645 1661 2715 omnipotenti
1687 2648 1689 2653 ⁴

121 2742 277 2795 euml‘atre
289 2741 316 2792 et
326 2736 432 2807 Spiritu
444 2739 541 2789 sancto
552 2737 663 2800 natura,
671 2749 713 2800 ac,
725 2732 798 2786 sicut
807 2731 938 2797 diximus,
990 2737 1123 2792 coelorum
1138 2738 1258 2808 agimus,
1277 2754 1311 2791 eo
1329 2738 1404 2808 quod
1427 2742 1485 2792 tam
1509 2739 1648 2793 illustrem
1672 2754 1687 2793 e

122 2852 156 2888 ex
171 2833 283 2887 duabus
293 2830 401 2885 naturis
412 2834 441 2884 et
455 2845 510 2882 una
520 2843 649 2897 persona,
663 2842 738 2880 unus
751 2827 794 2879 est
803 2825 939 2879 Dominus
990 2831 1118 2884 animam
1134 2837 1162 2885 et
1177 2849 1228 2885 soa
1242 2832 1394 2902 repleverit
1405 2833 1551 2902 sapientia,
1563 2833 1622 2903 ipse
1634 2849 1689 2904 quo

124 2930 222 2982 noster
242 2926 322 2980 Jesus
343 2922 478 2988 Christus,
494 2921 523 2974 in
548 2919 640 2973 torma
653 2917 809 2972 divinitatis
825 2918 939 2989 aquatis
990 2928 1039 2977 net
1052 2925 1075 2978 oi
1090 2929 1118 2978 ot
1132 2924 1161 2978 in
1180 2926 1313 2995 prasenti
1329 2926 1432 2979 seculo
1445 2926 1603 2996 longaevam
1619 2926 1689 2980 ritar

122 3021 206 3087 Patri,
222 3018 357 3073 informa
378 3015 450 3070 servi
474 3014 570 3067 minor
591 3015 684 3067 Patre.
712 3013 775 3066 ltaec
796 3015 838 3066 est
862 3012 939 3065 euim
989 3018 1084 3072 futoro
1098 3018 1375 3088 gloriomffiiornaffl,
1393 3019 1575 3073 ploofflpm
1597 3019 1689 3090 provio

122 3131 174 3170 vox
188 3113 249 3184 ejus
261 3113 291 3166 in
307 3111 417 3186 psalmo
432 3125 438 3162 :
458 3129 471 3158 o
488 3109 526 3162 lle
545 3112 643 3162 reutre
660 3105 760 3160 matris
775 3120 847 3160 meae
868 3106 938 3159 ileos
989 3127 1068 3177 cura,
1080 3117 1107 3164 et
1121 3111 1201 3164 valde
1212 3115 1255 3164 est
1272 3111 1481 3165 decernendum
1494 3112 1624 3181 vigilanti
1637 3113 1689 3166 sols

122 3224 202 3263 urens
227 3222 257 3259 es
274 3209 302 3258 tu
318 3203 398 3272 (Psoi.
427 3217 484 3268 rm,
508 3201 562 3270 lt).
578 3220 591 3252 a
619 3200 705 3254 Natus
728 3199 825 3269 itaque
848 3216 864 3251 a
884 3200 938 3253 reo
949 3154 976 3227 C
989 3205 1051 3274 ejrrs
1064 3203 1129 3257 lidei
1144 3204 1228 3270 calor,
1245 3209 1273 3257 ot
1284 3210 1381 3258 noster
1394 3205 1471 3258 labor
1484 3207 1656 3275 quandoque
1669 3205 1689 3258 ir

122 3301 184 3357 sine
197 3303 298 3365 matre,
314 3300 428 3352 uatusa
444 3295 553 3366 virgine
573 3294 632 3348 siue
647 3294 741 3361 Patre,
752 3292 829 3346 solus
844 3310 858 3343 o
874 3293 939 3346 Ver·
989 3297 1027 3351 ris
1040 3297 1196 3367 tepefactus
1211 3296 1358 3367 liquescat.
1373 3299 1509 3362 Quocirca
1529 3315 1682 3352 consonam

120 3397 190 3450 bum
204 3410 269 3450 caro
282 3393 389 3447 factum
403 3393 455 3457 est,
474 3394 502 3443 et
517 3387 656 3442 habitavit
675 3386 704 3440 in
729 3385 809 3440 nobis
829 3386 937 3458 (loona.
988 3391 1071 3445 cordo
1087 3395 1115 3444 et
1129 3407 1177 3444 ore
1200 3392 1415 3460 promulgamus
1431 3395 1486 3446 Deo
1503 3393 1672 3462 placituram

121 3507 140 3556 1,
157 3489 209 3560 111.
227 3509 241 3538 a
252 3487 286 3541 Et
299 3502 363 3541 cum
377 3487 437 3539 tota
450 3487 602 3555 cooperata
626 3481 662 3536 sit
683 3481 805 3535 Trinitas
829 3481 937 3535 forma·
987 3485 1068 3549 tiam,
1085 3484 1170 3537 simul
1194 3485 1280 3538 ctiam
1303 3503 1366 3539 caui
1392 3502 1508 3539 suorum
1529 3486 1689 3557 optimatun

121 3584 215 3639 tiones
228 3579 351 3653 suscepti
366 3577 501 3646 hominis,
513 3575 650 3648 quoniam
663 3574 864 3646 inseparabilia
873 3577 940 3627 suut
989 3577 1133 3648 triumque
1149 3578 1275 3632 virorum
1289 3596 1429 3633 consensu
1443 3584 1472 3633 ot
1484 3580 1689 3634 deliberatione

122 3672 556 3750 operaTrinitatis,solustamen
565 3669 650 3724 Filius
658 3668 938 3741 suscepithominem
990 3688 1063 3736 mus,
1079 3676 1109 3724 ut
1122 3671 1249 3743 quisquis
1259 3673 1470 3727 succedentium
1484 3678 1686 3743 temporumre

122 3767 355 3842 iusiuguleritatc
363 3781 503 3842 persone,
516 3780 573 3818 nou
583 3763 612 3817 in
622 3764 731 3818 unitate
741 3761 843 3817 dirime
853 3765 937 3815 natu·
987 3765 1055 3819 titus
1071 3765 1157 3819 luerit
1170 3766 1289 3836 apicem,
1306 3783 1362 3821 non
1377 3773 1443 3822 aute
1457 3768 1627 3822 conscendat
1645 3782 1689 3839 reg

123 3883 173 3933 rte,
192 3864 222 3919 id
242 3865 285 3919 est
307 3860 385 3933 quod
400 3859 549 3932 proprium
566 3863 609 3913 est
623 3857 685 3912 Filii
697 3874 755 3911 nou
767 3855 845 3927 quod
859 3870 938 3910 com·
990 3858 1064 3924 dem,
1082 3875 1167 3929 quam
1189 3859 1266 3913 inter
1280 3860 1389 3931 reliqua
1412 3861 1608 3915 conditionum
1633 3877 1689 3916 sacr

124 3961 210 4015 niune
225 3960 268 4012 est
279 3954 418 4011 Trinitati.
432 3954 503 4008 Nam
515 3952 539 4006 si
552 3967 641 4006 unam
660 3950 719 4005 uati
742 3949 873 4015 hominis,
888 3948 939 4003 Dei
988 3946 1226 4022 pollicitusfucrit
1236 3952 1310 4007 hauc
1320 3970 1349 4008 se
1358 3940 1526 4009 catholicam
1535 3971 1592 4009 nou
1601 3954 1690 4026 permi

124 4055 241 4109 alteram
250 4048 416 4105 coniecisset
424 4044 780 4118 personam‚totaTrinitas
787 4059 888 4114 corpus
898 4058 940 4096 as·
990 4062 1039 4100 eos
1052 4045 1157 4100 violare
1170 4047 1268 4108 tidem.
1283 4048 1332 4102 sed
1347 4052 1376 4102 ct
1388 4049 1551 4103 nullatcnus
1571 4065 1689 4118 eorump

123 4145 297 4218 sumpsisset,
307 4141 444 4213 quoniam
460 4143 572 4194 constat
585 4143 714 4193 naturam
726 4136 869 4192 Trinitatis
881 4152 939 4190 csse
988 4141 1087 4194 favens
1100 4140 1144 4194 rel
1157 4141 1284 4211 quolibet
1298 4143 1440 4212 neglectu,
1457 4148 1506 4196 aut
1518 4142 1672 4212 cupiditate
1685 4143 1689 4195 i

125 4256 221 4306 unam,
249 4254 306 4292 uon
327 4239 425 4290 tamen
449 4249 609 4304 personam.
636 4229 685 4286 Hic
711 4247 779 4302 ergo
803 4230 939 4286 Dominus
991 4233 1027 4288 ad
1042 4234 1200 4305 praecipitia
1214 4234 1510 4289 infidelitatisaditum
1532 4235 1689 4307 praebeatp

123 4337 223 4391 noster
235 4333 315 4387 lesus
325 4329 452 4384 Christus
462 4325 685 4381 missusaPatre
694 4324 848 4396 suscipiens
862 4325 939 4398 quod
989 4327 1117 4395 cationis,
1142 4328 1193 4382 sed
1215 4328 1291 4400 quod
1313 4345 1490 4400 magnopere
1512 4332 1610 4383 nostro
1626 4333 1688 4384 estt

123 4447 183 4487 uon
197 4429 267 4494 erat,
292 4439 345 4479 nec
367 4422 501 4477 amittens
523 4419 599 4491 quod
623 4423 692 4488 erat,
718 4418 889 4473 inviolabilis
903 4417 938 4472 de
989 4420 1181 4492 conquisitum
1198 4422 1299 4476 debeat
1316 4423 1455 4477 illibatum
1477 4439 1659 4494 perseverare
1678 4422 1686 4477 i

124 4542 184 4592 suo,
199 4519 326 4578 mortalis
335 4517 370 4573 de
379 4519 487 4585 nostro,
498 4514 576 4570 veuit
589 4514 618 4568 in
630 4515 707 4568 hirnc
720 4513 861 4568 mundum
871 4529 937 4584 pec·
949 4534 978 4605 D
990 4531 1064 4570 rum.
1080 4515 1152 4568 Nam
1165 4515 1308 4570 incassum
1325 4517 1433 4571 bouum
1448 4517 1552 4587 agitur,
1565 4517 1589 4570 si
1604 4532 1689 4586 noue

124 4624 230 4674 catores
252 4614 344 4670 salros
366 4612 460 4666 lacere
485 4613 513 4665 et
540 4607 688 4663 credentes
708 4607 875 4678 justificare,
901 4607 939 4660 ia·
989 4609 1101 4663 videtur
1115 4610 1336 4679 perseverantia.
1353 4610 1427 4680 Ergo
1441 4615 1594 4681 postquam
1610 4607 1689 4665 ordin

124 4709 258 4778 cieusquc
274 4702 418 4759 mirabilia
441 4697 562 4755 traditus
574 4701 617 4753 est
632 4702 747 4769 propter
762 4696 864 4753 delicta
884 4713 937 4751 uo·
989 4701 1141 4756 missorum
1153 4703 1190 4756 ad
1205 4703 1400 4774 gubernacula
1422 4703 1572 4758 accesserit
1594 4701 1684 4775 regni,

125 4809 191 4872 stro,
205 4803 334 4855 mortuus
349 4801 391 4851 est
405 4800 522 4866 propter
534 4792 725 4864 expiationem
739 4794 876 4860 nostram,
892 4807 937 4844 re·
989 4800 1145 4850 temerator
1164 4796 1249 4868 hujus
1272 4796 1409 4852 exstiterit
1431 4796 1573 4868 promissi,
1599 4797 1633 4851 sil
1655 4814 1688 4851 su

125 4893 247 4952 surrexit
265 4895 382 4963 propter
397 4887 630 4959 justificationem
651 4890 788 4955 nostram,
806 4884 891 4956 hujus
905 4884 937 4937 li·
990 4890 1156 4945 marathana
1179 4891 1208 4945 in
1227 4897 1377 4962 conspectu
1399 4891 1456 4959 Dei,
1474 4896 1503 4945 ct
1516 4892 1689 4963 pabulurnet

124 5005 191 5046 111111
203 4985 303 5055 unali,
311 4983 396 5054 hujus
410 4989 500 5037 molle
508 4983 562 5036 Deo
571 4980 646 5035 Pail'l
660 4978 845 5046 reconciliati,
854 4979 939 5049 liujus
990 4982 1063 5055 ignis
1078 4985 1186 5053 aelet'ni,
1202 4984 1342 5056 simulque
1359 5003 1422 5039 oum
1439 5003 1471 5039 eo
1486 4984 1669 5040 damnatione
1684 5001 1689 5055 p

125 5080 329 5140 resurrectione
347 5093 444 5132 sumus
467 5074 634 5130 resuscitati.
660 5072 753 5137 Quem
774 5072 860 5126 etiam
876 5089 940 5126 ven·
989 5078 1151 5149 qoioooqoo
1174 5079 1413 5134 sacerdotumve}
1437 5079 1558 5150 quilibet
1580 5075 1689 5133 christis

124 5186 223 5236 turum
235 5175 266 5230 iu
279 5173 335 5229 fine
343 5173 540 5242 exspectamus
550 5170 729 5234 securorum,
738 5182 803 5221 cum
815 5182 940 5221 resurre·
989 5188 1087 5227 eorum
1101 5170 1238 5243 implicati
1251 5173 1360 5227 tuerint
1370 5178 1490 5226 terrore.
1502 5173 1558 5226 Nos
1571 5168 1676 5227 etenim

123 5273 217 5330 ctione
230 5267 361 5326 omnium
381 5263 544 5337 equissimo
564 5277 615 5317 suo
634 5259 741 5331 judicio
760 5257 940 5315 redditurum
989 5266 1080 5321 sentia
1095 5266 1283 5333 decernimus,
1308 5271 1340 5321 ut
1362 5266 1505 5338 praeterita
1529 5283 1592 5336 quie
1606 5266 1636 5320 in
1653 5280 1689 5321 un

119 5352 940 5440 justisproemia‚impiispoenas.Ecclesiamquoquecattio·
990 5360 1098 5431 synodo
1124 5359 1160 5415 de
1184 5357 1289 5416 Judaeis
1313 5358 1472 5430 conscripta
1500 5364 1566 5414 suut
1592 5358 1690 5415 contin

123 5447 937 5521 licamcredimussinemaculaetruga,corpusejuscssc,
989 5453 1123 5527 quoniam
1147 5471 1182 5510 ea
1205 5470 1269 5526 quae
1292 5453 1450 5509 necessaria
1470 5469 1522 5525 pro
1543 5469 1642 5508 eorum
1654 5450 1689 5508 sal

123 5565 303 5627 regnumque
319 5546 482 5602 habituram
497 5559 562 5599 cum
575 5541 668 5613 capite
682 5558 733 5596 suo
747 5540 939 5614 onruipoteuti
990 5545 1073 5604 scribi
1095 5551 1257 5620 potuerunt,
1282 5548 1311 5602 iu
1334 5541 1439 5602 eisdem
1461 5563 1521 5602 esse
1547 5548 1630 5601 cauta
1652 5562 1690 5601 sat

124 5646 234 5704 Christo
250 5646 327 5711 lesu,
339 5643 491 5713 postquam
502 5633 746 5706 hooeorruptibile
757 5634 883 5691 induerit
895 5628 937 5692 in·
989 5643 1168 5715 Quapropter
1179 5660 1243 5715 qua
1259 5645 1324 5697 tuuc
1336 5641 1450 5696 decreta
1465 5644 1531 5696 sunt
1543 5639 1688 5696 valiturae

122 5729 938 5809 corruptionem,etniortateimmortalitatem,utsitlicus
989 5752 1093 5792 somus,

121 5832 218 5895 ouirria
231 5832 259 5885 iu
278 5829 421 5903 curribus.
439 5828 491 5885 tiae
513 5826 568 5885 trda
582 5826 665 5885 cordo
678 5825 874 5901 piu-ilicautur,
886 5826 938 5884 hac
1024 5828 1065 5887 tv.
1081 5830 1162 5906 Sapo
1178 5824 1344 5904 pullulantia
1367 5826 1515 5905 pravitatis
1528 5824 1689 5909 germinati
