3870 6150
578 266 813 328 nncnnrntlun
833 270 1024 328 carticello.
1579 274 1631 335 tat

103 376 242 449 cpiscopus
256 375 389 449 angarias
404 379 446 432 rel
462 379 633 434 indictiones
647 380 677 434 in
694 381 761 435 dicu·
774 380 966 465 Arnanilesta
978 381 1013 435 sit
1027 387 1056 437 ct
1077 382 1273 440 testimonium
1295 385 1407 453 habeat,
1425 391 1455 440 et
1473 385 1510 439 ad
1525 386 1631 442 clix-isti

103 477 230 543 mponat.
813 491 916 547 corpus
930 480 959 531 et
971 477 1143 545 sanguinem
1155 479 1365 549 praelibandum
1379 483 1494 550 pectora
1507 479 1628 552 popule·

103 580 150 620 ron
162 565 247 620 liceat
255 565 399 636 judicibus
413 566 530 622 clericos
544 567 587 621 vel
607 583 703 623 servos
717 584 763 622 ec·
815 585 881 624 rum
894 568 951 623 fide
965 569 1113 640 purificata
1128 572 1274 628 accedant.

103 658 293 730 nrisangariis
306 676 456 731 occupare.
849 664 891 717 lll.
912 663 975 717 naec
993 668 1091 718 sancta
1119 666 1242 736 synodus
1267 666 1341 721 nulli
1369 667 1566 739 episcoporum
1594 667 1629 723 li·

106 752 310 824 religiosorum
332 769 452 824 corpora
477 754 624 824 psallendo
650 757 763 811 tantam
813 755 935 811 centiam
945 755 1046 812 tribuit
1057 773 1103 812 res
1111 758 1235 814 alienare
1251 759 1386 830 ecelesiae,
1394 760 1529 833 quoniam
1541 766 1569 816 et
1577 777 1627 815 an-

103 863 134 901 ir.
813 849 984 921 tiqrxiorihus
1000 850 1156 906 canonibus
1173 852 1228 908 hoc
1245 853 1422 924 prohibetur.
1437 853 1549 926 Siquid
1564 871 1629 911 vero

102 956 122 995 ιι
136 943 302 995 sanctorum
314 940 449 995 natalitiis
461 941 649 998 ballimathiae
664 943 762 1014 prohi-
813 943 888 1015 qued
907 943 1060 999 utilitatem
1079 960 1137 1000 nen
1158 952 1257 1018 gravet
1275 946 1401 1002 ecclesia
1419 963 1472 1018 pro
1492 946 1626 1020 suffragio

813 1037 1020 1092 monachorum
1035 1037 1079 1094 vel
1094 1038 1220 1095 ecclesiis
1234 1040 1271 1094 ad
1286 1057 1368 1095 suam
1382 1040 1546 1112 parochiam
1560 1058 1628 1113 per-

103 1127 270 1184 lb'ClPth'T
288 1128 443 1184 DECRETA
463 1128 619 1186 CONClLll.
812 1131 966 1186 tinentium
984 1130 1125 1200 dederint,
1134 1133 1251 1188 firmum
1268 1138 1394 1190 maneat.
1408 1134 1630 1206 Peregrinarum

119 1221 187 1276 Post
210 1220 427 1277 damnationem
453 1223 569 1278 haeresis
590 1224 711 1294 Arianae,
734 1227 764 1279 et
813 1225 857 1280 vel
871 1224 1038 1280 clericorum
1057 1230 1086 1281 et
1108 1242 1264 1298 egenorum
1289 1228 1452 1283 necessitati
1474 1228 1553 1283 salvo
1564 1227 1631 1298 jure

103 1316 135 1370 tte
156 1314 300 1370 catholice
324 1315 542 1386 expositionem,
557 1317 611 1372 hoc
631 1324 763 1373 sanctum
813 1317 944 1373 Ecclesiae
967 1323 1103 1390 praestare
1125 1320 1332 1392 permittuntur
1352 1337 1404 1392 pro
1425 1323 1553 1392 tempora
1565 1337 1631 1394 quae

103 1407 247 1463 sensilium
259 1425 265 1462 :
275 1409 310 1462 Ut
320 1408 389 1479 quia
400 1426 417 1463 a
427 1411 572 1465 nonnullis
581 1410 625 1465 vel
636 1411 761 1480 haeresis,
813 1414 979 1483 potuerunt.

103 1501 166 1556 tatis
180 1502 346 1556 necessitate
358 1502 617 1574 perllispaniarum
632 1505 763 1561 ecclesias
849 1505 893 1560 IV.
914 1505 943 1561 Si
964 1504 1112 1577 episcopus
1133 1523 1220 1563 unam
1242 1508 1276 1564 de
1302 1507 1485 1580 parochianis
1506 1508 1629 1564 ecclesiis

117 1595 327 1667 pretermissas
348 1599 391 1650 cst
414 1597 494 1663 orde,
507 1598 577 1653 dum
600 1604 629 1654 et
649 1599 764 1654 licentia
813 1598 871 1654 suis
881 1599 1085 1654 monasterinm
1098 1599 1192 1656 dicare
1202 1602 1375 1668 volucritat
1387 1602 1416 1656 in
1428 1619 1462 1657 ea
1471 1601 1627 1657 monacho·

103 1689 353 1759 ‚transgrediendi
370 1693 400 1743 et
415 1690 570 1762 disciplinae
582 1692 658 1763 optio
673 1708 761 1764 nege·
813 1709 878 1747 rum
893 1692 1064 1764 regulariter
1078 1694 1266 1766 congregatio
1278 1694 1363 1762 vivat,
1377 1695 1429 1750 hoc
1442 1696 1477 1752 de
1490 1712 1630 1751 consensu

103 1798 123 1837 n
136 1784 229 1838 omnis
243 1799 371 1837 excessus
390 1783 504 1839 haeresis
525 1785 696 1856 prebaretur
711 1803 761 1857 pa·
772 1766 801 1840 Β
813 1785 924 1841 concilii
938 1785 983 1841 sui
995 1786 1100 1841 habeat
1114 1787 1258 1842 licentiam
1281 1788 1414 1855 faciendi,
1428 1788 1476 1860 qui
1496 1789 1581 1844 etiarn
1604 1789 1629 1844 si

103 1881 121 1932 ιι
135 1875 311 1930 abundantia
333 1877 400 1932 mali
423 1878 561 1950 temporis
574 1880 673 1949 procul
689 1883 763 1934 esset
813 1879 849 1936 de
863 1880 949 1935 rebus
961 1880 1086 1935 ecclesiae
1099 1897 1151 1952 pro
1164 1897 1264 1936 eorum
1275 1881 1434 1937 substantia
1447 1881 1555 1954 aliquid
1572 1899 1629 1954 quo

107 1968 272 2041 disciplinae.
287 1972 323 2024 At
337 1987 413 2025 nunc
434 1988 503 2042 pace
519 1972 643 2027 ecelesia
658 1972 763 2030 Christi
812 1973 1013 2029 detrimentam
1027 1974 1152 2029 ecclesiae
1167 1990 1226 2029 nen
1242 1975 1387 2045 exhibeat,
1405 1975 1497 2030 eidem
1511 1974 1572 2030 loco
1582 1975 1630 2031 de·

103 2063 144 2119 lia
172 2067 312 2135 reparata,
335 2064 410 2135 qued
431 2065 589 2136 priscorum
616 2083 761 2123 canonum
813 2066 930 2138 neverit,
944 2067 981 2123 sit
1002 2067 1111 2123 stabile.
1134 2067 1185 2124 Rei
1207 2068 1292 2123 hence
1318 2069 1477 2124 statuenda,
1499 2074 1629 2125 sunctum

115 2157 260 2229 probibet,
272 2157 309 2212 sit
321 2161 489 2230 resurgente
502 2159 650 2231 disciphna
660 2160 763 2216 inhibi-
813 2160 963 2216 concilium
978 2159 1028 2216 dat
1042 2177 1223 2216 consensum.

102 2251 763 2324 rturomnequodpracepitpermaneatinsuo
848 2254 1631 2329 V.Compertumestasanctoconcilie,episcopos,pre·

103 2344 238 2401 ciliorum
250 2344 378 2400 emnium
389 2346 540 2401 constituta
549 2347 633 2403 simul
644 2353 673 2403 et
682 2365 764 2420 syno-
813 2349 939 2420 sbyteros
957 2351 986 2404 ιι
1004 2348 1149 2418 ιιιιιοιιοι,
1164 2351 1313 2406 venientes
1336 2367 1371 2405 ex
1394 2349 1499 2405 haeresi
1522 2349 1629 2405 carnali

104 2444 200 2496 torum
223 2439 377 2510 praesulum
404 2441 596 2496 Romanorum
626 2442 761 2514 epistole.
812 2441 904 2498 adhuc
919 2440 1061 2497 desiderio
1077 2443 1212 2498 uxoribus
1232 2443 1368 2515 copulari.
1385 2445 1506 2514 Neergo
1524 2442 1559 2498 de
1574 2459 1629 2498 ιιι-

103 2548 186 2604 nceps
195 2532 230 2587 ad
243 2533 448 2604 promerendos
457 2534 581 2590 bonores
595 2536 763 2593 ecclesiasti·
815 2538 875 2589 tero
885 2535 940 2591 hoc
953 2535 1004 2591 flat
1025 2536 1199 2608 praecipitur,
1214 2537 1289 2609 quod
1304 2543 1333 2592 et
1346 2536 1503 2592 canonibus
1523 2535 1628 2607 priori-

103 2642 262 2681 icanenum
277 2629 382 2682 statuta
402 2628 509 2699 aspiret
529 2628 675 2700 indignus,
692 2631 764 2686 nihil
812 2628 866 2683 bus
887 2627 1059 2697 continetur,
1080 2631 1113 2683 ut
1128 2645 1187 2684 non
1204 2629 1287 2685 liceat
1307 2630 1348 2684 ιιι
1367 2630 1460 2686 virere
1481 2628 1628 2697 libidines,

103 2725 131 2775 at
152 2720 231 2792 quod
254 2721 341 2775 sancti
363 2722 460 2777 Patres
483 2721 591 2793 Spiritu
609 2723 660 2777 Dei
683 2723 764 2797 pleni
812 2721 1015 2790 societate,sed
1026 2725 1162 2778 manente
1174 2723 1308 2779 intereos
1320 2722 1464 2796 conjugali
1477 2723 1630 2795 legecom-

103 2812 223 2869 ;debere
236 2830 293 2867 nen
307 2814 380 2884 fieri,
392 2819 419 2871 ιι
434 2815 483 2886 qui
496 2817 763 2888 praesumpseritse·
813 2832 930 2871 munem
953 2815 1108 2871 utilitatem
1131 2815 1262 2884 habeant,
1277 2820 1306 2872 et
1327 2832 1383 2872 non
1408 2817 1460 2872 sub
1484 2832 1540 2871 nno
1563 2832 1630 2871 cen·

102 2906 211 2963 riorum
227 2924 369 2963 canonum
388 2908 584 2980 distringatur.
813 2909 883 2964 clavi
898 2912 1041 2977 maneant,
1055 2910 1097 2965 vel
1113 2912 1190 2965 certe
1203 2911 1226 2964 si
1246 2909 1422 2983 suffragatur
1433 2910 1522 2966 virtus
1536 2910 1565 2964 in
1577 2909 1633 2965 alia

103 3002 255 3056 exerentia
266 3005 294 3056 ιι
303 3002 474 3057 exaltatione
484 3003 667 3058 sanctissima
679 3006 764 3075 atque
814 3003 901 3058 domo
914 3019 997 3058 suam
1008 3019 1131 3058 uxorem
1143 3002 1229 3059 faciat
1241 3004 1382 3072 habitare,
1391 3006 1424 3059 ut
1433 3003 1545 3060 castitas
1555 3001 1631 3076 apud

103 3095 210 3150 issima
223 3096 327 3150 Christi
335 3095 403 3150 [idei
411 3100 530 3167 propter
539 3098 764 3153 corroborandas
815 3097 905 3152 Deum
915 3102 943 3152 et
952 3095 1028 3168 apud
1038 3096 1171 3151 hemines
1183 3096 1290 3153 habeat
1299 3097 1498 3153 testimoninm
1511 3097 1631 3152 honum.

103 3187 152 3244 das
165 3189 317 3244 homiuum
332 3189 468 3244 invalidas
483 3193 602 3258 mentes,
618 3208 682 3263 quae
705 3192 762 3247 ιιι·
774 3141 802 3216 C
815 3191 845 3247 Si
859 3190 908 3262 qui
921 3206 988 3246 vero
1002 3194 1068 3263 post
1082 3190 1156 3245 hanc
1177 3191 1400 3248 conventionem
1423 3191 1544 3247 obscene
1566 3206 1632 3246 cum

104 3282 190 3338 artim
205 3283 376 3354 ignorantiae
390 3283 456 3338 vitio
471 3284 536 3355 (quo
550 3285 715 3341 naturaliter
729 3285 764 3340 ab
815 3301 905 3340 uxore
927 3283 1046 3356 elegerit
1060 3283 1166 3354 vivere,
1182 3287 1214 3339 ut
1234 3302 1289 3340 nee
1310 3286 1400 3341 lector
1419 3285 1569 3355 habeatur,
1583 3283 1633 3357 qui

104 3376 238 3448 auspiciis
251 3377 395 3432 nascimur
409 3376 598 3450 obtenebrati)
612 3379 764 3434 ariaveri·
815 3394 882 3433 vero
895 3394 1012 3449 semper
1028 3377 1080 3432 sub
1105 3393 1212 3433 canone
1236 3378 1425 3434 ecclesiastico
1441 3377 1593 3448 jacuerint,
1608 3376 1632 3431 si

103 3486 159 3525 are
170 3470 274 3539 solent,
286 3472 391 3543 partim
400 3471 573 3527 educationis
583 3472 691 3528 infelici
702 3489 764 3527 cor·
815 3473 1055 3527 contraveterum
1077 3469 1214 3542 imperata
1234 3471 1264 3526 in
1288 3472 1346 3526 suis
1366 3471 1474 3527 cellulis
1496 3468 1631 3525 mulieres

104 3566 763 3637 pravataenonnunquamquodrectaratiemo·
815 3581 880 3638 quaa
903 3563 1029 3620 infamiae
1051 3563 1244 3636 suspicionem
1268 3569 1387 3636 possunt
1402 3580 1546 3636 generare,
1562 3580 1632 3619 con·

103 3659 192 3714 xrralis
212 3658 295 3714 decet
313 3660 474 3725 instinctus,
490 3665 519 3715 et
541 3660 621 3733 sequi
643 3659 766 3715 veritatis
816 3659 937 3714 sortium
950 3658 1114 3727 habuerint,
1128 3657 1170 3712 illi
1182 3658 1318 3714 canonice
1331 3656 1447 3730 quidem
1462 3658 1633 3728 distringan-

103 3751 246 3822 hertatur‚
258 3769 314 3807 non
328 3753 389 3809 sine
404 3755 485 3825 gravi
500 3754 607 3809 anime
617 3753 765 3826 dispendio
815 3759 872 3821 tur,
886 3751 1040 3808 mulierum
1051 3767 1118 3807 xero
1130 3768 1177 3807 res
1190 3751 1226 3806 ab
1237 3750 1632 3824 episcopisrenundentur,et

103 3863 140 3901 ιι.
160 3847 230 3901 ilinc
248 3847 297 3901 nbi
318 3846 415 3901 anima
436 3848 583 3902 rationalis
605 3848 701 3904 nobile
715 3847 767 3903 Dei
816 3846 942 3919 pretium
958 3845 1052 3918 ipsum
1066 3844 1239 3917 pauperibus
1254 3848 1399 3916 erogetur.

112 3940 261 4012 egregium
283 3942 437 3996 artificium
450 3942 635 3999 sanctissimae
648 3943 767 3999 Trinita·
851 3940 895 3996 vl.
910 3940 949 3995 lle
962 3938 1072 3996 libertis
1084 3942 1179 3995 autern
1196 3939 1251 3995 hoc
1266 3939 1404 4012 pracepit
1425 3942 1523 3994 sancta
1545 3953 1631 4011 syno-

103 4033 143 4089 rin
154 4051 184 4088 se
193 4035 312 4106 vestigia
322 4035 357 4090 ad
367 4036 409 4090 sui
421 4036 564 4092 Creatoris
574 4054 704 4093 amorem
714 4054 768 4109 per
816 4035 879 4103 dus,
893 4037 925 4090 nt
938 4033 961 4088 si
977 4031 1026 4105 qui
1040 4031 1200 4106 presbyteri
1212 4033 1256 4088 rel
1267 4030 1380 4088 diaconi
1393 4032 1429 4088 ab
1444 4032 1605 4105 episcopias
1621 4063 1633 4074 -

103 4128 685 4202 elligentiamdeberetelevariignorantiae
692 4135 768 4187 tene·
817 4129 854 4185 ιιι
862 4126 1092 4184 suntsecundum
1103 4125 1222 4182 modum
1236 4142 1293 4199 quo
1305 4143 1429 4182 canones
1442 4126 1552 4199 antiqui
1563 4126 1634 4182 dant

103 4222 175 4291 luta,
198 4223 234 4278 ad
258 4223 373 4278 heresis
392 4225 562 4296 pravitatem
584 4225 704 4294 deflexa,
724 4225 767 4280 sni
816 4222 1034 4291 licentiam,sint
1045 4220 1138 4289 liberi,
1156 4225 1185 4277 et
1197 4225 1295 4276 tamen
1308 4238 1326 4276 a
1338 4220 1495 4293 patronicio
1509 4220 1633 4276 ecclesiae

103 4332 200 4372 rerum
221 4317 329 4372 cultum
351 4318 458 4373 deserit
479 4318 533 4372 diis
553 4319 653 4374 alienis
676 4319 767 4374 inser·
817 4321 877 4372 tam
888 4315 982 4373 clerici
995 4332 1083 4388 quam
1096 4315 1131 4370 ab
1144 4315 1184 4371 eis
1197 4315 1346 4389 progeniti
1364 4331 1422 4370 non
1437 4315 1581 4384 recedant,
1597 4315 1633 4371 ab

103 4409 210 4484 ligitur
230 4411 418 4468 incommodis
441 4413 607 4468 occurrendi
627 4430 721 4482 causa,
738 4418 770 4470 ut
818 4411 880 4466 aliis
894 4425 1007 4483 qxxoque
1021 4408 1146 4464 libertati
1156 4408 1254 4464 traditi
1265 4407 1428 4464 etecclesiis
1440 4407 1633 4464 commendati

103 4505 155 4560 bes
164 4506 249 4577 longe
261 4507 447 4579 repellantur,
457 4510 486 4561 et
494 4507 623 4562 veritatis
633 4525 665 4562 ae
676 4509 767 4564 unicae
777 4516 808 4589 Ι)
817 4504 974 4578 patrocinio
995 4503 1120 4575 episcopi
1134 4502 1317 4574 colligantur,
1331 4506 1359 4557 et
1373 4518 1410 4557 ne
1429 4501 1564 4574 cuiquam
1583 4502 1633 4556 do·

102 4599 164 4655 ador
177 4601 298 4668 illuceat,
315 4601 521 4672 hominumque
534 4603 679 4658 mentibus
691 4603 768 4675 puri·
817 4603 922 4657 nentur
935 4614 953 4653 a
964 4597 1094 4671 principe
1107 4597 1161 4651 hoc
1175 4596 1326 4669 episcopus
1338 4596 1472 4666 postulet.

103 4693 143 4749 ’iae
164 4694 319 4749 infallibilis
342 4695 512 4766 puchritude
542 4697 693 4765 inseratur,
715 4714 769 4770 per
854 4694 908 4749 Vll.
923 4694 977 4748 Pro
989 4691 1149 4747 reverentia
1162 4688 1212 4745 Dei
1225 4694 1253 4745 et
1268 4689 1448 4744 sacerdotum
1461 4688 1489 4744 id
1503 4688 1635 4745 universa

103 4804 130 4843 ιι
143 4789 515 4845 animaeallectnsinlleum
530 4807 615 4845 suum
631 4792 767 4860 elevetur,
818 4789 913 4844 sancta
939 4784 1086 4841 constituit
1114 4782 1250 4856 synodus,
1269 4786 1302 4838 ut
1326 4781 1392 4854 quia
1416 4783 1508 4839 solent
1534 4784 1633 4839 crebro

103 4886 161 4955 ipta
170 4883 310 4939 desiderio
323 4885 456 4955 prudenti
469 4884 605 4956 indagine
618 4885 767 4940 oculorum
818 4879 924 4937 mensis
936 4880 1033 4936 edesse
1047 4878 1152 4933 fabulae
1164 4877 1318 4949 interponi,
1328 4876 1358 4931 in
1373 4875 1454 4933 omni
1468 4878 1634 4933 sacerdotali

102 4978 196 5032 lumen
212 4979 338 5032 veritatis
355 4978 584 5050 inexstinguibile
600 4981 674 5050 (quaa
695 4980 769 5035 Deus
819 4973 948 5031 convivio
963 4972 1046 5029 lectio
1061 4971 1271 5043 scripturarum
1291 4969 1453 5026 divinarum
1469 4972 1633 5039 misceatur,

103 5087 134 5126 us
146 5076 304 5141 convertat,
314 5073 374 5127 sine
384 5074 427 5144 cuj
433 5091 464 5128 us
477 5074 595 5128 obtentu
609 5073 679 5127 nihil
693 5072 769 5128 aliud
820 5086 871 5141 per
883 5069 938 5125 hec
950 5066 1028 5123 enim
1039 5070 1068 5122 et
1077 5066 1180 5121 anima
1191 5065 1369 5120 [adificantur
1380 5065 1417 5121 ad
1430 5065 1549 5134 benum,
1560 5069 1588 5121 ιι
1596 5065 1635 5119 la·

103 5182 217 5238 squam
232 5167 374 5234 caecutire,
388 5184 474 5239 qnam
490 5168 634 5234 aberrare,
652 5184 736 5238 quam
753 5184 771 5222 a
819 5163 894 5219 bulte
908 5178 967 5217 non
984 5159 1153 5217 necessaria
1167 5158 1365 5232 prohibentur.

103 5276 187 5332 acopo
200 5260 347 5329 dimoveri,
359 5263 487 5317 consultu
499 5261 616 5332 piissimi
627 5264 656 5316 et
666 5262 770 5333 glorio·
854 5257 923 5312 Vlll.
937 5254 1057 5313 anente
1072 5255 1169 5310 autem
1186 5257 1271 5327 atque
1294 5252 1488 5310 consentiente
1512 5251 1633 5308 Domino

103 5354 230 5410 ecearedi
251 5355 326 5425 regis
349 5356 497 5410 constituit
517 5357 651 5427 synodus,
672 5362 704 5411 ut
720 5373 771 5428 per
821 5355 981 5412 Reecaredo
1005 5353 1035 5410 id
1057 5352 1192 5425 precepit
1218 5352 1392 5408 sacerdotale
1420 5349 1579 5420 concilium,
1603 5353 1635 5405 ιιι

103 5447 193 5503 deeius
202 5448 342 5520 llispaniae
353 5453 382 5504 et
391 5449 530 5504 Gallaecia
541 5450 699 5505 secundum
712 5451 769 5505 ter·
820 5450 934 5506 clericos
947 5465 981 5504 ex
997 5447 1106 5503 familie
1119 5444 1179 5501 sisci
1192 5446 1287 5501 nullus
1301 5445 1403 5502 audeat
1416 5460 1432 5499 a
1445 5443 1571 5514 principe
1583 5443 1633 5498 de·

103 5543 772 5616 ntaliumecclesiarumcenciliiConstantinopo·
821 5547 902 5601 nates
916 5546 1059 5615 expetere,
1073 5539 1123 5596 sed
1137 5538 1233 5595 traditi
1248 5539 1348 5611 capitis
1370 5537 1413 5592 sui
1432 5537 1571 5592 tributum
1588 5552 1635 5591 ec-

103 5653 115 5693 e
136 5642 182 5692 est
201 5644 317 5693 centnm
341 5638 549 5710 qninquaginta
572 5638 771 5709 episcoporum
822 5637 914 5694 clasiae
926 5636 985 5706 Dei,
999 5635 1044 5690 cui
1059 5637 1126 5689 snut
1148 5632 1257 5705 alligati
1275 5647 1366 5704 usque
1376 5629 1455 5686 dum
1468 5628 1575 5700 vivunt,
1591 5645 1635 5686 re·

103 5730 199 5789 ntidei
222 5731 357 5788 recitetur
378 5736 406 5786 et
429 5733 598 5804 priusquam
626 5733 773 5788 beminiea
823 5729 1184 5805 gulariteradministrent.

103 5826 179 5898 atie,
189 5842 258 5884 voce
277 5829 350 5882 clara
371 5827 549 5900 pirxedicctm,
559 5845 616 5901 quo
632 5828 699 5885 tides
710 5841 772 5886 vera
858 5824 902 5885 lli.
918 5825 1036 5881 lisereto
1055 5823 1142 5897 hujus
1154 5818 1264 5876 concilii
1278 5817 1331 5874 boc
1344 5817 1489 5889 statuitur,
1504 5824 1538 5876 ιιι
1552 5820 1641 5879 eecle-
