<?xml version="1.0" encoding="UTF-8"?>
<!DOCTYPE html PUBLIC "-//W3C//DTD XHTML 1.0 Transitional//EN"
    "http://www.w3.org/TR/xhtml1/DTD/xhtml1-transitional.dtd">
<html xmlns="http://www.w3.org/1999/xhtml" xml:lang="en" lang="en">
 <head>
  <title>
</title>
<meta http-equiv="Content-Type" content="text/html;charset=utf-8" />
  <meta name='ocr-system' content='tesseract 3.04.00' />
  <meta name='ocr-capabilities' content='ocr_page ocr_carea ocr_par ocr_line ocrx_word'/>
</head>
<body>
  <div class='ocr_page' id='page_1' title='image "./patrologiaecurs03unkngoog_0123.png"; bbox 0 0 3870 6150; ppageno 0'>
   <div class='ocr_carea' id='block_1_1' title="bbox 128 234 1811 432">
    <p class='ocr_par' dir='ltr' id='par_1_1' title="bbox 128 234 1811 432">
     <span class='ocr_line' id='line_1_1' title="bbox 129 234 1811 297; baseline -0.002 -1"><span class='ocrx_word' id='word_1_1' title='bbox 129 241 177 296; x_wconf 81' lang='lat' dir='ltr'>ltll</span> <span class='ocrx_word' id='word_1_2' title='bbox 573 237 717 296; x_wconf 72' lang='lat' dir='ltr'><strong>APPEND.</strong></span> <span class='ocrx_word' id='word_1_3' title='bbox 736 239 781 297; x_wconf 81' lang='grc' dir='ltr'>ΑΙ)</span> <span class='ocrx_word' id='word_1_4' title='bbox 799 238 880 294; x_wconf 81' lang='lat' dir='ltr'>SAEC.</span> <span class='ocrx_word' id='word_1_5' title='bbox 901 238 994 294; x_wconf 76' lang='grc'><strong>111-</strong></span> <span class='ocrx_word' id='word_1_6' title='bbox 1014 236 1136 294; x_wconf 86' lang='lat' dir='ltr'>lSlDDlll</span> <span class='ocrx_word' id='word_1_7' title='bbox 1155 234 1366 295; x_wconf 72' lang='lat' dir='ltr'>medimnis</span> <span class='ocrx_word' id='word_1_8' title='bbox 1762 237 1811 292; x_wconf 75' lang='lat' dir='ltr'>tlt-2</span> 
     </span>
     <span class='ocr_line' id='line_1_2' title="bbox 128 342 1811 432; baseline -0.001 -30"><span class='ocrx_word' id='word_1_9' title='bbox 128 345 244 419; x_wconf 90' lang='lat' dir='ltr'>spiritus</span> <span class='ocrx_word' id='word_1_10' title='bbox 258 345 302 402; x_wconf 91' lang='lat' dir='ltr'>sui</span> <span class='ocrx_word' id='word_1_11' title='bbox 321 346 382 419; x_wconf 93' lang='lat' dir='ltr'>ipse</span> <span class='ocrx_word' id='word_1_12' title='bbox 403 347 483 418; x_wconf 89' lang='lat' dir='ltr'>cujus</span> <span class='ocrx_word' id='word_1_13' title='bbox 501 346 620 402; x_wconf 84' lang='lat' dir='ltr'>artificio</span> <span class='ocrx_word' id='word_1_14' title='bbox 639 348 722 420; x_wconf 91' lang='lat' dir='ltr'>quasi</span> <span class='ocrx_word' id='word_1_15' title='bbox 741 347 771 402; x_wconf 91' lang='lat' dir='ltr'>in</span> <span class='ocrx_word' id='word_1_16' title='bbox 790 363 863 402; x_wconf 84' lang='lat' dir='ltr'>arcae</span> <span class='ocrx_word' id='word_1_17' title='bbox 880 363 942 401; x_wconf 92' lang='lat' dir='ltr'>mo·</span> <span class='ocrx_word' id='word_1_18' title='bbox 955 357 984 432; x_wconf 68' lang='grc' dir='ltr'><strong>Α</strong></span> <span class='ocrx_word' id='word_1_19' title='bbox 995 346 1054 401; x_wconf 92' lang='lat' dir='ltr'>dite</span> <span class='ocrx_word' id='word_1_20' title='bbox 1065 346 1185 401; x_wconf 85' lang='lat' dir='ltr'>verbum</span> <span class='ocrx_word' id='word_1_21' title='bbox 1200 345 1314 402; x_wconf 85' lang='lat' dir='ltr'><strong>Domini</strong></span> <span class='ocrx_word' id='word_1_22' title='bbox 1335 344 1383 417; x_wconf 91' lang='lat' dir='ltr'>qui</span> <span class='ocrx_word' id='word_1_23' title='bbox 1401 343 1525 400; x_wconf 82' lang='lat' dir='ltr'><strong>tremitis</strong></span> <span class='ocrx_word' id='word_1_24' title='bbox 1543 342 1715 399; x_wconf 82' lang='lat' dir='ltr'>adverbum</span> <span class='ocrx_word' id='word_1_25' title='bbox 1738 343 1811 415; x_wconf 90' lang='lat' dir='ltr'>ejus.</span> 
     </span>
    </p>
   </div>
   <div class='ocr_carea' id='block_1_2' title="bbox 120 437 1828 5868">
    <p class='ocr_par' dir='ltr' id='par_1_2' title="bbox 120 437 1818 5868">
     <span class='ocr_line' id='line_1_3' title="bbox 129 437 1813 513; baseline -0.001 -17"><span class='ocrx_word' id='word_1_26' title='bbox 129 440 199 496; x_wconf 93' lang='lat' dir='ltr'>dum</span> <span class='ocrx_word' id='word_1_27' title='bbox 211 445 334 512; x_wconf 85' lang='lat' dir='ltr'>quatuor</span> <span class='ocrx_word' id='word_1_28' title='bbox 349 441 451 496; x_wconf 91' lang='lat' dir='ltr'>mundi</span> <span class='ocrx_word' id='word_1_29' title='bbox 468 443 631 497; x_wconf 87' lang='lat' dir='ltr'>constructa</span> <span class='ocrx_word' id='word_1_30' title='bbox 643 440 777 497; x_wconf 89' lang='lat' dir='ltr'>lateribus</span> <span class='ocrx_word' id='word_1_31' title='bbox 790 444 875 513; x_wconf 92' lang='lat' dir='ltr'>atque</span> <span class='ocrx_word' id='word_1_32' title='bbox 888 440 943 495; x_wconf 92' lang='lat' dir='ltr'>im-</span> <span class='ocrx_word' id='word_1_33' title='bbox 994 440 1133 496; x_wconf 85' lang='lat' dir='ltr'>Dixerunt</span> <span class='ocrx_word' id='word_1_34' title='bbox 1155 440 1255 496; x_wconf 83' lang='lat' dir='ltr'>fratres</span> <span class='ocrx_word' id='word_1_35' title='bbox 1282 438 1366 496; x_wconf 88' lang='lat' dir='ltr'>vestri</span> <span class='ocrx_word' id='word_1_36' title='bbox 1387 438 1516 494; x_wconf 90' lang='lat' dir='ltr'>odientes</span> <span class='ocrx_word' id='word_1_37' title='bbox 1530 454 1578 493; x_wconf 86' lang='lat' dir='ltr'>vos</span> <span class='ocrx_word' id='word_1_38' title='bbox 1598 440 1628 493; x_wconf 90' lang='grc'>11</span> <span class='ocrx_word' id='word_1_39' title='bbox 1645 437 1813 509; x_wconf 88' lang='lat' dir='ltr'>abjicientes</span> 
     </span>
     <span class='ocr_line' id='line_1_4' title="bbox 128 531 1811 608; baseline -0.004 -17"><span class='ocrx_word' id='word_1_40' title='bbox 128 533 306 607; x_wconf 83' lang='lat' dir='ltr'>putribilium</span> <span class='ocrx_word' id='word_1_41' title='bbox 319 534 464 607; x_wconf 90' lang='lat' dir='ltr'>liguomm</span> <span class='ocrx_word' id='word_1_42' title='bbox 485 550 636 608; x_wconf 78' lang='lat' dir='ltr'>compage,</span> <span class='ocrx_word' id='word_1_43' title='bbox 656 538 685 591; x_wconf 92' lang='lat' dir='ltr'>et</span> <span class='ocrx_word' id='word_1_44' title='bbox 697 533 837 590; x_wconf 74' lang='lat' dir='ltr'><strong>bitumine</strong></span> <span class='ocrx_word' id='word_1_45' title='bbox 852 534 944 590; x_wconf 92' lang='lat' dir='ltr'>chari·</span> <span class='ocrx_word' id='word_1_46' title='bbox 994 537 1111 606; x_wconf 89' lang='lat' dir='ltr'>pmpter</span> <span class='ocrx_word' id='word_1_47' title='bbox 1125 550 1231 590; x_wconf 89' lang='lat' dir='ltr'>nomen</span> <span class='ocrx_word' id='word_1_48' title='bbox 1245 550 1353 589; x_wconf 90' lang='lat' dir='ltr'>meum.</span> <span class='ocrx_word' id='word_1_49' title='bbox 1372 533 1549 588; x_wconf 85' lang='lat' dir='ltr'>Glorisrcctur</span> <span class='ocrx_word' id='word_1_50' title='bbox 1566 531 1707 588; x_wconf 84' lang='lat' dir='ltr'><strong>Dominus</strong></span> <span class='ocrx_word' id='word_1_51' title='bbox 1726 534 1756 586; x_wconf 90' lang='grc'>11</span> <span class='ocrx_word' id='word_1_52' title='bbox 1770 533 1811 586; x_wconf 84' lang='grc'>11-</span> 
     </span>
     <span class='ocr_line' id='line_1_5' title="bbox 129 625 1812 701; baseline -0.001 -18"><span class='ocrx_word' id='word_1_53' title='bbox 129 628 193 684; x_wconf 89' lang='lat' dir='ltr'>tatis</span> <span class='ocrx_word' id='word_1_54' title='bbox 207 628 333 700; x_wconf 86' lang='lat' dir='ltr'>astricta,</span> <span class='ocrx_word' id='word_1_55' title='bbox 346 633 380 684; x_wconf 90' lang='lat' dir='ltr'>ut</span> <span class='ocrx_word' id='word_1_56' title='bbox 399 628 503 685; x_wconf 89' lang='lat' dir='ltr'>uuDius</span> <span class='ocrx_word' id='word_1_57' title='bbox 516 629 684 685; x_wconf 83' lang='lat' dir='ltr'>adversitate</span> <span class='ocrx_word' id='word_1_58' title='bbox 699 627 822 701; x_wconf 91' lang='lat' dir='ltr'>spiritus,</span> <span class='ocrx_word' id='word_1_59' title='bbox 840 627 945 683; x_wconf 88' lang='lat' dir='ltr'>nullius</span> <span class='ocrx_word' id='word_1_60' title='bbox 996 627 1125 683; x_wconf 83' lang='lat' dir='ltr'>dabimus</span> <span class='ocrx_word' id='word_1_61' title='bbox 1137 628 1167 682; x_wconf 92' lang='lat' dir='ltr'>in</span> <span class='ocrx_word' id='word_1_62' title='bbox 1181 628 1280 683; x_wconf 82' lang='lat' dir='ltr'>laetitia</span> <span class='ocrx_word' id='word_1_63' title='bbox 1295 630 1397 696; x_wconf 84' lang='lat' dir='ltr'>vestra,</span> <span class='ocrx_word' id='word_1_64' title='bbox 1409 626 1465 698; x_wconf 89' lang='lat' dir='ltr'>ipsi</span> <span class='ocrx_word' id='word_1_65' title='bbox 1475 627 1571 682; x_wconf 90' lang='lat' dir='ltr'>autem</span> <span class='ocrx_word' id='word_1_66' title='bbox 1588 625 1812 682; x_wconf 81' lang='lat' dir='ltr'>confundentur.</span> 
     </span>
     <span class='ocr_line' id='line_1_6' title="bbox 128 719 1813 794; baseline -0.001 -16"><span class='ocrx_word' id='word_1_67' title='bbox 128 722 268 778; x_wconf 83' lang='lat' dir='ltr'>venientis</span> <span class='ocrx_word' id='word_1_68' title='bbox 292 724 465 779; x_wconf 85' lang='lat' dir='ltr'>extrinsecus</span> <span class='ocrx_word' id='word_1_69' title='bbox 490 727 602 778; x_wconf 89' lang='lat' dir='ltr'>tumore</span> <span class='ocrx_word' id='word_1_70' title='bbox 630 722 731 778; x_wconf 88' lang='lat' dir='ltr'>Ductus</span> <span class='ocrx_word' id='word_1_71' title='bbox 763 722 947 794; x_wconf 75' lang='lat' dir='ltr'>perturbetur</span> <span class='ocrx_word' id='word_1_72' title='bbox 994 722 1053 777; x_wconf 82' lang='lat' dir='ltr'>Vox</span> <span class='ocrx_word' id='word_1_73' title='bbox 1076 722 1174 793; x_wconf 92' lang='lat' dir='ltr'>populi</span> <span class='ocrx_word' id='word_1_74' title='bbox 1189 721 1225 777; x_wconf 93' lang='lat' dir='ltr'>de</span> <span class='ocrx_word' id='word_1_75' title='bbox 1239 721 1359 791; x_wconf 83' lang='lat' dir='ltr'>civitate,</span> <span class='ocrx_word' id='word_1_76' title='bbox 1373 737 1424 775; x_wconf 86' lang='lat' dir='ltr'>vox</span> <span class='ocrx_word' id='word_1_77' title='bbox 1438 720 1472 776; x_wconf 92' lang='lat' dir='ltr'>de</span> <span class='ocrx_word' id='word_1_78' title='bbox 1490 720 1608 792; x_wconf 92' lang='lat' dir='ltr'>templo,</span> <span class='ocrx_word' id='word_1_79' title='bbox 1623 735 1678 775; x_wconf 82' lang='lat' dir='ltr'>vox</span> <span class='ocrx_word' id='word_1_80' title='bbox 1699 719 1813 776; x_wconf 87' lang='lat' dir='ltr'><strong>Domini</strong></span> 
     </span>
     <span class='ocr_line' id='line_1_7' title="bbox 128 814 1813 889; baseline -0.001 -19"><span class='ocrx_word' id='word_1_81' title='bbox 128 816 574 889; x_wconf 85' lang='lat' dir='ltr'>Ecclesia.Sedquemadmodum</span> <span class='ocrx_word' id='word_1_82' title='bbox 582 816 657 872; x_wconf 90' lang='lat' dir='ltr'>illius</span> <span class='ocrx_word' id='word_1_83' title='bbox 666 817 845 888; x_wconf 89' lang='lat' dir='ltr'>gubernante</span> <span class='ocrx_word' id='word_1_84' title='bbox 853 815 946 888; x_wconf 84' lang='lat' dir='ltr'>gratia</span> <span class='ocrx_word' id='word_1_85' title='bbox 994 814 1140 870; x_wconf 88' lang='lat' dir='ltr'>reddentis</span> <span class='ocrx_word' id='word_1_86' title='bbox 1166 814 1383 871; x_wconf 89' lang='lat' dir='ltr'>retributionem</span> <span class='ocrx_word' id='word_1_87' title='bbox 1408 814 1531 870; x_wconf 89' lang='lat' dir='ltr'>inimicis</span> <span class='ocrx_word' id='word_1_88' title='bbox 1554 814 1624 870; x_wconf 87' lang='lat' dir='ltr'>suis.</span> <span class='ocrx_word' id='word_1_89' title='bbox 1648 816 1813 886; x_wconf 80' lang='lat' dir='ltr'>Antequam</span> 
     </span>
     <span class='ocr_line' id='line_1_8' title="bbox 128 907 1809 984; baseline -0.002 -19"><span class='ocrx_word' id='word_1_90' title='bbox 128 911 286 982; x_wconf 88' lang='lat' dir='ltr'>petendum</span> <span class='ocrx_word' id='word_1_91' title='bbox 304 917 356 980; x_wconf 89' lang='lat' dir='ltr'>est,</span> <span class='ocrx_word' id='word_1_92' title='bbox 376 911 502 966; x_wconf 90' lang='lat' dir='ltr'>utnulla</span> <span class='ocrx_word' id='word_1_93' title='bbox 520 927 573 967; x_wconf 93' lang='lat' dir='ltr'>nos</span> <span class='ocrx_word' id='word_1_94' title='bbox 596 911 800 984; x_wconf 84' lang='lat' dir='ltr'>superveniens</span> <span class='ocrx_word' id='word_1_95' title='bbox 821 909 945 966; x_wconf 82' lang='lat' dir='ltr'>exterius</span> <span class='ocrx_word' id='word_1_96' title='bbox 994 909 1157 980; x_wconf 75' lang='lat' dir='ltr'>parturiret,</span> <span class='ocrx_word' id='word_1_97' title='bbox 1174 909 1296 981; x_wconf 85' lang='lat' dir='ltr'>peperit,</span> <span class='ocrx_word' id='word_1_98' title='bbox 1318 911 1473 980; x_wconf 89' lang='lat' dir='ltr'>antequam</span> <span class='ocrx_word' id='word_1_99' title='bbox 1493 907 1605 963; x_wconf 83' lang='lat' dir='ltr'>veniret</span> <span class='ocrx_word' id='word_1_100' title='bbox 1623 913 1723 980; x_wconf 89' lang='lat' dir='ltr'>partus</span> <span class='ocrx_word' id='word_1_101' title='bbox 1742 908 1809 979; x_wconf 83' lang='lat' dir='ltr'>ejus,</span> 
     </span>
     <span class='ocr_line' id='line_1_9' title="bbox 129 1001 1812 1075; baseline -0.002 -16"><span class='ocrx_word' id='word_1_102' title='bbox 129 1004 206 1059; x_wconf 88' lang='lat' dir='ltr'>unda</span> <span class='ocrx_word' id='word_1_103' title='bbox 221 1003 381 1072; x_wconf 91' lang='lat' dir='ltr'>conturbet,</span> <span class='ocrx_word' id='word_1_104' title='bbox 392 1004 431 1059; x_wconf 90' lang='lat' dir='ltr'>ita</span> <span class='ocrx_word' id='word_1_105' title='bbox 443 1022 477 1060; x_wconf 83' lang='lat' dir='ltr'>ex</span> <span class='ocrx_word' id='word_1_106' title='bbox 490 1005 556 1060; x_wconf 86' lang='lat' dir='ltr'>totis</span> <span class='ocrx_word' id='word_1_107' title='bbox 571 1006 713 1062; x_wconf 90' lang='lat' dir='ltr'>orandum</span> <span class='ocrx_word' id='word_1_108' title='bbox 726 1008 769 1061; x_wconf 90' lang='lat' dir='ltr'>est</span> <span class='ocrx_word' id='word_1_109' title='bbox 781 1003 943 1074; x_wconf 86' lang='lat' dir='ltr'>visceribus,</span> <span class='ocrx_word' id='word_1_110' title='bbox 994 1002 1105 1075; x_wconf 86' lang='lat' dir='ltr'>peperit</span> <span class='ocrx_word' id='word_1_111' title='bbox 1132 1002 1302 1057; x_wconf 89' lang='lat' dir='ltr'>masculum.</span> <span class='ocrx_word' id='word_1_112' title='bbox 1324 1001 1392 1068; x_wconf 82' lang='lat' dir='ltr'>Quis</span> <span class='ocrx_word' id='word_1_113' title='bbox 1411 1002 1520 1057; x_wconf 88' lang='lat' dir='ltr'>audivit</span> <span class='ocrx_word' id='word_1_114' title='bbox 1542 1018 1671 1074; x_wconf 89' lang='lat' dir='ltr'>uuquam</span> <span class='ocrx_word' id='word_1_115' title='bbox 1693 1002 1764 1070; x_wconf 88' lang='lat' dir='ltr'>tale,</span> <span class='ocrx_word' id='word_1_116' title='bbox 1785 1005 1812 1057; x_wconf 91' lang='lat' dir='ltr'>et</span> 
     </span>
     <span class='ocr_line' id='line_1_10' title="bbox 129 1095 1811 1171; baseline -0.001 -19"><span class='ocrx_word' id='word_1_117' title='bbox 129 1097 218 1152; x_wconf 82' lang='lat' dir='ltr'>trater</span> <span class='ocrx_word' id='word_1_118' title='bbox 226 1097 401 1166; x_wconf 85' lang='lat' dir='ltr'>charissime,</span> <span class='ocrx_word' id='word_1_119' title='bbox 410 1101 444 1152; x_wconf 89' lang='lat' dir='ltr'>nt</span> <span class='ocrx_word' id='word_1_120' title='bbox 455 1115 514 1154; x_wconf 87' lang='grc'><strong>1111</strong></span> <span class='ocrx_word' id='word_1_121' title='bbox 524 1098 714 1171; x_wconf 73' lang='lat' dir='ltr'>providentiae</span> <span class='ocrx_word' id='word_1_122' title='bbox 724 1098 839 1154; x_wconf 84' lang='lat' dir='ltr'>dextera</span> <span class='ocrx_word' id='word_1_123' title='bbox 849 1113 946 1152; x_wconf 91' lang='lat' dir='ltr'>cumu-</span> <span class='ocrx_word' id='word_1_124' title='bbox 994 1097 1058 1170; x_wconf 90' lang='lat' dir='ltr'>quis</span> <span class='ocrx_word' id='word_1_125' title='bbox 1070 1096 1141 1151; x_wconf 87' lang='lat' dir='ltr'>vidit</span> <span class='ocrx_word' id='word_1_126' title='bbox 1153 1097 1219 1151; x_wconf 92' lang='lat' dir='ltr'>huic</span> <span class='ocrx_word' id='word_1_127' title='bbox 1230 1095 1380 1153; x_wconf 73' lang='lat' dir='ltr'>similiter?</span> <span class='ocrx_word' id='word_1_128' title='bbox 1393 1096 1528 1168; x_wconf 88' lang='lat' dir='ltr'>Nunquid</span> <span class='ocrx_word' id='word_1_129' title='bbox 1542 1096 1682 1167; x_wconf 88' lang='lat' dir='ltr'>parturiet</span> <span class='ocrx_word' id='word_1_130' title='bbox 1694 1097 1811 1151; x_wconf 88' lang='lat' dir='ltr'>terrain</span> 
     </span>
     <span class='ocr_line' id='line_1_11' title="bbox 129 1189 1812 1262; baseline -0.001 -16"><span class='ocrx_word' id='word_1_131' title='bbox 129 1191 189 1246; x_wconf 93' lang='lat' dir='ltr'>lum</span> <span class='ocrx_word' id='word_1_132' title='bbox 203 1191 325 1247; x_wconf 85' lang='lat' dir='ltr'>sentinae</span> <span class='ocrx_word' id='word_1_133' title='bbox 336 1192 419 1247; x_wconf 91' lang='lat' dir='ltr'>nobis</span> <span class='ocrx_word' id='word_1_134' title='bbox 434 1192 578 1248; x_wconf 92' lang='lat' dir='ltr'>interioris</span> <span class='ocrx_word' id='word_1_135' title='bbox 590 1193 746 1248; x_wconf 85' lang='lat' dir='ltr'>exhauriat.</span> <span class='ocrx_word' id='word_1_136' title='bbox 761 1190 945 1247; x_wconf 77' lang='lat' dir='ltr'>Adversarius</span> <span class='ocrx_word' id='word_1_137' title='bbox 994 1191 1040 1249; x_wconf 90' lang='lat' dir='ltr'>die</span> <span class='ocrx_word' id='word_1_138' title='bbox 1055 1207 1122 1257; x_wconf 89' lang='lat' dir='ltr'>una,</span> <span class='ocrx_word' id='word_1_139' title='bbox 1137 1193 1186 1245; x_wconf 88' lang='lat' dir='ltr'>aut</span> <span class='ocrx_word' id='word_1_140' title='bbox 1199 1190 1375 1262; x_wconf 89' lang='lat' dir='ltr'>parturietur</span> <span class='ocrx_word' id='word_1_141' title='bbox 1387 1205 1458 1260; x_wconf 91' lang='lat' dir='ltr'>gens</span> <span class='ocrx_word' id='word_1_142' title='bbox 1477 1189 1561 1244; x_wconf 90' lang='lat' dir='ltr'>simul</span> <span class='ocrx_word' id='word_1_143' title='bbox 1577 1189 1643 1262; x_wconf 93' lang='lat' dir='ltr'>quia</span> <span class='ocrx_word' id='word_1_144' title='bbox 1661 1189 1812 1262; x_wconf 77' lang='lat' dir='ltr'>parturivit</span> 
     </span>
     <span class='ocr_line' id='line_1_12' title="bbox 129 1283 1810 1359; baseline -0.001 -20"><span class='ocrx_word' id='word_1_145' title='bbox 129 1283 235 1357; x_wconf 90' lang='lat' dir='ltr'>quippe</span> <span class='ocrx_word' id='word_1_146' title='bbox 243 1284 374 1341; x_wconf 88' lang='lat' dir='ltr'>diabolus</span> <span class='ocrx_word' id='word_1_147' title='bbox 384 1285 432 1359; x_wconf 91' lang='lat' dir='ltr'>qui</span> <span class='ocrx_word' id='word_1_148' title='bbox 442 1289 541 1342; x_wconf 89' lang='lat' dir='ltr'>contra</span> <span class='ocrx_word' id='word_1_149' title='bbox 550 1287 675 1342; x_wconf 93' lang='lat' dir='ltr'>humiles</span> <span class='ocrx_word' id='word_1_150' title='bbox 685 1286 804 1342; x_wconf 75' lang='lat' dir='ltr'>saeviens</span> <span class='ocrx_word' id='word_1_151' title='bbox 814 1286 887 1341; x_wconf 89' lang='lat' dir='ltr'>sient</span> <span class='ocrx_word' id='word_1_152' title='bbox 898 1284 945 1341; x_wconf 93' lang='lat' dir='ltr'>leo</span> <span class='ocrx_word' id='word_1_153' title='bbox 994 1288 1023 1342; x_wconf 90' lang='lat' dir='ltr'>et</span> <span class='ocrx_word' id='word_1_154' title='bbox 1037 1285 1151 1357; x_wconf 89' lang='lat' dir='ltr'>peperit</span> <span class='ocrx_word' id='word_1_155' title='bbox 1164 1283 1231 1340; x_wconf 90' lang='lat' dir='ltr'>Sion</span> <span class='ocrx_word' id='word_1_156' title='bbox 1245 1284 1318 1340; x_wconf 88' lang='lat' dir='ltr'>tilios</span> <span class='ocrx_word' id='word_1_157' title='bbox 1333 1284 1419 1339; x_wconf 83' lang='lat' dir='ltr'>suos?</span> <span class='ocrx_word' id='word_1_158' title='bbox 1442 1283 1574 1356; x_wconf 89' lang='lat' dir='ltr'>Nunquid</span> <span class='ocrx_word' id='word_1_159' title='bbox 1594 1299 1649 1355; x_wconf 85' lang='lat' dir='ltr'>ego</span> <span class='ocrx_word' id='word_1_160' title='bbox 1672 1283 1724 1354; x_wconf 91' lang='lat' dir='ltr'>qui</span> <span class='ocrx_word' id='word_1_161' title='bbox 1745 1283 1810 1338; x_wconf 90' lang='lat' dir='ltr'>alios</span> 
     </span>
     <span class='ocr_line' id='line_1_13' title="bbox 129 1376 1810 1453; baseline 0 -21"><span class='ocrx_word' id='word_1_162' title='bbox 129 1378 247 1450; x_wconf 89' lang='lat' dir='ltr'>rugiens</span> <span class='ocrx_word' id='word_1_163' title='bbox 263 1379 363 1435; x_wconf 84' lang='lat' dir='ltr'>circuit</span> <span class='ocrx_word' id='word_1_164' title='bbox 374 1397 504 1452; x_wconf 75' lang='lat' dir='ltr'>quaerens</span> <span class='ocrx_word' id='word_1_165' title='bbox 520 1397 607 1453; x_wconf 91' lang='lat' dir='ltr'>quem</span> <span class='ocrx_word' id='word_1_166' title='bbox 626 1381 751 1450; x_wconf 89' lang='lat' dir='ltr'>devoret,</span> <span class='ocrx_word' id='word_1_167' title='bbox 765 1396 823 1435; x_wconf 92' lang='lat' dir='ltr'>nou</span> <span class='ocrx_word' id='word_1_168' title='bbox 837 1380 900 1450; x_wconf 85' lang='lat' dir='ltr'>jam</span> <span class='ocrx_word' id='word_1_169' title='bbox 915 1382 946 1433; x_wconf 94' lang='lat' dir='ltr'>ut</span> <span class='ocrx_word' id='word_1_170' title='bbox 995 1394 1095 1451; x_wconf 87' lang='lat' dir='ltr'>parere</span> <span class='ocrx_word' id='word_1_171' title='bbox 1117 1377 1201 1446; x_wconf 83' lang='lat' dir='ltr'>facio,</span> <span class='ocrx_word' id='word_1_172' title='bbox 1216 1378 1277 1449; x_wconf 88' lang='lat' dir='ltr'>ipse</span> <span class='ocrx_word' id='word_1_173' title='bbox 1298 1394 1358 1434; x_wconf 94' lang='lat' dir='ltr'>nou</span> <span class='ocrx_word' id='word_1_174' title='bbox 1381 1377 1503 1450; x_wconf 90' lang='lat' dir='ltr'>pariam,</span> <span class='ocrx_word' id='word_1_175' title='bbox 1519 1376 1585 1433; x_wconf 91' lang='lat' dir='ltr'>dicit</span> <span class='ocrx_word' id='word_1_176' title='bbox 1608 1376 1767 1432; x_wconf 76' lang='lat' dir='ltr'>Dominus?</span> <span class='ocrx_word' id='word_1_177' title='bbox 1784 1377 1810 1434; x_wconf 85' lang='lat' dir='ltr'>Si</span> 
     </span>
     <span class='ocr_line' id='line_1_14' title="bbox 130 1470 1809 1545; baseline 0 -18"><span class='ocrx_word' id='word_1_178' title='bbox 130 1471 273 1527; x_wconf 90' lang='lat' dir='ltr'>ceruimus</span> <span class='ocrx_word' id='word_1_179' title='bbox 290 1474 383 1529; x_wconf 87' lang='lat' dir='ltr'>caulas</span> <span class='ocrx_word' id='word_1_180' title='bbox 401 1473 538 1544; x_wconf 81' lang='lat' dir='ltr'>circuivit,</span> <span class='ocrx_word' id='word_1_181' title='bbox 553 1475 600 1530; x_wconf 92' lang='lat' dir='ltr'>sed</span> <span class='ocrx_word' id='word_1_182' title='bbox 619 1474 659 1529; x_wconf 87' lang='lat' dir='ltr'>ita</span> <span class='ocrx_word' id='word_1_183' title='bbox 673 1475 764 1530; x_wconf 83' lang='lat' dir='ltr'>valide</span> <span class='ocrx_word' id='word_1_184' title='bbox 783 1474 812 1529; x_wconf 93' lang='lat' dir='ltr'>in</span> <span class='ocrx_word' id='word_1_185' title='bbox 828 1473 944 1545; x_wconf 92' lang='lat' dir='ltr'>quibus·</span> <span class='ocrx_word' id='word_1_186' title='bbox 995 1490 1049 1545; x_wconf 93' lang='lat' dir='ltr'>ego</span> <span class='ocrx_word' id='word_1_187' title='bbox 1071 1472 1119 1544; x_wconf 90' lang='lat' dir='ltr'>qui</span> <span class='ocrx_word' id='word_1_188' title='bbox 1142 1471 1359 1545; x_wconf 80' lang='lat' dir='ltr'>generationem</span> <span class='ocrx_word' id='word_1_189' title='bbox 1382 1471 1490 1527; x_wconf 82' lang='lat' dir='ltr'>caeteris</span> <span class='ocrx_word' id='word_1_190' title='bbox 1510 1470 1615 1540; x_wconf 91' lang='lat' dir='ltr'>tribuo,</span> <span class='ocrx_word' id='word_1_191' title='bbox 1633 1470 1741 1527; x_wconf 89' lang='lat' dir='ltr'>sterilis</span> <span class='ocrx_word' id='word_1_192' title='bbox 1754 1487 1809 1542; x_wconf 90' lang='lat' dir='ltr'>ero,</span> 
     </span>
     <span class='ocr_line' id='line_1_15' title="bbox 130 1563 1810 1639; baseline 0.001 -19"><span class='ocrx_word' id='word_1_193' title='bbox 130 1565 196 1621; x_wconf 89' lang='lat' dir='ltr'>dam</span> <span class='ocrx_word' id='word_1_194' title='bbox 219 1566 344 1623; x_wconf 70' lang='lat' dir='ltr'>ecclesius</span> <span class='ocrx_word' id='word_1_195' title='bbox 361 1569 526 1624; x_wconf 88' lang='lat' dir='ltr'>necessariis</span> <span class='ocrx_word' id='word_1_196' title='bbox 545 1568 681 1624; x_wconf 91' lang='lat' dir='ltr'>membris</span> <span class='ocrx_word' id='word_1_197' title='bbox 696 1568 810 1625; x_wconf 90' lang='lat' dir='ltr'>dentem</span> <span class='ocrx_word' id='word_1_198' title='bbox 828 1566 900 1639; x_wconf 87' lang='lat' dir='ltr'>figit,</span> <span class='ocrx_word' id='word_1_199' title='bbox 915 1569 947 1621; x_wconf 88' lang='grc'>11</span> <span class='ocrx_word' id='word_1_200' title='bbox 996 1567 1036 1622; x_wconf 90' lang='grc'>111</span> <span class='ocrx_word' id='word_1_201' title='bbox 1053 1564 1190 1621; x_wconf 88' lang='lat' dir='ltr'><strong>Dominus</strong></span> <span class='ocrx_word' id='word_1_202' title='bbox 1203 1567 1277 1621; x_wconf 92' lang='lat' dir='ltr'>Deus</span> <span class='ocrx_word' id='word_1_203' title='bbox 1289 1565 1377 1620; x_wconf 85' lang='lat' dir='ltr'>tuus‘l</span> <span class='ocrx_word' id='word_1_204' title='bbox 1401 1563 1551 1620; x_wconf 81' lang='lat' dir='ltr'>Laetamini</span> <span class='ocrx_word' id='word_1_205' title='bbox 1570 1579 1635 1619; x_wconf 90' lang='lat' dir='ltr'>cum</span> <span class='ocrx_word' id='word_1_206' title='bbox 1658 1565 1810 1621; x_wconf 82' lang='lat' dir='ltr'>Jerusalem</span> 
     </span>
     <span class='ocr_line' id='line_1_16' title="bbox 132 1657 1812 1734; baseline 0.001 -20"><span class='ocrx_word' id='word_1_207' title='bbox 132 1659 203 1715; x_wconf 93' lang='lat' dir='ltr'>nulli</span> <span class='ocrx_word' id='word_1_208' title='bbox 223 1660 261 1715; x_wconf 91' lang='lat' dir='ltr'>sit</span> <span class='ocrx_word' id='word_1_209' title='bbox 274 1661 402 1730; x_wconf 91' lang='lat' dir='ltr'>dubium,</span> <span class='ocrx_word' id='word_1_210' title='bbox 418 1663 486 1734; x_wconf 88' lang='lat' dir='ltr'>quia</span> <span class='ocrx_word' id='word_1_211' title='bbox 500 1663 554 1718; x_wconf 93' lang='lat' dir='ltr'>nisi</span> <span class='ocrx_word' id='word_1_212' title='bbox 571 1662 750 1719; x_wconf 90' lang='lat' dir='ltr'>unanimiter</span> <span class='ocrx_word' id='word_1_213' title='bbox 763 1662 876 1718; x_wconf 84' lang='lat' dir='ltr'>favente</span> <span class='ocrx_word' id='word_1_214' title='bbox 889 1660 945 1715; x_wconf 92' lang='lat' dir='ltr'>Do·</span> <span class='ocrx_word' id='word_1_215' title='bbox 996 1663 1024 1715; x_wconf 92' lang='grc'>11</span> <span class='ocrx_word' id='word_1_216' title='bbox 1037 1660 1171 1714; x_wconf 84' lang='lat' dir='ltr'>exsultate</span> <span class='ocrx_word' id='word_1_217' title='bbox 1185 1658 1214 1714; x_wconf 90' lang='lat' dir='ltr'>in</span> <span class='ocrx_word' id='word_1_218' title='bbox 1229 1675 1264 1714; x_wconf 92' lang='lat' dir='ltr'>ea</span> <span class='ocrx_word' id='word_1_219' title='bbox 1277 1674 1376 1714; x_wconf 88' lang='lat' dir='ltr'>omnes</span> <span class='ocrx_word' id='word_1_220' title='bbox 1397 1657 1446 1730; x_wconf 92' lang='lat' dir='ltr'>qui</span> <span class='ocrx_word' id='word_1_221' title='bbox 1467 1657 1584 1729; x_wconf 87' lang='lat' dir='ltr'>diligitis</span> <span class='ocrx_word' id='word_1_222' title='bbox 1599 1673 1675 1727; x_wconf 91' lang='lat' dir='ltr'>eam,</span> <span class='ocrx_word' id='word_1_223' title='bbox 1691 1657 1812 1729; x_wconf 90' lang='lat' dir='ltr'>gaudete</span> 
     </span>
     <span class='ocr_line' id='line_1_17' title="bbox 131 1736 1811 1829; baseline -0.002 -20"><span class='ocrx_word' id='word_1_224' title='bbox 131 1753 212 1810; x_wconf 91' lang='lat' dir='ltr'>mino</span> <span class='ocrx_word' id='word_1_225' title='bbox 225 1759 393 1811; x_wconf 90' lang='lat' dir='ltr'>cunctomm</span> <span class='ocrx_word' id='word_1_226' title='bbox 404 1756 522 1827; x_wconf 84' lang='lat' dir='ltr'>provida</span> <span class='ocrx_word' id='word_1_227' title='bbox 533 1759 682 1829; x_wconf 89' lang='lat' dir='ltr'>pastorum</span> <span class='ocrx_word' id='word_1_228' title='bbox 693 1755 776 1811; x_wconf 90' lang='lat' dir='ltr'>turba</span> <span class='ocrx_word' id='word_1_229' title='bbox 786 1757 943 1822; x_wconf 89' lang='lat' dir='ltr'>concurrat,</span> <span class='ocrx_word' id='word_1_230' title='bbox 955 1736 984 1810; x_wconf 86' lang='grc' dir='ltr'><strong>Β</strong></span> <span class='ocrx_word' id='word_1_231' title='bbox 995 1769 1061 1809; x_wconf 91' lang='lat' dir='ltr'>cum</span> <span class='ocrx_word' id='word_1_232' title='bbox 1074 1769 1109 1808; x_wconf 89' lang='lat' dir='ltr'>ea</span> <span class='ocrx_word' id='word_1_233' title='bbox 1129 1752 1236 1824; x_wconf 87' lang='lat' dir='ltr'>gaudio</span> <span class='ocrx_word' id='word_1_234' title='bbox 1250 1751 1383 1821; x_wconf 88' lang='lat' dir='ltr'>universi,</span> <span class='ocrx_word' id='word_1_235' title='bbox 1398 1750 1447 1824; x_wconf 91' lang='lat' dir='ltr'>qui</span> <span class='ocrx_word' id='word_1_236' title='bbox 1470 1751 1573 1822; x_wconf 87' lang='lat' dir='ltr'>lugetis</span> <span class='ocrx_word' id='word_1_237' title='bbox 1591 1766 1679 1822; x_wconf 90' lang='lat' dir='ltr'>super</span> <span class='ocrx_word' id='word_1_238' title='bbox 1693 1767 1768 1818; x_wconf 90' lang='lat' dir='ltr'>eam,</span> <span class='ocrx_word' id='word_1_239' title='bbox 1780 1754 1811 1806; x_wconf 89' lang='lat' dir='ltr'>ut</span> 
     </span>
     <span class='ocr_line' id='line_1_18' title="bbox 131 1843 1810 1921; baseline -0.001 -19"><span class='ocrx_word' id='word_1_240' title='bbox 131 1863 215 1903; x_wconf 89' lang='lat' dir='ltr'>omne</span> <span class='ocrx_word' id='word_1_241' title='bbox 231 1848 316 1920; x_wconf 73' lang='lat' dir='ltr'>(mind</span> <span class='ocrx_word' id='word_1_242' title='bbox 334 1849 417 1919; x_wconf 82' lang='lat' dir='ltr'>absit)</span> <span class='ocrx_word' id='word_1_243' title='bbox 435 1849 517 1906; x_wconf 88' lang='lat' dir='ltr'>citius</span> <span class='ocrx_word' id='word_1_244' title='bbox 535 1850 606 1905; x_wconf 93' lang='lat' dir='ltr'>ovile</span> <span class='ocrx_word' id='word_1_245' title='bbox 625 1850 751 1906; x_wconf 90' lang='lat' dir='ltr'>dilaniet.</span> <span class='ocrx_word' id='word_1_246' title='bbox 768 1849 947 1921; x_wconf 79' lang='lat' dir='ltr'>Quapropter</span> <span class='ocrx_word' id='word_1_247' title='bbox 995 1846 1118 1918; x_wconf 89' lang='lat' dir='ltr'>surgatis</span> <span class='ocrx_word' id='word_1_248' title='bbox 1141 1851 1170 1902; x_wconf 90' lang='lat' dir='ltr'>et</span> <span class='ocrx_word' id='word_1_249' title='bbox 1191 1846 1359 1918; x_wconf 79' lang='lat' dir='ltr'>repleamini</span> <span class='ocrx_word' id='word_1_250' title='bbox 1371 1844 1406 1901; x_wconf 93' lang='lat' dir='ltr'>ab</span> <span class='ocrx_word' id='word_1_251' title='bbox 1422 1845 1509 1901; x_wconf 88' lang='lat' dir='ltr'>ubere</span> <span class='ocrx_word' id='word_1_252' title='bbox 1523 1843 1730 1901; x_wconf 85' lang='lat' dir='ltr'>consolationis</span> <span class='ocrx_word' id='word_1_253' title='bbox 1743 1845 1810 1916; x_wconf 87' lang='lat' dir='ltr'>ejus,</span> 
     </span>
     <span class='ocr_line' id='line_1_19' title="bbox 131 1938 1812 2015; baseline -0.002 -18"><span class='ocrx_word' id='word_1_254' title='bbox 131 1940 305 1997; x_wconf 87' lang='lat' dir='ltr'>detractores</span> <span class='ocrx_word' id='word_1_255' title='bbox 320 1942 369 2015; x_wconf 86' lang='lat' dir='ltr'>qui</span> <span class='ocrx_word' id='word_1_256' title='bbox 389 1942 484 1998; x_wconf 84' lang='lat' dir='ltr'>divina</span> <span class='ocrx_word' id='word_1_257' title='bbox 504 1943 672 2000; x_wconf 87' lang='lat' dir='ltr'>auctoritate</span> <span class='ocrx_word' id='word_1_258' title='bbox 689 1943 849 2000; x_wconf 88' lang='lat' dir='ltr'>eradicandi</span> <span class='ocrx_word' id='word_1_259' title='bbox 868 1945 945 2009; x_wconf 88' lang='lat' dir='ltr'>sunt,</span> <span class='ocrx_word' id='word_1_260' title='bbox 995 1946 1027 1997; x_wconf 89' lang='lat' dir='ltr'>ut</span> <span class='ocrx_word' id='word_1_261' title='bbox 1037 1940 1199 2012; x_wconf 88' lang='lat' dir='ltr'>mulgeatis,</span> <span class='ocrx_word' id='word_1_262' title='bbox 1208 1944 1237 1996; x_wconf 92' lang='lat' dir='ltr'>et</span> <span class='ocrx_word' id='word_1_263' title='bbox 1250 1940 1359 1995; x_wconf 89' lang='lat' dir='ltr'>deliciis</span> <span class='ocrx_word' id='word_1_264' title='bbox 1367 1938 1533 1996; x_wconf 79' lang='lat' dir='ltr'>affluatisab</span> <span class='ocrx_word' id='word_1_265' title='bbox 1543 1938 1714 1995; x_wconf 90' lang='lat' dir='ltr'>omnimoda</span> <span class='ocrx_word' id='word_1_266' title='bbox 1724 1939 1812 2011; x_wconf 88' lang='lat' dir='ltr'>gloria</span> 
     </span>
     <span class='ocr_line' id='line_1_20' title="bbox 129 2032 1811 2109; baseline -0.001 -18"><span class='ocrx_word' id='word_1_267' title='bbox 129 2037 158 2091; x_wconf 90' lang='lat' dir='ltr'>et</span> <span class='ocrx_word' id='word_1_268' title='bbox 175 2035 301 2091; x_wconf 89' lang='lat' dir='ltr'>fautores</span> <span class='ocrx_word' id='word_1_269' title='bbox 317 2035 500 2092; x_wconf 89' lang='lat' dir='ltr'>inimicorum</span> <span class='ocrx_word' id='word_1_270' title='bbox 518 2037 554 2092; x_wconf 92' lang='lat' dir='ltr'>ab</span> <span class='ocrx_word' id='word_1_271' title='bbox 575 2037 730 2109; x_wconf 89' lang='lat' dir='ltr'>episcopali</span> <span class='ocrx_word' id='word_1_272' title='bbox 746 2036 947 2093; x_wconf 87' lang='lat' dir='ltr'>submovemus</span> <span class='ocrx_word' id='word_1_273' title='bbox 997 2036 1067 2106; x_wconf 85' lang='lat' dir='ltr'>ejus.</span> <span class='ocrx_word' id='word_1_274' title='bbox 1087 2034 1159 2100; x_wconf 80' lang='lat' dir='ltr'>Quia</span> <span class='ocrx_word' id='word_1_275' title='bbox 1170 2034 1231 2090; x_wconf 78' lang='lat' dir='ltr'>hac</span> <span class='ocrx_word' id='word_1_276' title='bbox 1246 2033 1315 2089; x_wconf 89' lang='lat' dir='ltr'>dicit</span> <span class='ocrx_word' id='word_1_277' title='bbox 1328 2034 1464 2090; x_wconf 90' lang='lat' dir='ltr'>Dominus</span> <span class='ocrx_word' id='word_1_278' title='bbox 1480 2051 1487 2089; x_wconf 72' lang='grc' dir='ltr'>ι</span> <span class='ocrx_word' id='word_1_279' title='bbox 1502 2035 1572 2089; x_wconf 84' lang='lat' dir='ltr'>Eece</span> <span class='ocrx_word' id='word_1_280' title='bbox 1587 2049 1642 2106; x_wconf 92' lang='lat' dir='ltr'>ego</span> <span class='ocrx_word' id='word_1_281' title='bbox 1660 2032 1811 2089; x_wconf 90' lang='lat' dir='ltr'>declinabo</span> 
     </span>
     <span class='ocr_line' id='line_1_21' title="bbox 129 2125 1812 2203; baseline 0 -20"><span class='ocrx_word' id='word_1_282' title='bbox 129 2128 320 2184; x_wconf 77' lang='lat' dir='ltr'>accusatione.</span> <span class='ocrx_word' id='word_1_283' title='bbox 335 2129 471 2184; x_wconf 87' lang='lat' dir='ltr'>Similiter</span> <span class='ocrx_word' id='word_1_284' title='bbox 488 2147 524 2185; x_wconf 90' lang='lat' dir='ltr'>nc</span> <span class='ocrx_word' id='word_1_285' title='bbox 544 2146 722 2187; x_wconf 89' lang='lat' dir='ltr'>summorum</span> <span class='ocrx_word' id='word_1_286' title='bbox 735 2130 877 2203; x_wconf 90' lang='lat' dir='ltr'>quispiam</span> <span class='ocrx_word' id='word_1_287' title='bbox 891 2128 945 2184; x_wconf 93' lang='lat' dir='ltr'>mi·</span> <span class='ocrx_word' id='word_1_288' title='bbox 996 2145 1082 2201; x_wconf 88' lang='lat' dir='ltr'>super</span> <span class='ocrx_word' id='word_1_289' title='bbox 1098 2145 1163 2185; x_wconf 88' lang='lat' dir='ltr'>eam</span> <span class='ocrx_word' id='word_1_290' title='bbox 1177 2129 1256 2200; x_wconf 88' lang='lat' dir='ltr'>quasi</span> <span class='ocrx_word' id='word_1_291' title='bbox 1270 2128 1389 2184; x_wconf 85' lang='lat' dir='ltr'>Durium</span> <span class='ocrx_word' id='word_1_292' title='bbox 1402 2128 1489 2201; x_wconf 83' lang='lat' dir='ltr'>pacis,</span> <span class='ocrx_word' id='word_1_293' title='bbox 1505 2131 1534 2184; x_wconf 92' lang='lat' dir='ltr'>et</span> <span class='ocrx_word' id='word_1_294' title='bbox 1554 2125 1635 2199; x_wconf 90' lang='lat' dir='ltr'>quasi</span> <span class='ocrx_word' id='word_1_295' title='bbox 1654 2130 1812 2183; x_wconf 83' lang='lat' dir='ltr'>torrentem</span> 
     </span>
     <span class='ocr_line' id='line_1_22' title="bbox 131 2219 1812 2295; baseline 0 -19"><span class='ocrx_word' id='word_1_296' title='bbox 131 2224 235 2278; x_wconf 83' lang='lat' dir='ltr'>norum</span> <span class='ocrx_word' id='word_1_297' title='bbox 249 2222 476 2278; x_wconf 87' lang='lat' dir='ltr'>accusationibus</span> <span class='ocrx_word' id='word_1_298' title='bbox 489 2223 654 2294; x_wconf 89' lang='lat' dir='ltr'>impetatur,</span> <span class='ocrx_word' id='word_1_299' title='bbox 669 2226 719 2279; x_wconf 87' lang='lat' dir='ltr'>aut</span> <span class='ocrx_word' id='word_1_300' title='bbox 733 2223 884 2295; x_wconf 88' lang='lat' dir='ltr'>dispercat,</span> <span class='ocrx_word' id='word_1_301' title='bbox 900 2239 948 2277; x_wconf 94' lang='lat' dir='ltr'>ne-</span> <span class='ocrx_word' id='word_1_302' title='bbox 996 2221 1186 2278; x_wconf 89' lang='lat' dir='ltr'>inundantem</span> <span class='ocrx_word' id='word_1_303' title='bbox 1215 2222 1336 2293; x_wconf 87' lang='lat' dir='ltr'>gloriam</span> <span class='ocrx_word' id='word_1_304' title='bbox 1361 2223 1490 2294; x_wconf 89' lang='lat' dir='ltr'>gentium</span> <span class='ocrx_word' id='word_1_305' title='bbox 1520 2235 1608 2292; x_wconf 75' lang='lat' dir='ltr'>qtram</span> <span class='ocrx_word' id='word_1_306' title='bbox 1629 2221 1749 2293; x_wconf 88' lang='lat' dir='ltr'>sugetis.</span> <span class='ocrx_word' id='word_1_307' title='bbox 1772 2219 1812 2276; x_wconf 81' lang='lat' dir='ltr'>sd</span> 
     </span>
     <span class='ocr_line' id='line_1_23' title="bbox 131 2313 1810 2388; baseline 0.001 -18"><span class='ocrx_word' id='word_1_308' title='bbox 131 2315 225 2386; x_wconf 90' lang='lat' dir='ltr'>quein</span> <span class='ocrx_word' id='word_1_309' title='bbox 241 2329 272 2369; x_wconf 89' lang='lat' dir='ltr'>re</span> <span class='ocrx_word' id='word_1_310' title='bbox 284 2313 371 2369; x_wconf 91' lang='lat' dir='ltr'>dubia</span> <span class='ocrx_word' id='word_1_311' title='bbox 383 2315 613 2386; x_wconf 89' lang='lat' dir='ltr'>certajudicetur</span> <span class='ocrx_word' id='word_1_312' title='bbox 625 2316 777 2382; x_wconf 91' lang='lat' dir='ltr'>sententia,</span> <span class='ocrx_word' id='word_1_313' title='bbox 790 2332 844 2371; x_wconf 88' lang='lat' dir='ltr'>nec</span> <span class='ocrx_word' id='word_1_314' title='bbox 855 2315 948 2371; x_wconf 90' lang='lat' dir='ltr'>ullum</span> <span class='ocrx_word' id='word_1_315' title='bbox 996 2315 1084 2370; x_wconf 91' lang='lat' dir='ltr'>ubera</span> <span class='ocrx_word' id='word_1_316' title='bbox 1105 2315 1297 2387; x_wconf 87' lang='lat' dir='ltr'>portabimini,</span> <span class='ocrx_word' id='word_1_317' title='bbox 1311 2319 1340 2372; x_wconf 87' lang='grc'>11</span> <span class='ocrx_word' id='word_1_318' title='bbox 1353 2332 1439 2388; x_wconf 89' lang='lat' dir='ltr'>super</span> <span class='ocrx_word' id='word_1_319' title='bbox 1459 2331 1555 2387; x_wconf 89' lang='lat' dir='ltr'>genua</span> <span class='ocrx_word' id='word_1_320' title='bbox 1567 2314 1753 2370; x_wconf 87' lang='lat' dir='ltr'>blandientur</span> <span class='ocrx_word' id='word_1_321' title='bbox 1763 2330 1810 2371; x_wconf 82' lang='grc'>11·</span> 
     </span>
     <span class='ocr_line' id='line_1_24' title="bbox 127 2406 1814 2481; baseline 0.001 -18"><span class='ocrx_word' id='word_1_322' title='bbox 127 2406 282 2480; x_wconf 81' lang='lat' dir='ltr'>judicium,</span> <span class='ocrx_word' id='word_1_323' title='bbox 303 2407 358 2462; x_wconf 89' lang='lat' dir='ltr'>nisi</span> <span class='ocrx_word' id='word_1_324' title='bbox 377 2408 573 2465; x_wconf 85' lang='lat' dir='ltr'>ordinabiliter</span> <span class='ocrx_word' id='word_1_325' title='bbox 595 2409 734 2479; x_wconf 91' lang='lat' dir='ltr'>habitum,</span> <span class='ocrx_word' id='word_1_326' title='bbox 756 2412 899 2465; x_wconf 87' lang='lat' dir='ltr'>teneatur.</span> <span class='ocrx_word' id='word_1_327' title='bbox 919 2407 946 2464; x_wconf 92' lang='lat' dir='ltr'>Si</span> <span class='ocrx_word' id='word_1_328' title='bbox 995 2407 1049 2463; x_wconf 90' lang='lat' dir='ltr'>bis.</span> <span class='ocrx_word' id='word_1_329' title='bbox 1067 2408 1215 2474; x_wconf 81' lang='lat' dir='ltr'>Quomodo</span> <span class='ocrx_word' id='word_1_330' title='bbox 1230 2409 1253 2464; x_wconf 91' lang='lat' dir='ltr'>si</span> <span class='ocrx_word' id='word_1_331' title='bbox 1272 2408 1318 2465; x_wconf 90' lang='lat' dir='ltr'>cui</span> <span class='ocrx_word' id='word_1_332' title='bbox 1333 2412 1428 2468; x_wconf 90' lang='lat' dir='ltr'>mater</span> <span class='ocrx_word' id='word_1_333' title='bbox 1441 2408 1614 2480; x_wconf 80' lang='lat' dir='ltr'>blandiebar,</span> <span class='ocrx_word' id='word_1_334' title='bbox 1627 2410 1666 2465; x_wconf 88' lang='lat' dir='ltr'>ita</span> <span class='ocrx_word' id='word_1_335' title='bbox 1679 2424 1736 2481; x_wconf 91' lang='lat' dir='ltr'>ego</span> <span class='ocrx_word' id='word_1_336' title='bbox 1750 2424 1814 2464; x_wconf 87' lang='lat' dir='ltr'>con·</span> 
     </span>
     <span class='ocr_line' id='line_1_25' title="bbox 130 2501 1814 2575; baseline 0.001 -18"><span class='ocrx_word' id='word_1_337' title='bbox 130 2501 195 2575; x_wconf 90' lang='lat' dir='ltr'>quis</span> <span class='ocrx_word' id='word_1_338' title='bbox 212 2518 297 2574; x_wconf 90' lang='lat' dir='ltr'>super</span> <span class='ocrx_word' id='word_1_339' title='bbox 310 2501 483 2575; x_wconf 88' lang='lat' dir='ltr'>quibuslibet</span> <span class='ocrx_word' id='word_1_340' title='bbox 501 2501 670 2559; x_wconf 89' lang='lat' dir='ltr'>criminibus</span> <span class='ocrx_word' id='word_1_341' title='bbox 683 2503 818 2560; x_wconf 91' lang='lat' dir='ltr'>clericum</span> <span class='ocrx_word' id='word_1_342' title='bbox 832 2502 946 2574; x_wconf 87' lang='lat' dir='ltr'>pulsan·</span> <span class='ocrx_word' id='word_1_343' title='bbox 996 2501 1111 2557; x_wconf 90' lang='lat' dir='ltr'>solabor</span> <span class='ocrx_word' id='word_1_344' title='bbox 1124 2518 1183 2573; x_wconf 89' lang='lat' dir='ltr'>vos,</span> <span class='ocrx_word' id='word_1_345' title='bbox 1199 2503 1272 2558; x_wconf 88' lang='lat' dir='ltr'>etin</span> <span class='ocrx_word' id='word_1_346' title='bbox 1286 2503 1373 2559; x_wconf 88' lang='lat' dir='ltr'>lsrael</span> <span class='ocrx_word' id='word_1_347' title='bbox 1387 2503 1626 2572; x_wconf 90' lang='lat' dir='ltr'>consolabimini;</span> <span class='ocrx_word' id='word_1_348' title='bbox 1640 2502 1776 2559; x_wconf 83' lang='lat' dir='ltr'>videbitis</span> <span class='ocrx_word' id='word_1_349' title='bbox 1786 2507 1814 2559; x_wconf 88' lang='grc'>11</span> 
     </span>
     <span class='ocr_line' id='line_1_26' title="bbox 131 2594 1815 2670; baseline 0.001 -19"><span class='ocrx_word' id='word_1_350' title='bbox 131 2594 200 2651; x_wconf 93' lang='lat' dir='ltr'>dum</span> <span class='ocrx_word' id='word_1_351' title='bbox 211 2595 371 2665; x_wconf 87' lang='lat' dir='ltr'>crediderit,</span> <span class='ocrx_word' id='word_1_352' title='bbox 385 2595 573 2670; x_wconf 85' lang='lat' dir='ltr'>inprovincia</span> <span class='ocrx_word' id='word_1_353' title='bbox 585 2597 615 2652; x_wconf 93' lang='lat' dir='ltr'>in</span> <span class='ocrx_word' id='word_1_354' title='bbox 630 2613 687 2669; x_wconf 88' lang='lat' dir='ltr'>qua</span> <span class='ocrx_word' id='word_1_355' title='bbox 700 2596 885 2653; x_wconf 90' lang='lat' dir='ltr'>consistitille</span> <span class='ocrx_word' id='word_1_356' title='bbox 898 2594 948 2668; x_wconf 92' lang='lat' dir='ltr'>qui</span> <span class='ocrx_word' id='word_1_357' title='bbox 997 2595 1131 2668; x_wconf 88' lang='lat' dir='ltr'>gaudebit</span> <span class='ocrx_word' id='word_1_358' title='bbox 1152 2613 1201 2652; x_wconf 90' lang='lat' dir='ltr'>cor</span> <span class='ocrx_word' id='word_1_359' title='bbox 1218 2602 1356 2664; x_wconf 86' lang='lat' dir='ltr'>vestrum,</span> <span class='ocrx_word' id='word_1_360' title='bbox 1379 2601 1408 2652; x_wconf 89' lang='lat' dir='ltr'>et</span> <span class='ocrx_word' id='word_1_361' title='bbox 1429 2613 1493 2653; x_wconf 89' lang='lat' dir='ltr'>ossa</span> <span class='ocrx_word' id='word_1_362' title='bbox 1513 2601 1606 2654; x_wconf 84' lang='lat' dir='ltr'>vestra</span> <span class='ocrx_word' id='word_1_363' title='bbox 1627 2597 1703 2652; x_wconf 92' lang='lat' dir='ltr'>sicut</span> <span class='ocrx_word' id='word_1_364' title='bbox 1724 2595 1815 2653; x_wconf 83' lang='grc'><strong>1111111</strong></span> 
     </span>
     <span class='ocr_line' id='line_1_27' title="bbox 129 2687 1815 2763; baseline -0.001 -17"><span class='ocrx_word' id='word_1_365' title='bbox 129 2689 260 2762; x_wconf 91' lang='lat' dir='ltr'>pulsatur</span> <span class='ocrx_word' id='word_1_366' title='bbox 279 2707 343 2746; x_wconf 88' lang='lat' dir='ltr'>suas</span> <span class='ocrx_word' id='word_1_367' title='bbox 367 2693 498 2747; x_wconf 82' lang='lat' dir='ltr'>exerceat</span> <span class='ocrx_word' id='word_1_368' title='bbox 516 2691 652 2761; x_wconf 88' lang='lat' dir='ltr'>actiones,</span> <span class='ocrx_word' id='word_1_369' title='bbox 674 2707 726 2746; x_wconf 89' lang='lat' dir='ltr'>nec</span> <span class='ocrx_word' id='word_1_370' title='bbox 745 2689 867 2747; x_wconf 74' lang='lat' dir='ltr'>aestimet</span> <span class='ocrx_word' id='word_1_371' title='bbox 880 2705 946 2746; x_wconf 91' lang='lat' dir='ltr'>cum</span> <span class='ocrx_word' id='word_1_372' title='bbox 997 2689 1219 2762; x_wconf 89' lang='lat' dir='ltr'>germinabunt:</span> <span class='ocrx_word' id='word_1_373' title='bbox 1236 2694 1264 2746; x_wconf 91' lang='grc'>11</span> <span class='ocrx_word' id='word_1_374' title='bbox 1278 2695 1467 2763; x_wconf 89' lang='lat' dir='ltr'>cognoscetur</span> <span class='ocrx_word' id='word_1_375' title='bbox 1478 2707 1582 2747; x_wconf 90' lang='lat' dir='ltr'>manus</span> <span class='ocrx_word' id='word_1_376' title='bbox 1599 2689 1716 2747; x_wconf 91' lang='lat' dir='ltr'>Domini</span> <span class='ocrx_word' id='word_1_377' title='bbox 1728 2687 1815 2746; x_wconf 85' lang='lat' dir='ltr'>serris</span> 
     </span>
     <span class='ocr_line' id='line_1_28' title="bbox 132 2782 1814 2858; baseline 0.001 -20"><span class='ocrx_word' id='word_1_378' title='bbox 132 2786 279 2839; x_wconf 90' lang='lat' dir='ltr'>accusator</span> <span class='ocrx_word' id='word_1_379' title='bbox 292 2783 358 2839; x_wconf 88' lang='lat' dir='ltr'>alibi</span> <span class='ocrx_word' id='word_1_380' title='bbox 373 2789 422 2841; x_wconf 89' lang='lat' dir='ltr'>aut</span> <span class='ocrx_word' id='word_1_381' title='bbox 439 2784 552 2855; x_wconf 90' lang='lat' dir='ltr'>longius</span> <span class='ocrx_word' id='word_1_382' title='bbox 570 2784 795 2857; x_wconf 87' lang='lat' dir='ltr'>pertrahendum</span> <span class='ocrx_word' id='word_1_383' title='bbox 815 2782 851 2839; x_wconf 92' lang='lat' dir='ltr'>ad</span> <span class='ocrx_word' id='word_1_384' title='bbox 865 2782 945 2855; x_wconf 85' lang='lat' dir='ltr'>judi·</span> <span class='ocrx_word' id='word_1_385' title='bbox 996 2788 1025 2839; x_wconf 94' lang='lat' dir='ltr'>et</span> <span class='ocrx_word' id='word_1_386' title='bbox 1037 2783 1235 2855; x_wconf 83' lang='lat' dir='ltr'>indignabitur</span> <span class='ocrx_word' id='word_1_387' title='bbox 1255 2784 1377 2840; x_wconf 90' lang='lat' dir='ltr'>inimicis</span> <span class='ocrx_word' id='word_1_388' title='bbox 1390 2785 1458 2854; x_wconf 90' lang='lat' dir='ltr'>suis,</span> <span class='ocrx_word' id='word_1_389' title='bbox 1473 2785 1540 2858; x_wconf 91' lang='lat' dir='ltr'>quia</span> <span class='ocrx_word' id='word_1_390' title='bbox 1554 2800 1618 2842; x_wconf 87' lang='lat' dir='ltr'>ecce</span> <span class='ocrx_word' id='word_1_391' title='bbox 1632 2783 1773 2841; x_wconf 83' lang='lat' dir='ltr'>Dominus</span> <span class='ocrx_word' id='word_1_392' title='bbox 1784 2783 1814 2839; x_wconf 93' lang='lat' dir='ltr'>in</span> 
     </span>
     <span class='ocr_line' id='line_1_29' title="bbox 132 2875 1813 2951; baseline 0.001 -19"><span class='ocrx_word' id='word_1_393' title='bbox 132 2875 219 2932; x_wconf 91' lang='lat' dir='ltr'>cium.</span> <span class='ocrx_word' id='word_1_394' title='bbox 234 2876 276 2932; x_wconf 90' lang='grc'><strong>1111</strong></span> <span class='ocrx_word' id='word_1_395' title='bbox 291 2892 358 2933; x_wconf 85' lang='lat' dir='ltr'>vero</span> <span class='ocrx_word' id='word_1_396' title='bbox 374 2876 424 2949; x_wconf 91' lang='lat' dir='ltr'>qui</span> <span class='ocrx_word' id='word_1_397' title='bbox 438 2878 565 2949; x_wconf 89' lang='lat' dir='ltr'>pulsatus</span> <span class='ocrx_word' id='word_1_398' title='bbox 579 2877 676 2948; x_wconf 83' lang='lat' dir='ltr'>luerit,</span> <span class='ocrx_word' id='word_1_399' title='bbox 690 2877 714 2932; x_wconf 91' lang='lat' dir='ltr'>si</span> <span class='ocrx_word' id='word_1_400' title='bbox 722 2877 834 2950; x_wconf 83' lang='lat' dir='ltr'>J&#39;udiccs</span> <span class='ocrx_word' id='word_1_401' title='bbox 848 2893 947 2950; x_wconf 91' lang='lat' dir='ltr'>suspe·</span> <span class='ocrx_word' id='word_1_402' title='bbox 995 2876 1063 2950; x_wconf 92' lang='lat' dir='ltr'>igne</span> <span class='ocrx_word' id='word_1_403' title='bbox 1076 2877 1175 2932; x_wconf 84' lang='lat' dir='ltr'>veniet</span> <span class='ocrx_word' id='word_1_404' title='bbox 1192 2883 1221 2934; x_wconf 91' lang='lat' dir='ltr'>et</span> <span class='ocrx_word' id='word_1_405' title='bbox 1242 2878 1322 2950; x_wconf 88' lang='lat' dir='ltr'>quasi</span> <span class='ocrx_word' id='word_1_406' title='bbox 1342 2880 1427 2935; x_wconf 89' lang='lat' dir='ltr'>turbo</span> <span class='ocrx_word' id='word_1_407' title='bbox 1440 2879 1579 2951; x_wconf 79' lang='lat' dir='ltr'>quadriga</span> <span class='ocrx_word' id='word_1_408' title='bbox 1589 2879 1651 2951; x_wconf 88' lang='lat' dir='ltr'>ejus</span> <span class='ocrx_word' id='word_1_409' title='bbox 1668 2896 1675 2935; x_wconf 91' lang='lat'><strong>:</strong></span> <span class='ocrx_word' id='word_1_410' title='bbox 1691 2877 1813 2935; x_wconf 86' lang='lat' dir='ltr'>reddere</span> 
     </span>
     <span class='ocr_line' id='line_1_30' title="bbox 132 2969 1814 3045; baseline 0.001 -20"><span class='ocrx_word' id='word_1_411' title='bbox 132 2975 191 3025; x_wconf 90' lang='lat' dir='ltr'>ctos</span> <span class='ocrx_word' id='word_1_412' title='bbox 211 2969 354 3039; x_wconf 87' lang='lat' dir='ltr'>babuerit,</span> <span class='ocrx_word' id='word_1_413' title='bbox 374 2969 460 3026; x_wconf 90' lang='lat' dir='ltr'>liceat</span> <span class='ocrx_word' id='word_1_414' title='bbox 479 2971 623 3043; x_wconf 89' lang='lat' dir='ltr'>appellare</span> <span class='ocrx_word' id='word_1_415' title='bbox 642 2970 789 3044; x_wconf 87' lang='lat' dir='ltr'>primates.</span> <span class='ocrx_word' id='word_1_416' title='bbox 809 2970 947 3026; x_wconf 89' lang='lat' dir='ltr'>Primates</span> <span class='ocrx_word' id='word_1_417' title='bbox 996 2970 1025 3025; x_wconf 94' lang='lat' dir='ltr'>in</span> <span class='ocrx_word' id='word_1_418' title='bbox 1050 2970 1246 3042; x_wconf 87' lang='lat' dir='ltr'>indignatione</span> <span class='ocrx_word' id='word_1_419' title='bbox 1270 2971 1398 3028; x_wconf 83' lang='lat' dir='ltr'>furorem</span> <span class='ocrx_word' id='word_1_420' title='bbox 1424 2989 1509 3029; x_wconf 88' lang='lat' dir='ltr'>suurn</span> <span class='ocrx_word' id='word_1_421' title='bbox 1533 2977 1562 3029; x_wconf 90' lang='lat' dir='ltr'>et</span> <span class='ocrx_word' id='word_1_422' title='bbox 1585 2972 1814 3045; x_wconf 86' lang='lat' dir='ltr'>increpationem</span> 
     </span>
     <span class='ocr_line' id='line_1_31' title="bbox 131 3063 1816 3140; baseline 0.001 -20"><span class='ocrx_word' id='word_1_423' title='bbox 131 3080 247 3137; x_wconf 86' lang='lat' dir='ltr'>quoque</span> <span class='ocrx_word' id='word_1_424' title='bbox 261 3067 423 3121; x_wconf 89' lang='lat' dir='ltr'>accusatum</span> <span class='ocrx_word' id='word_1_425' title='bbox 437 3063 621 3121; x_wconf 89' lang='lat' dir='ltr'>discutientes</span> <span class='ocrx_word' id='word_1_426' title='bbox 633 3065 798 3138; x_wconf 87' lang='lat' dir='ltr'>episcopum</span> <span class='ocrx_word' id='word_1_427' title='bbox 810 3080 868 3121; x_wconf 93' lang='lat' dir='ltr'>non</span> <span class='ocrx_word' id='word_1_428' title='bbox 881 3065 947 3120; x_wconf 89' lang='lat' dir='ltr'>aute</span> <span class='ocrx_word' id='word_1_429' title='bbox 996 3080 1077 3121; x_wconf 87' lang='lat' dir='ltr'>suam</span> <span class='ocrx_word' id='word_1_430' title='bbox 1089 3065 1119 3120; x_wconf 93' lang='lat' dir='ltr'>in</span> <span class='ocrx_word' id='word_1_431' title='bbox 1135 3064 1252 3122; x_wconf 86' lang='lat' dir='ltr'>flamma</span> <span class='ocrx_word' id='word_1_432' title='bbox 1262 3066 1347 3139; x_wconf 91' lang='lat' dir='ltr'>ignis.</span> <span class='ocrx_word' id='word_1_433' title='bbox 1360 3066 1431 3132; x_wconf 84' lang='lat' dir='ltr'>Quia</span> <span class='ocrx_word' id='word_1_434' title='bbox 1443 3067 1474 3122; x_wconf 94' lang='lat' dir='ltr'>in</span> <span class='ocrx_word' id='word_1_435' title='bbox 1483 3067 1551 3140; x_wconf 91' lang='lat' dir='ltr'>igne</span> <span class='ocrx_word' id='word_1_436' title='bbox 1564 3066 1703 3123; x_wconf 88' lang='lat' dir='ltr'>Dominus</span> <span class='ocrx_word' id='word_1_437' title='bbox 1712 3065 1816 3138; x_wconf 73' lang='lat' dir='ltr'>dijudi-</span> 
     </span>
     <span class='ocr_line' id='line_1_32' title="bbox 132 3111 1816 3247; baseline 0.002 -33"><span class='ocrx_word' id='word_1_438' title='bbox 132 3159 304 3215; x_wconf 85' lang='lat' dir='ltr'>sententiam</span> <span class='ocrx_word' id='word_1_439' title='bbox 323 3158 469 3247; x_wconf 79' lang='lat' dir='ltr'>proferant</span> <span class='ocrx_word' id='word_1_440' title='bbox 484 3158 672 3215; x_wconf 88' lang='lat' dir='ltr'>damnationis</span> <span class='ocrx_word' id='word_1_441' title='bbox 690 3175 776 3232; x_wconf 89' lang='lat' dir='ltr'>quam</span> <span class='ocrx_word' id='word_1_442' title='bbox 793 3111 1050 3231; x_wconf 72' lang='lat' dir='ltr'>apostolicaccat,</span> <span class='ocrx_word' id='word_1_443' title='bbox 1064 3158 1137 3214; x_wconf 92' lang='lat' dir='ltr'>etin</span> <span class='ocrx_word' id='word_1_444' title='bbox 1151 3158 1246 3230; x_wconf 88' lang='lat' dir='ltr'>gladio</span> <span class='ocrx_word' id='word_1_445' title='bbox 1261 3175 1311 3215; x_wconf 89' lang='lat' dir='ltr'>suo</span> <span class='ocrx_word' id='word_1_446' title='bbox 1332 3160 1368 3216; x_wconf 88' lang='lat' dir='ltr'>ad</span> <span class='ocrx_word' id='word_1_447' title='bbox 1390 3176 1505 3217; x_wconf 91' lang='lat' dir='ltr'>omnem</span> <span class='ocrx_word' id='word_1_448' title='bbox 1528 3176 1655 3228; x_wconf 87' lang='lat' dir='ltr'>carnem,</span> <span class='ocrx_word' id='word_1_449' title='bbox 1670 3164 1700 3217; x_wconf 92' lang='grc'>11</span> <span class='ocrx_word' id='word_1_450' title='bbox 1722 3159 1816 3218; x_wconf 87' lang='lat' dir='ltr'>multi·</span> 
     </span>
     <span class='ocr_line' id='line_1_33' title="bbox 133 3251 1815 3326; baseline 0.002 -19"><span class='ocrx_word' id='word_1_451' title='bbox 133 3251 198 3308; x_wconf 88' lang='grc'><strong>11111</strong></span> <span class='ocrx_word' id='word_1_452' title='bbox 208 3252 377 3309; x_wconf 89' lang='lat' dir='ltr'>auctoritate</span> <span class='ocrx_word' id='word_1_453' title='bbox 387 3255 527 3309; x_wconf 86' lang='lat' dir='ltr'>autreum</span> <span class='ocrx_word' id='word_1_454' title='bbox 538 3269 568 3309; x_wconf 92' lang='grc'>11</span> <span class='ocrx_word' id='word_1_455' title='bbox 578 3252 638 3326; x_wconf 89' lang='lat' dir='ltr'>ipse</span> <span class='ocrx_word' id='word_1_456' title='bbox 648 3253 827 3322; x_wconf 79' lang='lat' dir='ltr'>confiteatur,</span> <span class='ocrx_word' id='word_1_457' title='bbox 838 3257 947 3324; x_wconf 87' lang='lat' dir='ltr'>autper</span> <span class='ocrx_word' id='word_1_458' title='bbox 996 3251 1175 3324; x_wconf 87' lang='lat' dir='ltr'>plicabuntur</span> <span class='ocrx_word' id='word_1_459' title='bbox 1193 3252 1335 3310; x_wconf 87' lang='lat' dir='ltr'>interlecti</span> <span class='ocrx_word' id='word_1_460' title='bbox 1352 3270 1369 3309; x_wconf 91' lang='grc'>1</span> <span class='ocrx_word' id='word_1_461' title='bbox 1386 3254 1515 3311; x_wconf 87' lang='lat' dir='ltr'>Domino.</span> <span class='ocrx_word' id='word_1_462' title='bbox 1532 3253 1587 3320; x_wconf 85' lang='lat' dir='ltr'>Qui</span> <span class='ocrx_word' id='word_1_463' title='bbox 1602 3253 1815 3311; x_wconf 80' lang='lat' dir='ltr'>sanctificaban-</span> 
     </span>
     <span class='ocr_line' id='line_1_34' title="bbox 132 3343 1816 3421; baseline 0.003 -20"><span class='ocrx_word' id='word_1_464' title='bbox 132 3343 299 3403; x_wconf 89' lang='lat' dir='ltr'>innocentes</span> <span class='ocrx_word' id='word_1_465' title='bbox 312 3348 341 3403; x_wconf 88' lang='lat' dir='ltr'>et</span> <span class='ocrx_word' id='word_1_466' title='bbox 352 3345 485 3403; x_wconf 87' lang='lat' dir='ltr'>canonice</span> <span class='ocrx_word' id='word_1_467' title='bbox 494 3346 670 3404; x_wconf 87' lang='lat' dir='ltr'>examinatos</span> <span class='ocrx_word' id='word_1_468' title='bbox 679 3346 849 3420; x_wconf 86' lang='lat' dir='ltr'>regulariter</span> <span class='ocrx_word' id='word_1_469' title='bbox 861 3348 947 3401; x_wconf 89' lang='lat' dir='ltr'>testes</span> <span class='ocrx_word' id='word_1_470' title='bbox 995 3350 1044 3401; x_wconf 88' lang='lat' dir='ltr'>tur</span> <span class='ocrx_word' id='word_1_471' title='bbox 1058 3349 1087 3401; x_wconf 88' lang='lat' dir='ltr'>et</span> <span class='ocrx_word' id='word_1_472' title='bbox 1101 3346 1224 3403; x_wconf 90' lang='lat' dir='ltr'>mundos</span> <span class='ocrx_word' id='word_1_473' title='bbox 1237 3363 1268 3404; x_wconf 90' lang='grc'>11</span> <span class='ocrx_word' id='word_1_474' title='bbox 1281 3347 1421 3420; x_wconf 88' lang='lat' dir='ltr'>putabant</span> <span class='ocrx_word' id='word_1_475' title='bbox 1435 3349 1464 3404; x_wconf 93' lang='lat' dir='ltr'>in</span> <span class='ocrx_word' id='word_1_476' title='bbox 1479 3348 1549 3406; x_wconf 89' lang='lat' dir='ltr'>ortis</span> <span class='ocrx_word' id='word_1_477' title='bbox 1562 3352 1625 3421; x_wconf 89' lang='lat' dir='ltr'>post</span> <span class='ocrx_word' id='word_1_478' title='bbox 1635 3349 1759 3421; x_wconf 88' lang='lat' dir='ltr'>januam</span> <span class='ocrx_word' id='word_1_479' title='bbox 1776 3349 1816 3406; x_wconf 92' lang='lat' dir='ltr'>iu·</span> 
     </span>
     <span class='ocr_line' id='line_1_35' title="bbox 132 3439 1816 3514; baseline 0.002 -17"><span class='ocrx_word' id='word_1_480' title='bbox 132 3440 321 3510; x_wconf 78' lang='lat' dir='ltr'>convincatur3</span> <span class='ocrx_word' id='word_1_481' title='bbox 335 3439 536 3497; x_wconf 82' lang='lat' dir='ltr'>aliterirritnm</span> <span class='ocrx_word' id='word_1_482' title='bbox 546 3457 607 3498; x_wconf 86' lang='lat' dir='ltr'>esse</span> <span class='ocrx_word' id='word_1_483' title='bbox 617 3457 765 3499; x_wconf 90' lang='lat' dir='ltr'>censemus</span> <span class='ocrx_word' id='word_1_484' title='bbox 775 3440 947 3513; x_wconf 88' lang='lat' dir='ltr'>etinjustam</span> <span class='ocrx_word' id='word_1_485' title='bbox 996 3439 1144 3512; x_wconf 88' lang='lat' dir='ltr'>trinsecus,</span> <span class='ocrx_word' id='word_1_486' title='bbox 1159 3440 1209 3514; x_wconf 91' lang='lat' dir='ltr'>qui</span> <span class='ocrx_word' id='word_1_487' title='bbox 1230 3441 1417 3499; x_wconf 88' lang='lat' dir='ltr'>comedebant</span> <span class='ocrx_word' id='word_1_488' title='bbox 1435 3459 1550 3499; x_wconf 87' lang='lat' dir='ltr'>carnem</span> <span class='ocrx_word' id='word_1_489' title='bbox 1570 3442 1694 3511; x_wconf 90' lang='lat' dir='ltr'>suillam,</span> <span class='ocrx_word' id='word_1_490' title='bbox 1708 3447 1740 3499; x_wconf 90' lang='lat' dir='ltr'>et</span> <span class='ocrx_word' id='word_1_491' title='bbox 1752 3441 1816 3500; x_wconf 86' lang='lat' dir='ltr'>abo·</span> 
     </span>
     <span class='ocr_line' id='line_1_36' title="bbox 132 3533 1817 3608; baseline 0.002 -18"><span class='ocrx_word' id='word_1_492' title='bbox 132 3533 948 3608; x_wconf 79' lang='lat' dir='ltr'>episcoporumdamnationem,etidcircoasynodoretra·</span> <span class='ocrx_word' id='word_1_493' title='bbox 995 3533 1181 3591; x_wconf 89' lang='lat' dir='ltr'>minationem</span> <span class='ocrx_word' id='word_1_494' title='bbox 1206 3539 1236 3593; x_wconf 91' lang='lat' dir='ltr'>et</span> <span class='ocrx_word' id='word_1_495' title='bbox 1255 3552 1378 3607; x_wconf 78' lang='lat' dir='ltr'>mirram,</span> <span class='ocrx_word' id='word_1_496' title='bbox 1402 3536 1486 3592; x_wconf 91' lang='lat' dir='ltr'>simul</span> <span class='ocrx_word' id='word_1_497' title='bbox 1508 3540 1725 3606; x_wconf 87' lang='lat' dir='ltr'>consumentur,</span> <span class='ocrx_word' id='word_1_498' title='bbox 1747 3535 1817 3594; x_wconf 88' lang='lat' dir='ltr'>dicit</span> 
     </span>
     <span class='ocr_line' id='line_1_37' title="bbox 132 3627 1815 3704; baseline 0.002 -19"><span class='ocrx_word' id='word_1_499' title='bbox 132 3628 275 3698; x_wconf 83' lang='lat' dir='ltr'>claudam,</span> <span class='ocrx_word' id='word_1_500' title='bbox 286 3628 325 3685; x_wconf 89' lang='lat' dir='ltr'>ita</span> <span class='ocrx_word' id='word_1_501' title='bbox 337 3629 561 3702; x_wconf 88' lang='lat' dir='ltr'>utoppressisab</span> <span class='ocrx_word' id='word_1_502' title='bbox 571 3628 704 3685; x_wconf 92' lang='lat' dir='ltr'>omnibus</span> <span class='ocrx_word' id='word_1_503' title='bbox 718 3629 748 3684; x_wconf 91' lang='lat' dir='ltr'>in</span> <span class='ocrx_word' id='word_1_504' title='bbox 763 3627 945 3685; x_wconf 91' lang='lat' dir='ltr'>cunctissnb-</span> <span class='ocrx_word' id='word_1_505' title='bbox 996 3628 1144 3685; x_wconf 91' lang='lat' dir='ltr'>Dominus.</span> <span class='ocrx_word' id='word_1_506' title='bbox 1166 3630 1226 3701; x_wconf 89' lang='lat' dir='ltr'>Ego</span> <span class='ocrx_word' id='word_1_507' title='bbox 1251 3635 1346 3686; x_wconf 88' lang='lat' dir='ltr'>autem</span> <span class='ocrx_word' id='word_1_508' title='bbox 1364 3647 1451 3702; x_wconf 91' lang='lat' dir='ltr'>opera</span> <span class='ocrx_word' id='word_1_509' title='bbox 1470 3646 1570 3687; x_wconf 91' lang='lat' dir='ltr'>eorum</span> <span class='ocrx_word' id='word_1_510' title='bbox 1583 3634 1611 3687; x_wconf 91' lang='grc'>11</span> <span class='ocrx_word' id='word_1_511' title='bbox 1625 3631 1815 3704; x_wconf 83' lang='lat' dir='ltr'>cogitationes</span> 
     </span>
     <span class='ocr_line' id='line_1_38' title="bbox 132 3722 1816 3796; baseline 0.001 -17"><span class='ocrx_word' id='word_1_512' title='bbox 132 3722 766 3795; x_wconf 73' lang='grc'><strong>11111111111111.1111111111111111311111111</strong></span> <span class='ocrx_word' id='word_1_513' title='bbox 778 3739 816 3779; x_wconf 90' lang='lat' dir='ltr'>ne</span> <span class='ocrx_word' id='word_1_514' title='bbox 829 3723 947 3780; x_wconf 88' lang='lat' dir='ltr'>absente</span> <span class='ocrx_word' id='word_1_515' title='bbox 996 3738 1105 3793; x_wconf 91' lang='lat' dir='ltr'>eorum,</span> <span class='ocrx_word' id='word_1_516' title='bbox 1118 3723 1202 3779; x_wconf 81' lang='lat' dir='ltr'>venio</span> <span class='ocrx_word' id='word_1_517' title='bbox 1216 3727 1249 3780; x_wconf 91' lang='lat' dir='ltr'>ut</span> <span class='ocrx_word' id='word_1_518' title='bbox 1261 3739 1437 3796; x_wconf 90' lang='lat' dir='ltr'>congregem</span> <span class='ocrx_word' id='word_1_519' title='bbox 1450 3741 1516 3781; x_wconf 89' lang='lat' dir='ltr'>curu</span> <span class='ocrx_word' id='word_1_520' title='bbox 1532 3723 1667 3781; x_wconf 91' lang='lat' dir='ltr'>omnibus</span> <span class='ocrx_word' id='word_1_521' title='bbox 1680 3724 1816 3794; x_wconf 87' lang='lat' dir='ltr'>gentibus</span> 
     </span>
     <span class='ocr_line' id='line_1_39' title="bbox 131 3815 1817 3891; baseline -0.001 -16"><span class='ocrx_word' id='word_1_522' title='bbox 131 3815 948 3891; x_wconf 72' lang='grc'><strong>1111111111111111111111,11111111111111111111111,1111</strong></span> <span class='ocrx_word' id='word_1_523' title='bbox 997 3821 1026 3873; x_wconf 91' lang='lat' dir='ltr'>et</span> <span class='ocrx_word' id='word_1_524' title='bbox 1038 3815 1153 3887; x_wconf 90' lang='lat' dir='ltr'>linguis,</span> <span class='ocrx_word' id='word_1_525' title='bbox 1168 3819 1196 3872; x_wconf 91' lang='lat' dir='ltr'>ct</span> <span class='ocrx_word' id='word_1_526' title='bbox 1209 3818 1324 3874; x_wconf 83' lang='lat' dir='ltr'>venient</span> <span class='ocrx_word' id='word_1_527' title='bbox 1336 3820 1365 3873; x_wconf 91' lang='lat' dir='ltr'>et</span> <span class='ocrx_word' id='word_1_528' title='bbox 1376 3817 1513 3875; x_wconf 81' lang='lat' dir='ltr'>ridebunt</span> <span class='ocrx_word' id='word_1_529' title='bbox 1526 3817 1648 3890; x_wconf 89' lang='lat' dir='ltr'>gloriam</span> <span class='ocrx_word' id='word_1_530' title='bbox 1665 3834 1773 3887; x_wconf 87' lang='lat' dir='ltr'>meam,</span> <span class='ocrx_word' id='word_1_531' title='bbox 1787 3820 1817 3874; x_wconf 87' lang='grc'>11</span> 
     </span>
     <span class='ocr_line' id='line_1_40' title="bbox 132 3909 1817 3984; baseline 0 -16"><span class='ocrx_word' id='word_1_532' title='bbox 132 3910 213 3968; x_wconf 90' lang='grc'><strong>111111</strong></span> <span class='ocrx_word' id='word_1_533' title='bbox 222 3912 334 3984; x_wconf 90' lang='lat' dir='ltr'>eritqui</span> <span class='ocrx_word' id='word_1_534' title='bbox 345 3911 432 3968; x_wconf 88' lang='lat' dir='ltr'>etiam</span> <span class='ocrx_word' id='word_1_535' title='bbox 444 3911 587 3968; x_wconf 90' lang='lat' dir='ltr'>rationem</span> <span class='ocrx_word' id='word_1_536' title='bbox 600 3928 652 3984; x_wconf 92' lang='lat' dir='ltr'>pro</span> <span class='ocrx_word' id='word_1_537' title='bbox 661 3912 772 3967; x_wconf 88' lang='lat' dir='ltr'>actione</span> <span class='ocrx_word' id='word_1_538' title='bbox 784 3911 904 3967; x_wconf 84' lang='grc'><strong>11111111</strong></span> <span class='ocrx_word' id='word_1_539' title='bbox 917 3909 948 3965; x_wconf 92' lang='lat' dir='ltr'>in</span> <span class='ocrx_word' id='word_1_540' title='bbox 996 3925 1103 3983; x_wconf 89' lang='lat' dir='ltr'>ponam</span> <span class='ocrx_word' id='word_1_541' title='bbox 1116 3909 1146 3966; x_wconf 93' lang='lat' dir='ltr'>in</span> <span class='ocrx_word' id='word_1_542' title='bbox 1162 3909 1202 3966; x_wconf 91' lang='lat' dir='ltr'>eis</span> <span class='ocrx_word' id='word_1_543' title='bbox 1216 3911 1341 3984; x_wconf 91' lang='lat' dir='ltr'>signum.</span> <span class='ocrx_word' id='word_1_544' title='bbox 1356 3912 1390 3967; x_wconf 85' lang='lat' dir='ltr'>Et</span> <span class='ocrx_word' id='word_1_545' title='bbox 1401 3912 1515 3970; x_wconf 91' lang='lat' dir='ltr'>mittam</span> <span class='ocrx_word' id='word_1_546' title='bbox 1529 3928 1564 3967; x_wconf 86' lang='lat' dir='ltr'>ex</span> <span class='ocrx_word' id='word_1_547' title='bbox 1581 3912 1622 3968; x_wconf 91' lang='grc'>111</span> <span class='ocrx_word' id='word_1_548' title='bbox 1640 3912 1691 3984; x_wconf 92' lang='lat' dir='ltr'>qui</span> <span class='ocrx_word' id='word_1_549' title='bbox 1716 3910 1817 3970; x_wconf 79' lang='lat' dir='ltr'>salusti</span> 
     </span>
     <span class='ocr_line' id='line_1_41' title="bbox 132 4002 1815 4079; baseline 0 -17"><span class='ocrx_word' id='word_1_550' title='bbox 132 4003 947 4079; x_wconf 79' lang='lat' dir='ltr'>prasentiadabunt.Proditorumveroueccalumuia,nec</span> <span class='ocrx_word' id='word_1_551' title='bbox 996 4002 1103 4058; x_wconf 85' lang='lat' dir='ltr'>luerint</span> <span class='ocrx_word' id='word_1_552' title='bbox 1127 4003 1164 4059; x_wconf 89' lang='lat' dir='ltr'>ad</span> <span class='ocrx_word' id='word_1_553' title='bbox 1190 4007 1297 4076; x_wconf 90' lang='lat' dir='ltr'>gentes,</span> <span class='ocrx_word' id='word_1_554' title='bbox 1319 4006 1351 4061; x_wconf 93' lang='lat' dir='ltr'>iu</span> <span class='ocrx_word' id='word_1_555' title='bbox 1378 4005 1462 4076; x_wconf 91' lang='lat' dir='ltr'>mari,</span> <span class='ocrx_word' id='word_1_556' title='bbox 1487 4005 1518 4061; x_wconf 91' lang='lat' dir='ltr'>iu</span> <span class='ocrx_word' id='word_1_557' title='bbox 1543 4005 1636 4062; x_wconf 80' lang='lat' dir='ltr'>Africa</span> <span class='ocrx_word' id='word_1_558' title='bbox 1662 4010 1691 4062; x_wconf 97' lang='grc'>11</span> <span class='ocrx_word' id='word_1_559' title='bbox 1716 4006 1815 4079; x_wconf 79' lang='lat' dir='ltr'>Lydia,</span> 
     </span>
     <span class='ocr_line' id='line_1_42' title="bbox 132 4096 1818 4171; baseline 0.002 -17"><span class='ocrx_word' id='word_1_560' title='bbox 132 4115 187 4155; x_wconf 82' lang='lat' dir='ltr'>vox</span> <span class='ocrx_word' id='word_1_561' title='bbox 201 4099 343 4154; x_wconf 86' lang='lat' dir='ltr'>audiatur.</span> <span class='ocrx_word' id='word_1_562' title='bbox 354 4101 442 4155; x_wconf 89' lang='lat' dir='ltr'>Nemo</span> <span class='ocrx_word' id='word_1_563' title='bbox 456 4098 535 4153; x_wconf 92' lang='lat' dir='ltr'>euim</span> <span class='ocrx_word' id='word_1_564' title='bbox 547 4097 708 4153; x_wconf 90' lang='lat' dir='ltr'>debitorem</span> <span class='ocrx_word' id='word_1_565' title='bbox 722 4096 844 4169; x_wconf 90' lang='lat' dir='ltr'>amplius</span> <span class='ocrx_word' id='word_1_566' title='bbox 856 4100 948 4170; x_wconf 88' lang='lat' dir='ltr'>potest</span> <span class='ocrx_word' id='word_1_567' title='bbox 996 4099 1126 4153; x_wconf 89' lang='lat' dir='ltr'>tenentes</span> <span class='ocrx_word' id='word_1_568' title='bbox 1141 4098 1273 4169; x_wconf 89' lang='lat' dir='ltr'>sagittam</span> <span class='ocrx_word' id='word_1_569' title='bbox 1286 4097 1316 4155; x_wconf 90' lang='lat' dir='ltr'>in</span> <span class='ocrx_word' id='word_1_570' title='bbox 1330 4099 1439 4155; x_wconf 88' lang='lat' dir='ltr'>ltaliam</span> <span class='ocrx_word' id='word_1_571' title='bbox 1454 4099 1644 4171; x_wconf 73' lang='lat' dir='ltr'>storacium,</span> <span class='ocrx_word' id='word_1_572' title='bbox 1657 4099 1696 4157; x_wconf 90' lang='lat' dir='ltr'>ad</span> <span class='ocrx_word' id='word_1_573' title='bbox 1708 4098 1818 4158; x_wconf 83' lang='lat' dir='ltr'>insutas</span> 
     </span>
     <span class='ocr_line' id='line_1_43' title="bbox 133 4188 1818 4264; baseline 0.001 -17"><span class='ocrx_word' id='word_1_574' title='bbox 133 4206 315 4263; x_wconf 88' lang='lat' dir='ltr'>cognoscere,</span> <span class='ocrx_word' id='word_1_575' title='bbox 327 4207 413 4263; x_wconf 90' lang='lat' dir='ltr'>quam</span> <span class='ocrx_word' id='word_1_576' title='bbox 425 4189 472 4246; x_wconf 92' lang='lat' dir='ltr'>ille</span> <span class='ocrx_word' id='word_1_577' title='bbox 482 4191 531 4263; x_wconf 92' lang='lat' dir='ltr'>qui</span> <span class='ocrx_word' id='word_1_578' title='bbox 541 4188 676 4261; x_wconf 88' lang='lat' dir='ltr'>iujuriam</span> <span class='ocrx_word' id='word_1_579' title='bbox 686 4190 803 4263; x_wconf 87' lang='lat' dir='ltr'>ejusque</span> <span class='ocrx_word' id='word_1_580' title='bbox 815 4189 948 4247; x_wconf 89' lang='lat' dir='ltr'>sustinuit</span> <span class='ocrx_word' id='word_1_581' title='bbox 997 4190 1096 4263; x_wconf 88' lang='lat' dir='ltr'>louge,</span> <span class='ocrx_word' id='word_1_582' title='bbox 1105 4191 1141 4246; x_wconf 91' lang='lat' dir='ltr'>ad</span> <span class='ocrx_word' id='word_1_583' title='bbox 1154 4207 1204 4248; x_wconf 90' lang='lat' dir='ltr'>eos</span> <span class='ocrx_word' id='word_1_584' title='bbox 1218 4192 1268 4264; x_wconf 92' lang='lat' dir='ltr'>qui</span> <span class='ocrx_word' id='word_1_585' title='bbox 1281 4209 1340 4250; x_wconf 92' lang='lat' dir='ltr'>non</span> <span class='ocrx_word' id='word_1_586' title='bbox 1353 4194 1510 4250; x_wconf 90' lang='lat' dir='ltr'>audiemnt</span> <span class='ocrx_word' id='word_1_587' title='bbox 1521 4193 1558 4250; x_wconf 89' lang='lat' dir='ltr'>de</span> <span class='ocrx_word' id='word_1_588' title='bbox 1571 4209 1619 4250; x_wconf 91' lang='lat' dir='ltr'>me</span> <span class='ocrx_word' id='word_1_589' title='bbox 1628 4198 1657 4250; x_wconf 89' lang='grc'>11</span> <span class='ocrx_word' id='word_1_590' title='bbox 1669 4209 1730 4251; x_wconf 90' lang='lat' dir='ltr'>uon</span> <span class='ocrx_word' id='word_1_591' title='bbox 1741 4193 1818 4251; x_wconf 81' lang='lat' dir='ltr'>vida·</span> 
     </span>
     <span class='ocr_line' id='line_1_44' title="bbox 132 4282 1817 4360; baseline 0.003 -20"><span class='ocrx_word' id='word_1_592' title='bbox 132 4283 303 4356; x_wconf 88' lang='lat' dir='ltr'>nequitiam.</span> <span class='ocrx_word' id='word_1_593' title='bbox 326 4283 430 4340; x_wconf 85' lang='lat' dir='ltr'>Omnes</span> <span class='ocrx_word' id='word_1_594' title='bbox 450 4299 519 4356; x_wconf 87' lang='lat' dir='ltr'>ergo</span> <span class='ocrx_word' id='word_1_595' title='bbox 539 4283 589 4356; x_wconf 92' lang='lat' dir='ltr'>qui</span> <span class='ocrx_word' id='word_1_596' title='bbox 609 4282 639 4339; x_wconf 93' lang='lat' dir='ltr'>in</span> <span class='ocrx_word' id='word_1_597' title='bbox 656 4282 768 4341; x_wconf 86' lang='lat' dir='ltr'>Christo</span> <span class='ocrx_word' id='word_1_598' title='bbox 789 4284 887 4340; x_wconf 84' lang='lat' dir='ltr'>volunt</span> <span class='ocrx_word' id='word_1_599' title='bbox 901 4285 947 4358; x_wconf 89' lang='lat' dir='ltr'>pie</span> <span class='ocrx_word' id='word_1_600' title='bbox 998 4289 1066 4339; x_wconf 90' lang='lat' dir='ltr'>runt</span> <span class='ocrx_word' id='word_1_601' title='bbox 1076 4285 1196 4357; x_wconf 91' lang='lat' dir='ltr'>gloriam</span> <span class='ocrx_word' id='word_1_602' title='bbox 1205 4302 1311 4355; x_wconf 90' lang='lat' dir='ltr'>meam,</span> <span class='ocrx_word' id='word_1_603' title='bbox 1323 4292 1352 4343; x_wconf 90' lang='grc'>11</span> <span class='ocrx_word' id='word_1_604' title='bbox 1361 4287 1573 4344; x_wconf 87' lang='lat' dir='ltr'>annuntiabunt</span> <span class='ocrx_word' id='word_1_605' title='bbox 1589 4287 1711 4360; x_wconf 89' lang='lat' dir='ltr'>gloriam</span> <span class='ocrx_word' id='word_1_606' title='bbox 1721 4303 1817 4345; x_wconf 88' lang='lat' dir='ltr'>meam</span> 
     </span>
     <span class='ocr_line' id='line_1_45' title="bbox 132 4374 1817 4451; baseline 0.004 -19"><span class='ocrx_word' id='word_1_607' title='bbox 132 4374 237 4446; x_wconf 77' lang='lat' dir='ltr'>rivere,</span> <span class='ocrx_word' id='word_1_608' title='bbox 256 4393 370 4434; x_wconf 89' lang='lat' dir='ltr'>necesse</span> <span class='ocrx_word' id='word_1_609' title='bbox 387 4379 430 4434; x_wconf 88' lang='grc'>111</span> <span class='ocrx_word' id='word_1_610' title='bbox 447 4380 480 4432; x_wconf 91' lang='lat' dir='ltr'>ut</span> <span class='ocrx_word' id='word_1_611' title='bbox 498 4377 533 4432; x_wconf 90' lang='lat' dir='ltr'>ab</span> <span class='ocrx_word' id='word_1_612' title='bbox 552 4375 648 4451; x_wconf 89' lang='lat' dir='ltr'>impiis</span> <span class='ocrx_word' id='word_1_613' title='bbox 663 4382 692 4434; x_wconf 89' lang='lat' dir='ltr'>et</span> <span class='ocrx_word' id='word_1_614' title='bbox 706 4376 887 4433; x_wconf 90' lang='lat' dir='ltr'>dissimilibus</span> <span class='ocrx_word' id='word_1_615' title='bbox 900 4395 949 4451; x_wconf 90' lang='lat' dir='ltr'>pa·</span> <span class='ocrx_word' id='word_1_616' title='bbox 997 4377 1139 4450; x_wconf 88' lang='lat' dir='ltr'>gentibus,</span> <span class='ocrx_word' id='word_1_617' title='bbox 1162 4383 1192 4435; x_wconf 92' lang='lat' dir='ltr'>et</span> <span class='ocrx_word' id='word_1_618' title='bbox 1224 4379 1365 4436; x_wconf 89' lang='lat' dir='ltr'>adducent</span> <span class='ocrx_word' id='word_1_619' title='bbox 1389 4396 1490 4436; x_wconf 90' lang='lat' dir='ltr'>omues</span> <span class='ocrx_word' id='word_1_620' title='bbox 1519 4381 1620 4436; x_wconf 88' lang='grc'><strong>1111111</strong></span> <span class='ocrx_word' id='word_1_621' title='bbox 1645 4383 1757 4438; x_wconf 84' lang='lat' dir='ltr'>vestros</span> <span class='ocrx_word' id='word_1_622' title='bbox 1781 4380 1817 4438; x_wconf 85' lang='lat' dir='ltr'>ds</span> 
     </span>
     <span class='ocr_line' id='line_1_46' title="bbox 131 4468 1817 4561; baseline 0.001 -33"><span class='ocrx_word' id='word_1_623' title='bbox 131 4468 240 4529; x_wconf 90' lang='lat' dir='ltr'>tlantur</span> <span class='ocrx_word' id='word_1_624' title='bbox 253 4471 416 4545; x_wconf 91' lang='lat' dir='ltr'>opprobria,</span> <span class='ocrx_word' id='word_1_625' title='bbox 428 4477 456 4529; x_wconf 91' lang='grc'>11</span> <span class='ocrx_word' id='word_1_626' title='bbox 471 4469 664 4544; x_wconf 89' lang='lat' dir='ltr'>despiciantur</span> <span class='ocrx_word' id='word_1_627' title='bbox 677 4473 815 4544; x_wconf 88' lang='lat' dir='ltr'>tanquam</span> <span class='ocrx_word' id='word_1_628' title='bbox 829 4471 907 4527; x_wconf 91' lang='lat' dir='ltr'>stulti</span> <span class='ocrx_word' id='word_1_629' title='bbox 920 4477 986 4561; x_wconf 78' lang='lat' dir='ltr'>etD</span> <span class='ocrx_word' id='word_1_630' title='bbox 997 4473 1106 4528; x_wconf 80' lang='lat' dir='ltr'>ermetis</span> <span class='ocrx_word' id='word_1_631' title='bbox 1121 4471 1254 4545; x_wconf 89' lang='lat' dir='ltr'>gentibus</span> <span class='ocrx_word' id='word_1_632' title='bbox 1266 4473 1374 4529; x_wconf 91' lang='lat' dir='ltr'>donum</span> <span class='ocrx_word' id='word_1_633' title='bbox 1388 4473 1519 4546; x_wconf 92' lang='lat' dir='ltr'>Domino,</span> <span class='ocrx_word' id='word_1_634' title='bbox 1531 4474 1652 4547; x_wconf 85' lang='lat' dir='ltr'>inequis</span> <span class='ocrx_word' id='word_1_635' title='bbox 1664 4475 1734 4530; x_wconf 88' lang='lat' dir='ltr'>etin</span> <span class='ocrx_word' id='word_1_636' title='bbox 1748 4490 1817 4548; x_wconf 87' lang='lat' dir='ltr'>qua·</span> 
     </span>
     <span class='ocr_line' id='line_1_47' title="bbox 133 4564 1817 4640; baseline 0.001 -17"><span class='ocrx_word' id='word_1_637' title='bbox 133 4566 237 4635; x_wconf 89' lang='lat' dir='ltr'>insani,</span> <span class='ocrx_word' id='word_1_638' title='bbox 257 4565 305 4639; x_wconf 94' lang='lat' dir='ltr'>qui</span> <span class='ocrx_word' id='word_1_639' title='bbox 325 4565 478 4640; x_wconf 80' lang='lat' dir='ltr'>presentia</span> <span class='ocrx_word' id='word_1_640' title='bbox 497 4565 574 4621; x_wconf 92' lang='lat' dir='ltr'>bona</span> <span class='ocrx_word' id='word_1_641' title='bbox 591 4566 727 4639; x_wconf 89' lang='lat' dir='ltr'>perdunt,</span> <span class='ocrx_word' id='word_1_642' title='bbox 746 4570 777 4622; x_wconf 90' lang='grc'>11</span> <span class='ocrx_word' id='word_1_643' title='bbox 797 4565 948 4622; x_wconf 84' lang='lat' dir='ltr'>invisibilia</span> <span class='ocrx_word' id='word_1_644' title='bbox 997 4564 1095 4638; x_wconf 89' lang='lat' dir='ltr'>drigis,</span> <span class='ocrx_word' id='word_1_645' title='bbox 1110 4565 1182 4622; x_wconf 89' lang='lat' dir='ltr'>etin</span> <span class='ocrx_word' id='word_1_646' title='bbox 1200 4567 1314 4635; x_wconf 87' lang='lat' dir='ltr'>lecticis,</span> <span class='ocrx_word' id='word_1_647' title='bbox 1330 4567 1401 4624; x_wconf 91' lang='lat' dir='ltr'>etin</span> <span class='ocrx_word' id='word_1_648' title='bbox 1422 4568 1516 4638; x_wconf 93' lang='lat' dir='ltr'>mulis,</span> <span class='ocrx_word' id='word_1_649' title='bbox 1532 4572 1561 4623; x_wconf 91' lang='lat' dir='ltr'>et</span> <span class='ocrx_word' id='word_1_650' title='bbox 1579 4568 1609 4623; x_wconf 95' lang='lat' dir='ltr'>iu</span> <span class='ocrx_word' id='word_1_651' title='bbox 1630 4569 1767 4637; x_wconf 90' lang='lat' dir='ltr'>carrucis,</span> <span class='ocrx_word' id='word_1_652' title='bbox 1781 4567 1817 4624; x_wconf 91' lang='lat' dir='ltr'>ad</span> 
     </span>
     <span class='ocr_line' id='line_1_48' title="bbox 134 4655 1816 4734; baseline 0.001 -19"><span class='ocrx_word' id='word_1_653' title='bbox 134 4663 162 4715; x_wconf 90' lang='lat' dir='ltr'>et</span> <span class='ocrx_word' id='word_1_654' title='bbox 182 4658 278 4713; x_wconf 89' lang='lat' dir='ltr'>futura</span> <span class='ocrx_word' id='word_1_655' title='bbox 296 4656 454 4730; x_wconf 85' lang='lat' dir='ltr'>acquirant.</span> <span class='ocrx_word' id='word_1_656' title='bbox 469 4655 615 4728; x_wconf 88' lang='lat' dir='ltr'>Despectio</span> <span class='ocrx_word' id='word_1_657' title='bbox 634 4657 731 4711; x_wconf 88' lang='lat' dir='ltr'>tamen</span> <span class='ocrx_word' id='word_1_658' title='bbox 751 4658 780 4712; x_wconf 93' lang='lat' dir='ltr'>et</span> <span class='ocrx_word' id='word_1_659' title='bbox 794 4655 888 4712; x_wconf 88' lang='lat' dir='ltr'>irrisio</span> <span class='ocrx_word' id='word_1_660' title='bbox 904 4660 946 4712; x_wconf 86' lang='lat' dir='ltr'>ta·</span> <span class='ocrx_word' id='word_1_661' title='bbox 997 4661 1128 4715; x_wconf 90' lang='lat' dir='ltr'>montem</span> <span class='ocrx_word' id='word_1_662' title='bbox 1142 4663 1271 4716; x_wconf 86' lang='lat' dir='ltr'>sanctum</span> <span class='ocrx_word' id='word_1_663' title='bbox 1289 4677 1385 4717; x_wconf 90' lang='lat' dir='ltr'>meum</span> <span class='ocrx_word' id='word_1_664' title='bbox 1402 4662 1569 4733; x_wconf 84' lang='lat' dir='ltr'>Jerusalem,</span> <span class='ocrx_word' id='word_1_665' title='bbox 1584 4660 1653 4719; x_wconf 88' lang='lat' dir='ltr'>dicit</span> <span class='ocrx_word' id='word_1_666' title='bbox 1666 4662 1816 4734; x_wconf 89' lang='lat' dir='ltr'>Dominus,</span> 
     </span>
     <span class='ocr_line' id='line_1_49' title="bbox 134 4749 1817 4826; baseline 0.002 -19"><span class='ocrx_word' id='word_1_667' title='bbox 134 4753 205 4808; x_wconf 90' lang='lat' dir='ltr'>lium</span> <span class='ocrx_word' id='word_1_668' title='bbox 218 4751 249 4806; x_wconf 93' lang='lat' dir='ltr'>iu</span> <span class='ocrx_word' id='word_1_669' title='bbox 264 4752 339 4824; x_wconf 93' lang='lat' dir='ltr'>ipsos</span> <span class='ocrx_word' id='word_1_670' title='bbox 350 4749 562 4823; x_wconf 88' lang='lat' dir='ltr'>retorquebitur</span> <span class='ocrx_word' id='word_1_671' title='bbox 574 4750 623 4822; x_wconf 93' lang='lat' dir='ltr'>qui</span> <span class='ocrx_word' id='word_1_672' title='bbox 637 4750 714 4822; x_wconf 88' lang='lat' dir='ltr'>ipsos</span> <span class='ocrx_word' id='word_1_673' title='bbox 723 4749 869 4820; x_wconf 80' lang='lat' dir='ltr'>infestant,</span> <span class='ocrx_word' id='word_1_674' title='bbox 881 4750 949 4822; x_wconf 83' lang='lat' dir='ltr'>quia</span> <span class='ocrx_word' id='word_1_675' title='bbox 998 4753 1141 4826; x_wconf 89' lang='lat' dir='ltr'>quomodo</span> <span class='ocrx_word' id='word_1_676' title='bbox 1153 4753 1176 4808; x_wconf 94' lang='lat' dir='ltr'>si</span> <span class='ocrx_word' id='word_1_677' title='bbox 1186 4753 1309 4810; x_wconf 82' lang='lat' dir='ltr'>interant</span> <span class='ocrx_word' id='word_1_678' title='bbox 1321 4755 1372 4810; x_wconf 84' lang='lat' dir='ltr'>filii</span> <span class='ocrx_word' id='word_1_679' title='bbox 1380 4756 1466 4810; x_wconf 91' lang='lat' dir='ltr'>lsrael</span> <span class='ocrx_word' id='word_1_680' title='bbox 1475 4771 1581 4812; x_wconf 91' lang='lat' dir='ltr'>munus</span> <span class='ocrx_word' id='word_1_681' title='bbox 1590 4755 1620 4811; x_wconf 90' lang='lat' dir='ltr'>in</span> <span class='ocrx_word' id='word_1_682' title='bbox 1630 4771 1696 4812; x_wconf 81' lang='lat' dir='ltr'>vase</span> <span class='ocrx_word' id='word_1_683' title='bbox 1707 4756 1817 4813; x_wconf 92' lang='lat' dir='ltr'>mundo</span> 
     </span>
     <span class='ocr_line' id='line_1_50' title="bbox 134 4843 1817 4917; baseline 0.002 -14"><span class='ocrx_word' id='word_1_684' title='bbox 134 4848 164 4903; x_wconf 91' lang='lat' dir='ltr'>et</span> <span class='ocrx_word' id='word_1_685' title='bbox 183 4844 360 4902; x_wconf 90' lang='lat' dir='ltr'>abundantia</span> <span class='ocrx_word' id='word_1_686' title='bbox 385 4860 484 4901; x_wconf 91' lang='lat' dir='ltr'>eorum</span> <span class='ocrx_word' id='word_1_687' title='bbox 512 4843 542 4899; x_wconf 92' lang='lat' dir='ltr'>in</span> <span class='ocrx_word' id='word_1_688' title='bbox 565 4847 739 4917; x_wconf 89' lang='lat' dir='ltr'>egestatem,</span> <span class='ocrx_word' id='word_1_689' title='bbox 762 4847 791 4899; x_wconf 89' lang='lat' dir='ltr'>et</span> <span class='ocrx_word' id='word_1_690' title='bbox 817 4843 949 4915; x_wconf 89' lang='lat' dir='ltr'>superbia</span> <span class='ocrx_word' id='word_1_691' title='bbox 998 4846 1027 4902; x_wconf 93' lang='lat' dir='ltr'>iu</span> <span class='ocrx_word' id='word_1_692' title='bbox 1042 4848 1162 4903; x_wconf 93' lang='lat' dir='ltr'>domum</span> <span class='ocrx_word' id='word_1_693' title='bbox 1175 4848 1299 4917; x_wconf 88' lang='lat' dir='ltr'>Domini,</span> <span class='ocrx_word' id='word_1_694' title='bbox 1310 4853 1340 4904; x_wconf 88' lang='lat' dir='ltr'>ct</span> <span class='ocrx_word' id='word_1_695' title='bbox 1352 4865 1496 4906; x_wconf 89' lang='lat' dir='ltr'>assumam</span> <span class='ocrx_word' id='word_1_696' title='bbox 1510 4867 1542 4906; x_wconf 87' lang='grc'>11</span> <span class='ocrx_word' id='word_1_697' title='bbox 1558 4849 1598 4906; x_wconf 88' lang='grc'>111</span> <span class='ocrx_word' id='word_1_698' title='bbox 1611 4849 1641 4906; x_wconf 92' lang='lat' dir='ltr'>iu</span> <span class='ocrx_word' id='word_1_699' title='bbox 1655 4850 1817 4908; x_wconf 88' lang='lat' dir='ltr'>sacerdotes</span> 
     </span>
     <span class='ocr_line' id='line_1_51' title="bbox 134 4936 1818 5015; baseline 0.002 -20"><span class='ocrx_word' id='word_1_700' title='bbox 134 4938 265 4996; x_wconf 87' lang='lat' dir='ltr'>transibit</span> <span class='ocrx_word' id='word_1_701' title='bbox 278 4939 309 4995; x_wconf 93' lang='lat' dir='ltr'>in</span> <span class='ocrx_word' id='word_1_702' title='bbox 326 4937 531 4995; x_wconf 79' lang='lat' dir='ltr'>contusionem.</span> <span class='ocrx_word' id='word_1_703' title='bbox 551 4937 586 4992; x_wconf 87' lang='lat' dir='ltr'>Et</span> <span class='ocrx_word' id='word_1_704' title='bbox 600 4936 741 5010; x_wconf 90' lang='lat' dir='ltr'>quidquid</span> <span class='ocrx_word' id='word_1_705' title='bbox 753 4937 838 5009; x_wconf 89' lang='lat' dir='ltr'>justis</span> <span class='ocrx_word' id='word_1_706' title='bbox 852 4937 949 4995; x_wconf 85' lang='lat' dir='ltr'>adver-</span> <span class='ocrx_word' id='word_1_707' title='bbox 998 4943 1027 4997; x_wconf 91' lang='lat' dir='ltr'>et</span> <span class='ocrx_word' id='word_1_708' title='bbox 1038 4940 1067 4997; x_wconf 91' lang='lat' dir='ltr'>in</span> <span class='ocrx_word' id='word_1_709' title='bbox 1082 4941 1190 5010; x_wconf 86' lang='lat' dir='ltr'>levitas,</span> <span class='ocrx_word' id='word_1_710' title='bbox 1202 4942 1269 4998; x_wconf 91' lang='lat' dir='ltr'>dicit</span> <span class='ocrx_word' id='word_1_711' title='bbox 1283 4943 1418 4999; x_wconf 91' lang='lat' dir='ltr'>Dominus</span> <span class='ocrx_word' id='word_1_712' title='bbox 1430 4960 1437 5000; x_wconf 78' lang='lat' dir='ltr'><strong><em>z</em></strong></span> <span class='ocrx_word' id='word_1_713' title='bbox 1449 4943 1520 5009; x_wconf 85' lang='lat' dir='ltr'>Quia</span> <span class='ocrx_word' id='word_1_714' title='bbox 1531 4944 1605 5000; x_wconf 90' lang='lat' dir='ltr'>sicut</span> <span class='ocrx_word' id='word_1_715' title='bbox 1616 4941 1681 5000; x_wconf 72' lang='lat' dir='ltr'>caeli</span> <span class='ocrx_word' id='word_1_716' title='bbox 1696 4944 1775 5015; x_wconf 83' lang='lat' dir='ltr'>nori,</span> <span class='ocrx_word' id='word_1_717' title='bbox 1789 4944 1818 5000; x_wconf 90' lang='lat' dir='ltr'>et</span> 
     </span>
     <span class='ocr_line' id='line_1_52' title="bbox 133 5031 1816 5108; baseline 0.002 -16"><span class='ocrx_word' id='word_1_718' title='bbox 133 5034 248 5093; x_wconf 78' lang='lat' dir='ltr'>citatum</span> <span class='ocrx_word' id='word_1_719' title='bbox 261 5034 305 5090; x_wconf 75' lang='lat' dir='ltr'>vel</span> <span class='ocrx_word' id='word_1_720' title='bbox 325 5033 465 5089; x_wconf 89' lang='lat' dir='ltr'>malorum</span> <span class='ocrx_word' id='word_1_721' title='bbox 482 5031 638 5103; x_wconf 88' lang='lat' dir='ltr'>irrogatur,</span> <span class='ocrx_word' id='word_1_722' title='bbox 655 5048 713 5088; x_wconf 92' lang='lat' dir='ltr'>non</span> <span class='ocrx_word' id='word_1_723' title='bbox 731 5032 774 5087; x_wconf 88' lang='grc'>111</span> <span class='ocrx_word' id='word_1_724' title='bbox 790 5046 874 5103; x_wconf 87' lang='lat' dir='ltr'>poena</span> <span class='ocrx_word' id='word_1_725' title='bbox 892 5031 947 5087; x_wconf 88' lang='lat' dir='ltr'>cri·</span> <span class='ocrx_word' id='word_1_726' title='bbox 998 5036 1594 5108; x_wconf 72' lang='grc'><strong>111111111111113111111111111111111</strong></span> <span class='ocrx_word' id='word_1_727' title='bbox 1609 5054 1666 5108; x_wconf 89' lang='lat' dir='ltr'>me,</span> <span class='ocrx_word' id='word_1_728' title='bbox 1682 5037 1755 5096; x_wconf 90' lang='lat' dir='ltr'>dicit</span> <span class='ocrx_word' id='word_1_729' title='bbox 1767 5039 1816 5096; x_wconf 91' lang='lat' dir='ltr'>Do-</span> 
     </span>
     <span class='ocr_line' id='line_1_53' title="bbox 133 5124 1815 5199; baseline 0 -11"><span class='ocrx_word' id='word_1_730' title='bbox 133 5129 230 5199; x_wconf 91' lang='lat' dir='ltr'>minis,</span> <span class='ocrx_word' id='word_1_731' title='bbox 245 5127 295 5184; x_wconf 94' lang='lat' dir='ltr'>sed</span> <span class='ocrx_word' id='word_1_732' title='bbox 313 5125 424 5184; x_wconf 81' lang='lat' dir='ltr'>virtutis</span> <span class='ocrx_word' id='word_1_733' title='bbox 437 5141 567 5183; x_wconf 81' lang='lat' dir='ltr'>examen.</span> <span class='ocrx_word' id='word_1_734' title='bbox 582 5125 616 5182; x_wconf 81' lang='lat' dir='ltr'>lit</span> <span class='ocrx_word' id='word_1_735' title='bbox 628 5124 702 5182; x_wconf 89' lang='lat' dir='ltr'>sicut</span> <span class='ocrx_word' id='word_1_736' title='bbox 714 5140 828 5195; x_wconf 87' lang='lat' dir='ltr'>aumm,</span> <span class='ocrx_word' id='word_1_737' title='bbox 842 5127 949 5198; x_wconf 87' lang='lat' dir='ltr'>quanto</span> <span class='ocrx_word' id='word_1_738' title='bbox 998 5129 1103 5197; x_wconf 89' lang='lat' dir='ltr'>miuus,</span> <span class='ocrx_word' id='word_1_739' title='bbox 1115 5129 1154 5185; x_wconf 89' lang='lat' dir='ltr'>sic</span> <span class='ocrx_word' id='word_1_740' title='bbox 1167 5129 1253 5186; x_wconf 88' lang='lat' dir='ltr'>stabit</span> <span class='ocrx_word' id='word_1_741' title='bbox 1267 5146 1366 5186; x_wconf 90' lang='lat' dir='ltr'>semen</span> <span class='ocrx_word' id='word_1_742' title='bbox 1376 5135 1502 5187; x_wconf 84' lang='lat' dir='ltr'>vestrum</span> <span class='ocrx_word' id='word_1_743' title='bbox 1516 5135 1545 5188; x_wconf 88' lang='grc'>11</span> <span class='ocrx_word' id='word_1_744' title='bbox 1558 5148 1666 5189; x_wconf 90' lang='lat' dir='ltr'>nomen</span> <span class='ocrx_word' id='word_1_745' title='bbox 1678 5137 1815 5190; x_wconf 82' lang='grc'><strong>11111111.</strong></span> 
     </span>
     <span class='ocr_line' id='line_1_54' title="bbox 131 5216 1815 5304; baseline 0.001 -21"><span class='ocrx_word' id='word_1_746' title='bbox 131 5230 197 5304; x_wconf 88' lang='lat' dir='ltr'>plus</span> <span class='ocrx_word' id='word_1_747' title='bbox 219 5222 397 5296; x_wconf 87' lang='lat' dir='ltr'>excoquitur,</span> <span class='ocrx_word' id='word_1_748' title='bbox 417 5224 496 5277; x_wconf 87' lang='lat' dir='ltr'>tanto</span> <span class='ocrx_word' id='word_1_749' title='bbox 513 5218 616 5278; x_wconf 91' lang='lat' dir='ltr'>melius</span> <span class='ocrx_word' id='word_1_750' title='bbox 639 5216 770 5290; x_wconf 80' lang='lat' dir='ltr'>eflicitur,</span> <span class='ocrx_word' id='word_1_751' title='bbox 790 5219 829 5275; x_wconf 87' lang='lat' dir='ltr'>sic</span> <span class='ocrx_word' id='word_1_752' title='bbox 844 5218 948 5292; x_wconf 86' lang='lat' dir='ltr'>justus,</span> <span class='ocrx_word' id='word_1_753' title='bbox 999 5224 1033 5278; x_wconf 84' lang='lat' dir='ltr'>nt</span> <span class='ocrx_word' id='word_1_754' title='bbox 1047 5222 1100 5279; x_wconf 89' lang='lat' dir='ltr'>erit</span> <span class='ocrx_word' id='word_1_755' title='bbox 1111 5223 1217 5280; x_wconf 89' lang='lat' dir='ltr'>mensis</span> <span class='ocrx_word' id='word_1_756' title='bbox 1231 5240 1265 5280; x_wconf 86' lang='grc'>11</span> <span class='ocrx_word' id='word_1_757' title='bbox 1278 5241 1389 5295; x_wconf 91' lang='lat' dir='ltr'>mense,</span> <span class='ocrx_word' id='word_1_758' title='bbox 1404 5229 1433 5280; x_wconf 88' lang='lat' dir='ltr'>et</span> <span class='ocrx_word' id='word_1_759' title='bbox 1453 5225 1610 5282; x_wconf 86' lang='lat' dir='ltr'>Sabbatum</span> <span class='ocrx_word' id='word_1_760' title='bbox 1631 5242 1666 5282; x_wconf 84' lang='lat' dir='ltr'>ea</span> <span class='ocrx_word' id='word_1_761' title='bbox 1680 5225 1815 5296; x_wconf 81' lang='lat' dir='ltr'>Sabbata,</span> 
     </span>
     <span class='ocr_line' id='line_1_55' title="bbox 133 5312 1815 5398; baseline 0 -22"><span class='ocrx_word' id='word_1_762' title='bbox 133 5324 241 5398; x_wconf 88' lang='lat' dir='ltr'>quanto</span> <span class='ocrx_word' id='word_1_763' title='bbox 257 5318 321 5391; x_wconf 89' lang='lat' dir='ltr'>plus</span> <span class='ocrx_word' id='word_1_764' title='bbox 337 5314 488 5373; x_wconf 88' lang='lat' dir='ltr'>tribulatur</span> <span class='ocrx_word' id='word_1_765' title='bbox 503 5313 536 5384; x_wconf 82' lang='lat' dir='ltr'>[si</span> <span class='ocrx_word' id='word_1_766' title='bbox 553 5313 645 5386; x_wconf 92' lang='lat' dir='ltr'>ipsam</span> <span class='ocrx_word' id='word_1_767' title='bbox 664 5312 879 5370; x_wconf 88' lang='lat' dir='ltr'>tribulationem</span> <span class='ocrx_word' id='word_1_768' title='bbox 896 5327 948 5386; x_wconf 91' lang='lat' dir='ltr'>pa·</span> <span class='ocrx_word' id='word_1_769' title='bbox 999 5319 1028 5372; x_wconf 90' lang='lat' dir='ltr'>et</span> <span class='ocrx_word' id='word_1_770' title='bbox 1038 5316 1132 5374; x_wconf 84' lang='lat' dir='ltr'>veniet</span> <span class='ocrx_word' id='word_1_771' title='bbox 1150 5316 1244 5374; x_wconf 92' lang='lat' dir='ltr'>omnis</span> <span class='ocrx_word' id='word_1_772' title='bbox 1265 5335 1330 5375; x_wconf 91' lang='lat' dir='ltr'>caro</span> <span class='ocrx_word' id='word_1_773' title='bbox 1352 5321 1385 5375; x_wconf 91' lang='lat' dir='ltr'>ut</span> <span class='ocrx_word' id='word_1_774' title='bbox 1406 5319 1507 5375; x_wconf 89' lang='lat' dir='ltr'>adoret</span> <span class='ocrx_word' id='word_1_775' title='bbox 1527 5335 1626 5377; x_wconf 91' lang='lat' dir='ltr'>coram</span> <span class='ocrx_word' id='word_1_776' title='bbox 1647 5319 1815 5388; x_wconf 78' lang='grc'><strong>1111111111,</strong></span> 
     </span>
     <span class='ocr_line' id='line_1_56' title="bbox 132 5405 1817 5487; baseline -0.004 -12"><span class='ocrx_word' id='word_1_777' title='bbox 132 5418 238 5475; x_wconf 88' lang='grc'><strong>11111111</strong></span> <span class='ocrx_word' id='word_1_778' title='bbox 251 5410 413 5487; x_wconf 85' lang='lat' dir='ltr'>portaverit)</span> <span class='ocrx_word' id='word_1_779' title='bbox 428 5410 518 5466; x_wconf 87' lang='lat' dir='ltr'>multo</span> <span class='ocrx_word' id='word_1_780' title='bbox 533 5408 633 5482; x_wconf 88' lang='lat' dir='ltr'>purior</span> <span class='ocrx_word' id='word_1_781' title='bbox 647 5410 676 5464; x_wconf 88' lang='grc'>11</span> <span class='ocrx_word' id='word_1_782' title='bbox 692 5405 793 5462; x_wconf 91' lang='lat' dir='ltr'>clarior</span> <span class='ocrx_word' id='word_1_783' title='bbox 807 5407 865 5463; x_wconf 92' lang='lat' dir='ltr'>Deo</span> <span class='ocrx_word' id='word_1_784' title='bbox 884 5406 948 5463; x_wconf 93' lang='lat' dir='ltr'>red·</span> <span class='ocrx_word' id='word_1_785' title='bbox 999 5409 1066 5467; x_wconf 89' lang='lat' dir='ltr'>dicit</span> <span class='ocrx_word' id='word_1_786' title='bbox 1079 5411 1227 5468; x_wconf 90' lang='lat' dir='ltr'>Dominus.</span> <span class='ocrx_word' id='word_1_787' title='bbox 1240 5413 1275 5467; x_wconf 90' lang='lat' dir='ltr'>Et</span> <span class='ocrx_word' id='word_1_788' title='bbox 1295 5412 1479 5486; x_wconf 89' lang='lat' dir='ltr'>egredientur</span> <span class='ocrx_word' id='word_1_789' title='bbox 1491 5417 1520 5470; x_wconf 92' lang='lat' dir='ltr'>et</span> <span class='ocrx_word' id='word_1_790' title='bbox 1531 5413 1669 5471; x_wconf 84' lang='lat' dir='ltr'>videbunt</span> <span class='ocrx_word' id='word_1_791' title='bbox 1681 5413 1817 5471; x_wconf 82' lang='lat' dir='ltr'>cadavera</span> 
     </span>
     <span class='ocr_line' id='line_1_57' title="bbox 134 5499 1818 5579; baseline -0.002 -11"><span class='ocrx_word' id='word_1_792' title='bbox 134 5511 220 5568; x_wconf 90' lang='lat' dir='ltr'>ditur.</span> <span class='ocrx_word' id='word_1_793' title='bbox 240 5507 319 5566; x_wconf 90' lang='lat' dir='ltr'>Dnde</span> <span class='ocrx_word' id='word_1_794' title='bbox 338 5505 400 5578; x_wconf 89' lang='lat' dir='ltr'>ipsa</span> <span class='ocrx_word' id='word_1_795' title='bbox 420 5519 474 5577; x_wconf 90' lang='lat' dir='ltr'>per</span> <span class='ocrx_word' id='word_1_796' title='bbox 493 5517 524 5559; x_wconf 89' lang='grc'>11</span> <span class='ocrx_word' id='word_1_797' title='bbox 544 5501 653 5558; x_wconf 81' lang='lat' dir='ltr'>Veritas</span> <span class='ocrx_word' id='word_1_798' title='bbox 671 5499 761 5557; x_wconf 90' lang='lat' dir='ltr'>dicit:</span> <span class='ocrx_word' id='word_1_799' title='bbox 780 5522 794 5552; x_wconf 74' lang='lat' dir='ltr'>u</span> <span class='ocrx_word' id='word_1_800' title='bbox 809 5499 886 5556; x_wconf 86' lang='lat' dir='ltr'>Beati</span> <span class='ocrx_word' id='word_1_801' title='bbox 900 5500 950 5573; x_wconf 91' lang='lat' dir='ltr'>qui</span> <span class='ocrx_word' id='word_1_802' title='bbox 999 5502 1125 5560; x_wconf 87' lang='lat' dir='ltr'>virorum</span> <span class='ocrx_word' id='word_1_803' title='bbox 1140 5504 1190 5576; x_wconf 93' lang='lat' dir='ltr'>qui</span> <span class='ocrx_word' id='word_1_804' title='bbox 1204 5505 1380 5579; x_wconf 74' lang='lat' dir='ltr'>prevaricati</span> <span class='ocrx_word' id='word_1_805' title='bbox 1392 5511 1458 5562; x_wconf 86' lang='lat' dir='ltr'>sunt</span> <span class='ocrx_word' id='word_1_806' title='bbox 1477 5505 1508 5562; x_wconf 93' lang='lat' dir='ltr'>in</span> <span class='ocrx_word' id='word_1_807' title='bbox 1529 5523 1588 5576; x_wconf 88' lang='lat' dir='ltr'>me,</span> <span class='ocrx_word' id='word_1_808' title='bbox 1598 5505 1705 5564; x_wconf 83' lang='lat' dir='ltr'>vermis</span> <span class='ocrx_word' id='word_1_809' title='bbox 1719 5521 1818 5565; x_wconf 88' lang='lat' dir='ltr'>eorum</span> 
     </span>
     <span class='ocr_line' id='line_1_58' title="bbox 135 5593 1818 5677; baseline -0.002 -17"><span class='ocrx_word' id='word_1_810' title='bbox 135 5602 361 5677; x_wconf 81' lang='lat' dir='ltr'>persecutionem</span> <span class='ocrx_word' id='word_1_811' title='bbox 370 5598 520 5672; x_wconf 78' lang='lat' dir='ltr'>patiuntur</span> <span class='ocrx_word' id='word_1_812' title='bbox 532 5593 804 5669; x_wconf 87' lang='lat' dir='ltr'>propterjustitiam,</span> <span class='ocrx_word' id='word_1_813' title='bbox 815 5594 950 5668; x_wconf 91' lang='lat' dir='ltr'>quoniam</span> <span class='ocrx_word' id='word_1_814' title='bbox 998 5610 1057 5652; x_wconf 92' lang='lat' dir='ltr'>non</span> <span class='ocrx_word' id='word_1_815' title='bbox 1079 5597 1471 5672; x_wconf 90' lang='lat' dir='ltr'>morietur,et1gniseorum</span> <span class='ocrx_word' id='word_1_816' title='bbox 1490 5616 1549 5656; x_wconf 92' lang='lat' dir='ltr'>non</span> <span class='ocrx_word' id='word_1_817' title='bbox 1567 5600 1776 5674; x_wconf 85' lang='lat' dir='ltr'>exstinguetur,</span> <span class='ocrx_word' id='word_1_818' title='bbox 1789 5598 1818 5657; x_wconf 89' lang='lat' dir='ltr'>et</span> 
     </span>
     <span class='ocr_line' id='line_1_59' title="bbox 135 5689 1828 5768; baseline -0.002 -17"><span class='ocrx_word' id='word_1_819' title='bbox 135 5696 264 5768; x_wconf 89' lang='lat' dir='ltr'>ipsorum</span> <span class='ocrx_word' id='word_1_820' title='bbox 282 5698 326 5752; x_wconf 88' lang='lat' dir='ltr'>est</span> <span class='ocrx_word' id='word_1_821' title='bbox 344 5707 468 5766; x_wconf 92' lang='lat' dir='ltr'>regnum</span> <span class='ocrx_word' id='word_1_822' title='bbox 485 5689 621 5747; x_wconf 86' lang='lat' dir='ltr'>coelorum</span> <span class='ocrx_word' id='word_1_823' title='bbox 636 5689 744 5761; x_wconf 84' lang='grc'><strong>(111111</strong></span> <span class='ocrx_word' id='word_1_824' title='bbox 764 5705 790 5760; x_wconf 85' lang='grc'>1,</span> <span class='ocrx_word' id='word_1_825' title='bbox 807 5690 861 5763; x_wconf 90' lang='grc'><strong>10).</strong></span> <span class='ocrx_word' id='word_1_826' title='bbox 877 5711 891 5741; x_wconf 76' lang='lat' dir='ltr'>a</span> <span class='ocrx_word' id='word_1_827' title='bbox 911 5689 949 5746; x_wconf 91' lang='lat' dir='ltr'>De</span> <span class='ocrx_word' id='word_1_828' title='bbox 999 5695 1084 5747; x_wconf 88' lang='lat' dir='ltr'>erunt</span> <span class='ocrx_word' id='word_1_829' title='bbox 1107 5706 1197 5766; x_wconf 91' lang='lat' dir='ltr'>usque</span> <span class='ocrx_word' id='word_1_830' title='bbox 1218 5693 1255 5749; x_wconf 91' lang='lat' dir='ltr'>ad</span> <span class='ocrx_word' id='word_1_831' title='bbox 1277 5694 1437 5751; x_wconf 88' lang='lat' dir='ltr'>satietatem</span> <span class='ocrx_word' id='word_1_832' title='bbox 1448 5693 1564 5751; x_wconf 87' lang='lat' dir='ltr'>visionis</span> <span class='ocrx_word' id='word_1_833' title='bbox 1584 5693 1664 5751; x_wconf 93' lang='lat' dir='ltr'>omni</span> <span class='ocrx_word' id='word_1_834' title='bbox 1689 5693 1782 5753; x_wconf 84' lang='lat' dir='ltr'>carni.</span> <span class='ocrx_word' id='word_1_835' title='bbox 1800 5712 1828 5767; x_wconf 76' lang='lat' dir='ltr'>a</span> 
     </span>
     <span class='ocr_line' id='line_1_60' title="bbox 120 5783 1816 5868; baseline 0.002 -21"><span class='ocrx_word' id='word_1_836' title='bbox 120 5785 230 5847; x_wconf 68' lang='lat' dir='ltr'>tallbus</span> <span class='ocrx_word' id='word_1_837' title='bbox 238 5786 383 5844; x_wconf 75' lang='lat' dir='ltr'>Dominus</span> <span class='ocrx_word' id='word_1_838' title='bbox 392 5802 453 5867; x_wconf 82' lang='lat' dir='ltr'>per</span> <span class='ocrx_word' id='word_1_839' title='bbox 462 5783 566 5844; x_wconf 85' lang='grc'><strong>1111111</strong></span> <span class='ocrx_word' id='word_1_840' title='bbox 576 5783 716 5868; x_wconf 78' lang='lat' dir='ltr'>loquitur,</span> <span class='ocrx_word' id='word_1_841' title='bbox 730 5784 848 5844; x_wconf 86' lang='lat' dir='ltr'>diceus:</span> <span class='ocrx_word' id='word_1_842' title='bbox 863 5787 949 5843; x_wconf 78' lang='lat' dir='ltr'>«Au-</span> <span class='ocrx_word' id='word_1_843' title='bbox 1000 5784 1065 5864; x_wconf 75' lang='lat' dir='ltr'>tiso.</span> <span class='ocrx_word' id='word_1_844' title='bbox 1094 5802 1165 5861; x_wconf 82' lang='grc'><strong>1111,</strong></span> <span class='ocrx_word' id='word_1_845' title='bbox 1190 5787 1274 5866; x_wconf 64' lang='lat' dir='ltr'>bil.)</span> <span class='ocrx_word' id='word_1_846' title='bbox 1295 5786 1369 5857; x_wconf 77' lang='lat' dir='ltr'>Quid</span> <span class='ocrx_word' id='word_1_847' title='bbox 1393 5787 1470 5847; x_wconf 87' lang='lat' dir='ltr'>aliud</span> <span class='ocrx_word' id='word_1_848' title='bbox 1492 5787 1674 5848; x_wconf 67' lang='lat' dir='ltr'>demetentes</span> <span class='ocrx_word' id='word_1_849' title='bbox 1695 5789 1816 5867; x_wconf 79' lang='grc'><strong>1111111,</strong></span> 
     </span>
    </p>
   </div>
   <div class='ocr_carea' id='block_1_3' title="bbox 0 0 1947 6148">
    <p class='ocr_par' dir='ltr' id='par_1_3' title="bbox 0 0 1947 6148">
     <span class='ocr_line' id='line_1_61' title="bbox 0 0 1947 6148; baseline 0 0"><span class='ocrx_word' id='word_1_850' title='bbox 0 0 1947 6148; x_wconf 95' lang='lat' dir='ltr'> </span> 
     </span>
    </p>
   </div>
  </div>
 </body>
</html>
