3870 6150
203 272 267 333 4004
631 262 784 327 ebrauc.
803 258 945 328 40444.
966 259 1437 326 44,-444004444440444
1820 262 1881 314 4004

203 402 275 452 murs,
282 383 417 437 mandata
423 379 888 452 ejuslaciamusmiuus.liaecenim
897 381 1019 436 charitas
1028 392 1060 467 Α
1069 396 1130 435 4440
1142 382 1262 435 testatus
1274 381 1318 433 est
1329 377 1446 447 dirigat,
1458 376 1489 428 ut
1504 372 1566 431 sine
1578 386 1636 444 quo
1653 367 1730 424 nihil
1738 381 1882 440 possumus

203 477 261 547 1404,
277 479 309 531 44
328 475 462 529 mandata
477 475 537 545 ejus
551 474 755 543 custodiamus,
772 479 800 530 et
812 474 944 531 mandata
957 475 1019 546 ejus
1068 490 1120 546 per
1133 473 1228 546 ipsum
1241 472 1338 527 omnia
1352 469 1475 541 implere
1487 467 1644 522 4444444444.
1655 462 1796 520 Universa
1804 478 1882 534 sync-

201 570 297 642 gravia
309 585 367 624 non
379 573 454 624 sunt.
468 570 481 623 J
486 574 563 623 ustus
576 573 618 624 est
632 568 710 624 enim
723 568 871 637 Dominus,
882 573 910 625 et
922 569 1019 624 omnia
1069 569 1126 624 dus
1137 583 1257 639 surgens
1270 562 1437 622 acclamavit
1453 579 1460 616 :
1478 562 1593 616 Placent
1606 558 1708 614 omnia
1719 575 1730 626 3
1743 560 1777 610 ut
1789 572 1883 628 perpe·

198 663 307 735 judicia
319 663 380 733 ejus
390 663 469 733 justa
482 666 558 732 sunt,
574 666 660 735 atque
674 678 774 718 omnes
789 662 841 718 4444
856 663 917 734 ejus
929 663 1016 718 mise·
1068 667 1118 718 tua
1130 661 1283 716 stabilitate
1293 659 1445 714 firmentur
1452 670 1589 727 rogamus
1594 670 1603 723 3
1616 652 1733 708 dictum
1741 653 1788 705 est
1795 649 1881 705 octies.

202 757 326 812 ricordia
340 761 368 812 et
381 755 486 811 veritas
496 760 525 811 et
532 756 684 826 judicium,
694 756 724 810 in
737 773 824 811 manu
838 757 886 811 Dei
896 760 1018 828 potestas
1069 757 1103 811 Et
1115 755 1236 825 adjecit:
1251 752 1369 821 Exaudi,
1378 749 1501 817 Christe,
1515 745 1689 820 Symmacho
1704 744 1778 813 vita,
1787 742 1882 798 dictum

203 855 296 920 444444,
313 850 359 905 444
372 849 552 904 exsecrabilis
566 853 608 905 est
620 850 713 904 omnis
729 849 873 922 iniquitas,
885 850 915 905 in
929 865 1019 904 manu
1068 853 1111 905 444
1122 847 1218 903 044404.
1234 848 1270 903 Ut
1283 847 1345 902 haec
1358 844 1532 899 intemerata
1544 842 1711 908 serventur,
1730 836 1837 892 dictum
1849 842 1882 891 est

201 945 251 1000 Dei
265 948 389 1016 potestas
401 942 538 1011 hominis,
553 943 582 999 ct
594 960 679 1015 super
692 944 794 998 facicm
808 944 908 999 scribac
923 943 1018 1017 impo-
1069 942 1174 997 decies.
1189 942 1224 996 Ut
1236 941 1291 996 ista
1304 939 1476 994 intemerato
1490 936 1557 1007 jure
1570 932 1782 990 custodiantur
1794 946 1881 1002 preca·

203 1045 253 1094 net
265 1040 401 1093 honorem
415 1054 510 1092 suum.
534 1037 631 1092 Perdit
644 1038 719 1091 Deus
740 1037 909 1093 memoriam
924 1054 1019 1109 super·
1068 1052 1143 1103 mur,
1157 1035 1264 1090 dictum
1278 1038 1320 1089 est
1332 1030 1492 1088 duodecies.
1504 1028 1559 1094 Qui
1572 1028 1637 1082 44444
1650 1027 1760 1098 sponte
1773 1023 1880 1079 4404044·

201 1134 305 1188 borum
319 1137 347 1187 et
358 1131 456 1202 iniqua
469 1131 644 1202 gerentium,
656 1135 685 1186 44
696 1132 833 1202 relinquit
845 1131 1018 1187 memoriam
1068 1130 1115 1198 rit,
1127 1133 1266 1201 perpetuo
1279 1126 1461 1182 anathemate
1474 1122 1594 1178 feriatur
1614 1134 1770 1192 rogamus,
1787 1117 1882 1172 dictum

204 1225 356 1281 humilium
378 1228 406 1279 44
428 1224 570 1279 honorum
592 1224 758 1294 hominum,
779 1225 833 1278 hoc
852 1227 947 1279 autem
967 1241 1019 1296 pro
1070 1227 1113 1279 est
1128 1221 1301 1295 quindecies.
1318 1221 1354 1276 Ut
1366 1218 1479 1275 decreta
1492 1221 1590 1272 nostra
1611 1213 1777 1270 confirmes
1796 1227 1882 1283 preca·

204 1324 280 1374 certo
291 1319 378 1374 habet
387 1317 480 1374 omnis
488 1318 536 1389 qui
547 1322 623 1373 recte
633 1317 701 1373 40144
709 1319 808 1388 Deum,
818 1318 884 1390 quia
893 1318 948 1374 vita
959 1319 1020 1388 ejus
1069 1334 1145 1385 mur,
1158 1317 1267 1371 dictum
1285 1319 1327 1371 est
1342 1312 1437 1369 decies
1454 1317 1483 1367 44
1498 1310 1596 1366 octies.
1620 1310 1657 1363 Et
1679 1307 1760 1363 14440
1775 1305 1881 1371 edentia,

204 1415 228 1468 si
241 1413 270 1467 44
285 1412 453 1485 probatione
470 1412 566 1481 tuerit,
582 1411 773 1482 coronabitur,
788 1417 816 1468 et
826 1412 848 1467 si
862 1412 889 1466 in
904 1411 1020 1467 tribula·
1069 1411 1254 1482 Symmachus
1262 1401 1542 1480 episcopusEcclesiae
1549 1401 1706 1458 44444014444
1712 1399 1883 1454 urbisttome

204 1507 293 1576 44044,
307 1506 481 1561 liberabitur.
503 1505 533 1561 Si
549 1522 615 1561 vero
628 1506 658 1560 in
672 1506 850 1561 correctione
871 1505 966 1573 luerit,
982 1506 1019 1560 ad
1069 1502 1497 1560 dixit:acclamationesvestras
1504 1497 1666 1570 synodique
1672 1493 1884 1565 judiciumpre

204 1599 430 1655 nrisericordiam
442 1598 597 1671 perveniet.
612 1599 703 1655 Omne
719 1600 795 1671 quod
809 1598 1017 1671 irreprehensi·
1069 1598 1160 1655 sentia
1170 1603 1250 1669 gesta
1257 1595 1423 1668 suscipiunt,
1434 1597 1463 1648 44
1471 1591 1591 1663 adjecit:
1605 1592 1646 1647 Ea
1655 1605 1728 1662 quae
1739 1587 1777 1642 ad
1787 1586 1885 1659 sopien

204 1694 262 1749 bile
277 1697 320 1748 est
340 1694 481 1749 catholica
494 1692 623 1749 defendit
644 1693 775 1749 Ecclesia.
792 1695 855 1748 Non
868 1692 934 1748 licet
949 1710 1018 1764 ergo
1069 1691 1164 1766 257
1181 1692 1231 1746 dos
1244 1694 1403 1746 veternose
1415 1683 1653 1759 presumptionis
1665 1698 1786 1739 errores
1797 1681 1839 1735 vel
1850 1680 1885 1733 in-

204 1787 370 1858 imperatcri
379 1787 421 1842 vel
434 1787 566 1858 cuiquam
579 1786 715 1858 pietatem
730 1786 899 1841 custodienti
912 1786 1020 1857 aliquid
1030 1783 1058 1856 Β
1069 1787 1156 1843 tensae
1175 1787 1260 1841 rebus
1280 1780 1474 1839 ecclesiasticis
1487 1779 1671 1851 egritudinis
1686 1776 1817 1846 morbos,
1830 1774 1884 1847 qui·

204 1881 452 1936 contramandate
466 1879 563 1934 divina
584 1896 770 1952 praesumere,
788 1897 840 1934 nec
862 1879 1020 1952 quidquam
1069 1881 1123 1936 bus
1135 1879 1301 1936 universalis
1314 1877 1492 1934 afficiebatur
1503 1873 1629 1932 Ecclesia
1644 1870 1819 1927 deliberatio
1828 1869 1884 1924 reli·

203 1974 278 2047 quod
288 1974 459 2047 evangelicis
467 1973 698 2046 propheticisque
707 1972 904 2045 etapostolicis
913 1972 1020 2045 regulis
1071 1975 1148 2047 gioni
1162 1989 1288 2045 congrua
1300 1972 1423 2045 pacique
1442 1968 1588 2026 constituit
1611 1966 1759 2022 firmitate
1781 1965 1884 2036 perpete

204 2068 298 2124 obviat
316 2085 413 2140 agere,
430 2067 570 2139 injustum
590 2067 668 2123 enim
687 2067 828 2138 judicium
848 2070 877 2122 et
894 2067 1020 2123 definitio
1071 2068 1222 2137 socientur,
1238 2071 1269 2122 ut
1281 2069 1435 2138 prestante
1449 2066 1505 2120 Deo
1521 2079 1608 2135 quem
1629 2059 1789 2117 custodem
1801 2072 1884 2113 rerum

204 2163 308 2234 injusta
320 2161 655 2234 regiometuveljussua
663 2161 807 2232 judicibus
820 2161 950 2216 ordinata
963 2178 1020 2216 non
1070 2166 1183 2219 4044444
1206 2177 1266 2217 4440
1286 2161 1428 2216 bonarum
1449 2156 1593 2231 synodalis
1618 2152 1773 2211 ordinatio
1790 2151 1884 2223 rigeat,

204 2256 305 2324 valeat,
320 2272 372 2309 uec
391 2254 548 2327 quidquam
571 2254 649 2326 quod
669 2258 769 2310 contra
792 2255 959 2327 evangelice
976 2256 1021 2310 vel
1070 2261 1155 2329 atque
1169 2255 1262 2310 omnis
1277 2255 1328 2326 qui
1343 2254 1403 2308 sine
1422 2267 1553 2324 personas
1566 2248 1697 2320 alicujus
1722 2244 1885 2303 districtione

205 2349 379 2423 propheticae
392 2352 441 2403 aut
462 2348 624 2420 apostolicae
639 2349 775 2404 doctrinas
788 2349 1021 2405 constitutionem
1070 2350 1166 2407 venire
1193 2347 1416 2421 presumpserit,
1438 2345 1529 2401 indita
1553 2342 1694 2416 superius
1720 2339 1885 2396 districtione

206 2460 319 2513 eorum,
333 2442 389 2498 sive
403 2447 565 2498 sanctorum
577 2445 694 2498 Patrum
707 2448 801 2499 actum
816 2444 911 2512 inerit,
923 2443 1019 2510 stabit,
1071 2446 1219 2517 plectatur.
1231 2445 1264 2499 Et
1274 2442 1501 2513 subscripserunt
1512 2457 1518 2495 :
1529 2439 1624 2496 Cehus
1633 2431 1886 2509 Symmachusepi·

204 2542 232 2593 et
253 2536 331 2609 quod
352 2536 387 2592 ab
401 2536 563 2593 infidelibus
582 2541 632 2593 aut
653 2536 793 2593 haereticis
812 2537 919 2593 factum
936 2536 1022 2592 fucrit
1071 2555 1174 2611 scopus
1187 2537 1318 2593 Ecclesiae
1328 2535 1476 2592 catholicas
1488 2533 1566 2589 urbis
1577 2534 1685 2589 Romae
1700 2529 1748 2585 his
1759 2526 1886 2584 constitu·

207 2631 325 2687 omniuc
343 2630 505 2686 cassabitur.
1071 2634 1107 2689 tis
1116 2631 1301 2705 synodalibus
1311 2646 1383 2686 ame
1396 2628 1522 2702 probatis
1531 2635 1618 2699 atque
1629 2624 1760 2680 firmatis
1768 2635 1887 2678 44444444

241 2725 341 2780 Nociva
355 2741 423 2797 ergo
443 2725 535 2779 sancti
559 2724 785 2796 predecessores
807 2725 867 2788 mei
881 2725 1021 2780 damnare
1071 2728 1144 2796 sub.;
1154 2728 1254 2782 Petrus
1267 2725 1417 2797 episcopos
1430 2721 1601 2778 Ravennatis
1616 2718 1758 2775 Ecclesia
1769 2717 1814 2772 his
1826 2731 1885 2771 con·

206 2818 383 2874 confidenter
407 2818 586 2887 studuerunt,
601 2833 725 2889 quorum
744 2821 773 2873 et
792 2817 930 2890 pusillitas
944 2834 1020 2886 mea,
1071 2821 1175 2878 stitutis
1196 2819 1382 2892 synodalibus
1394 2835 1411 2873 a
1425 2816 1506 2873 nobis
1520 2813 1652 2887 probatis
1668 2818 1760 2885 atque
1778 2808 1888 2866 firmans

206 2911 274 2966 licet
294 2911 386 2982 impar
404 2917 433 2966 44
445 2910 575 2978 minima,
589 2927 640 2981 pro
662 2913 792 2983 suscepto
807 2915 905 2966 tamen
925 2910 1022 2967 divina
1071 2931 1199 2970 annuens
1212 2914 1291 2982 sub.;
1305 2911 1487 2969 innocentius
1500 2907 1666 2964 Direntium
1681 2907 1886 2969 tiberinorum,

207 3004 372 3076 dignatione
400 3003 559 3059 ministerio
582 3002 743 3075 pedissequi
774 3003 853 3076 cupit
881 3005 1020 3074 existera;
1071 3009 1145 3064 Felix
1168 3007 1340 3074 Trarvensh,
1357 3005 1507 3062 Severinus
1531 3002 1761 3070 Tundaritanns,
1778 2997 1887 3054 4404444·

205 3113 248 3152 444
263 3097 341 3152 enim
355 3096 409 3151 erit
422 3095 503 3151 nobis
514 3097 562 3168 qui
577 3096 662 3169 htq‘us
676 3096 828 3152 ministerii
842 3114 914 3169 opus
926 3114 1019 3153 susce-
1071 3103 1131 3158 eius
1145 3100 1390 3174 Aquilaianen5h3
1416 3099 1537 3155 silianus
1557 3095 1746 3162 4044444444,
1760 3091 1887 3149 4444444444

206 3197 287 3264 ptum
312 3190 452 3258 habemus
476 3189 626 3245 veritatem
662 3190 813 3246 salvatoris
842 3192 932 3247 nostri
956 3158 1059 3248 lesuC
1072 3197 1216 3265 Bteranus,
1231 3195 1413 3251 Sebastianus
1427 3188 1742 3260 Furanus,Emilianus
1757 3187 1885 3250 Furanus,

205 3285 307 3343 Christi
321 3301 407 3357 quam
422 3284 542 3356 apostoli
555 3285 789 3357 predicaverunt,
804 3285 961 3356 predicare
974 3304 1023 3342 nc·
1071 3289 1224 3346 Memmius
1236 3287 1378 3357 Caninati‚
1392 3285 1529 3342 414444444
1542 3282 1716 3350 Ticinensis,
1728 3281 1810 3336 Felix
1822 3278 1885 3335 atel·

206 3379 398 3452 glexerimus3
410 3395 452 3434 444
465 3378 543 3434 enim
556 3379 611 3435 erit
623 3378 704 3434 nobis
715 3379 737 3433 si
750 3379 864 3435 silentio
875 3381 1022 3438 veritatem
1072 3386 1162 3452 lanus,
1182 3382 1332 3439 Cassianus
1352 3378 1526 3448 Mutinensis,
1549 3376 1688 3432 Rusticus
1709 3373 1885 3435 8444444444,

206 3473 432 3547 oppresserimus
451 3472 500 3544 qui
513 3489 634 3544 erogare
657 3473 859 3530 nummulariis
873 3474 1022 3545 jubemur,
1071 3477 1217 3534 Cercntius
1234 3474 1394 3542 Siculensis,
1407 3472 1589 3545 Propinquus
1602 3469 1761 3539 tabensis,
1777 3466 1885 3539 stepha·

206 3569 233 3623 id
248 3571 299 3635 est,
314 3566 489 3623 Christianos
503 3567 624 3637 populos
635 3566 766 3622 imbuere
782 3571 810 3623 et
822 3568 933 3624 docere.
949 3569 1023 3635 Quid
1073 3584 1127 3626 nus
1149 3570 1319 3637 Venusinus,
1336 3566 1499 3623 adeodatus
1522 3563 1705 3633 dormianus,
1729 3560 1886 3618 4444444444

206 3662 236 3716 in
254 3661 342 3732 ipsius
359 3660 464 3716 Christi
487 3660 583 3715 futuro
606 3660 710 3715 dicturi
730 3678 828 3716 sumus
842 3662 984 3733 examine,
1000 3663 1023 3719 si
1073 3665 1218 3732 Berensis,
1235 3662 1394 3719 Bouiiacius
1414 3659 1619 3728 cameritanus,
1637 3658 1820 3714 Fortunatus
1834 3651 1885 3708 Ful

205 3771 369 3811 sermonum
383 3754 445 3824 ejus
457 3753 607 3808 veritatem
619 3754 834 3825 contundimur,
849 3757 1024 3828 praedicaret
1073 3758 1208 3830 ginensis,
1228 3760 1323 3814 iustus
1345 3755 1519 3827 signatinus,
1544 3751 1704 3808 laercurius
1728 3750 1884 3812 8444404444,

205 3848 278 3915 Quid
286 3849 340 3905 erit
349 3848 384 3903 de
396 3847 477 3903 uobis
487 3864 553 3903 cum
568 3848 728 3905 commissis
741 3849 824 3904 nobis
835 3849 987 3906 animabus
996 3857 1024 3907 et
1074 3851 1239 3907 Vindemius
1268 3849 1448 3918 anteatinus,
1479 3846 1642 3918 Stephanus
1678 3844 1883 3917 Neapolitanffi,

206 3944 242 3998 de
256 3942 351 3999 officio
372 3945 502 4014 suscepto
516 3941 763 4014 rationemjustus
780 3942 868 4013 juder
888 3945 962 4000 Deus
977 3961 1024 4001 44
1072 3949 1217 4018 augustus
1239 3943 1430 4015 liparitanus,
1451 3940 1574 3998 Hilarius
1592 3939 1757 4008 Teusanus,
1778 3933 1885 3991 Valenti·

206 4039 265 4091 ster
280 4035 429 4092 districtim
454 4035 601 4108 exegerit?
622 4035 688 4091 ldec
708 4053 761 4091 nos
780 4042 892 4108 oportet
911 4055 1025 4109 semper
1072 4057 1126 4096 nus
1137 4038 1308 4108 Amiternus,
1324 4035 1528 4094 llarimilianus
1540 4032 1709 4103 Perusinus,
1724 4032 1884 4088 Fortunatus

207 4131 309 4185 nociva
332 4146 471 4196 resecare,
491 4134 528 4195 44,
550 4128 703 4185 auxiliante
725 4130 855 4198 Domino,
875 4131 1025 4203 protutura
1074 4134 1238 4200 Suestanus,
1253 4130 1437 4187 Innocentius
1457 4128 1657 4197 Ferentinatis,
1673 4125 1822 4185 locandus
1839 4127 1882 4179 an·

208 4223 333 4293 erigere.
363 4223 441 4278 Unde
468 4221 657 4293 objurgando,
684 4222 836 4292 hortando,
866 4225 1022 4297 suadendo,
1075 4220 1749 4300 344144444004404414444444444444,4443441444
1766 4217 1882 4288 Taurigt·

207 4314 393 4383 blandiendo,
407 4315 589 4386 consulendo,
605 4316 739 4387 prodesse
757 4316 860 4388 quibus
873 4335 1025 4389 possumus
1075 4339 1138 4391 nus,
1150 4320 1247 4377 Vitatis
1260 4320 1424 4388 Fundanus,
1435 4317 1581 4374 Viticanus
1593 4314 1788 4376 Celemensis,
1797 4315 1882 4370 Castus

208 4409 503 4481 festinemus3hngoa
513 4409 698 4466 nostrabonis
709 4410 868 4467 fomentum
878 4412 923 4481 sit,
932 4415 1026 4486 pravis
1074 4416 1244 4484 portuensis,
1268 4417 1389 4472 Joaunes
1418 4410 1617 4480 ariminensis,
1647 4409 1761 4465 aristus
1787 4404 1881 4462 044404

208 4504 332 4571 aculeus,
360 4502 475 4559 timidos
500 4503 646 4573 retundat,
668 4504 754 4560 iratos
780 4506 901 4579 mitiget,
929 4508 1123 4606 pigrostis,
1139 4508 1339 4566 Proculeianus
1364 4506 1516 4579 sepinatis,
1533 4503 1679 4560 blartirius
1700 4496 1881 4561 traconensis,

208 4605 337 4668 exacuat,
354 4596 466 4653 desides
485 4596 628 4654 hortando
643 4599 806 4671 succendat,
821 4601 1026 4675 refugientibus
1075 4604 1218 4660 Candidus
1232 4603 1407 4669 Tiburtinus,
1421 4601 1517 4657 Victor
1533 4597 1685 4664 Lunensis,
1696 4595 1804 4668 aprilis
1817 4593 1881 4648 latt-

208 4693 341 4760 suadeat;
357 4692 465 4764 asperis
478 4691 652 4762 blandiatur,
669 4693 834 4765 desperatos
853 4698 1025 4766 consoletur,
1076 4697 1226 4768 rianensis,
1238 4697 1363 4754 asterius
1376 4692 1534 4767 aquinatis,
1544 4690 1657 4748 asellus
1667 4684 1880 4762 Populonium

210 4790 241 4840 ut
255 4787 322 4857 quia
335 4786 465 4841 doctores
485 4786 607 4841 dicimur
621 4787 696 4842 viam
716 4789 816 4845 salutis
830 4791 1027 4861 gradientibus
1076 4791 1247 4863 crisogonus
1269 4789 1445 4857 atbancnsis,
1462 4788 1568 4843 liemor
1591 4778 1882 4851 tractassemus

210 4878 405 4935 ostendamus.
427 4879 520 4934 Simus
541 4880 572 4935 in
601 4880 731 4937 custodia
753 4882 912 4954 vigilantes,
934 4885 1026 4941 aditus
1076 4887 1251 4957 Potentinus,
1267 4885 1398 4943 colonius
1418 4879 1656 4946 Foroclodiensis,
1671 4879 1822 4934 Romanus
1838 4873 1883 4928 liu·

209 4975 308 5029 contra
317 4973 406 5028 hostis
415 4972 832 5045 insidiassollicitimuniamus,
841 4983 870 5033 44
879 4978 902 5033 44
912 4979 1026 5050 quando
1075 4986 1237 5049 mentanus,
1258 4979 1403 5051 Helpidius
1432 4977 1601 5044 Veliternus,
1628 4974 1718 5030 Ursus
1751 4970 1881 5031 namus,

209 5084 291 5124 ovem
301 5066 444 5138 perditam
455 5066 490 5121 de
501 5067 661 5123 commissis
671 5069 805 5142 gregibus
815 5087 896 5127 error
904 5072 1025 5131 abduxe·
1074 5076 1198 5131 toannes
1220 5074 1398 5140 Turritanus,
1418 5069 1586 5129 Cresconius
1605 5067 1793 5133 Tudertinus,
1811 5062 1884 5120 ede

208 5163 255 5231 rit,
274 5166 333 5217 tcto
346 5160 424 5215 illam
440 5160 542 5215 adnisu
554 5161 591 5216 ad
607 5164 702 5219 caulas
719 5180 852 5221 revocare
870 5166 1026 5224 Dominicas
1076 5168 1255 5225 (1444484144
1269 5168 1409 5235 candide,
1424 5163 1606 5222 Innocentius
1625 5160 1882 5232 ravennatense

210 5255 428 5324 contendamus,
439 5254 513 5309 utde
525 5257 644 5327 pastoris
654 5257 866 5330 nomine,quod
876 5260 1025 5332 habemus,
1076 5264 1135 5318 rius
1157 5263 1300 5332 Pallensis,
1314 5264 1439 5317 ioannes
1458 5259 1633 5332 Spolitanus,
1649 5256 1782 5329 Rogatus
1797 5255 1882 5310 Taum

209 5367 268 5408 non
284 5348 465 5422 supplicium,
483 5348 532 5403 sed
548 5350 699 5422 premium
719 5368 940 5424 consequamur.
955 5356 1027 5420 Quia
1075 5357 1249 5428 menitanus,
1265 5355 1407 5413 Eustasius
1426 5351 1636 5423 Cremonensis,
1650 5351 1804 5408 Servusdei
1817 5348 1884 5404 lore

210 5461 279 5517 ergo
296 5444 325 5500 in
339 5443 383 5498 his
399 5442 533 5499 omnibus
555 5444 658 5500 41444444
679 5445 781 5517 gratias
800 5447 941 5518 adjutorio
955 5465 1026 5520 opus
1075 5450 1178 5518 vensis,
1187 5452 1296 5507 Laurus
1308 5448 1498 5522 vergomatis,
1510 5447 1622 5502 Probus
1630 5438 1883 5503 camimehnenst.

210 5543 253 5594 est
274 5537 482 5609 omnipotentis
497 5538 545 5592 Dei
560 5538 679 5593 assiduis
697 5538 828 5610 precibus
843 5541 1026 5599 clementiam
1076 5544 1244 5616 Euscarpius
1266 5546 1440 5616 lieresarpae,
1455 5541 1570 5598 Dulcius
1594 5539 1687 5596 444044
1704 5534 1885 5606 ananam

209 5649 368 5700 exoremus,
394 5636 535 5704 quatenus
562 5632 598 5686 ad
625 5632 686 5687 hoec
713 5631 794 5687 nobis
819 5635 972 5706 operanda,
997 5642 1027 5693 et
1074 5639 1174 5695 tertius
1193 5638 1359 5710 tgnatinos,
1382 5635 1539 5692 Leucadius
1561 5632 1758 5706 lnjuricanus,
1776 5632 1883 5688 80404444

210 5726 280 5780 velle
295 5725 411 5792 1111111314
427 5728 456 5780 et
469 5741 552 5797 P⁰⁸³0
566 5725 711 5794 001100d³b
725 5729 811 5798 alque
824 5727 852 5782 44
868 5744 902 5783 04
918 5746 969 5786 404
981 5731 1027 5789 via
1075 5733 1211 5799 Nolanus,
1225 5730 1374 5788 Euiradius
1391 5726 1588 5797 Galatinensis,
1600 5726 1761 5784 lautianm
1773 5728 1882 5788 acanus,

209 5819 382 5874 constructo
402 5817 469 5875 boni
491 5818 592 5890 operis,
607 5834 692 5891 quam
714 5837 743 5876 se
763 5825 862 5893 pastor
879 5828 1025 5894 pastorum
1074 5826 1233 5882 Theotistos
1247 5824 1419 5895 Pessimitcs,
1436 5822 1562 5881 Euticius
1574 5820 1741 5893 1444404444,
1753 5814 1883 5892 trepidius
