3870 6150
210 273 273 328 lost
437 215 441 238 ¹
649 271 791 330 APPEND.
810 273 855 330 ll)
874 275 955 331 SAEC.
976 274 1020 330 lll.
1035 302 1070 315 ·-
1090 271 1214 329 lstuom
1233 268 1446 328 sandaresus
1827 267 1888 320 losa

206 379 288 436 citius
298 380 369 435 ovile
384 378 513 435 dilaniet.
525 380 714 453 perpenditis,
726 381 830 436 fratres
844 381 1018 451 charissimi,
1030 384 1185 467 Areataut
1191 378 1374 452 exspolietur.
1383 377 1682 435 «confidimusautem
1688 373 1727 428 de
1733 372 1825 439 vobis,
1831 372 1889 426 cha·

207 472 276 545 quid
289 476 317 528 et
330 471 433 528 vicinio
447 472 637 546 subsequitur,
655 490 721 529 cum
736 480 765 531 et
784 474 814 530 iu
831 475 1021 532 sacerdotibus
1070 474 1186 543 tissimi,
1201 473 1413 544 melioraatque
1429 469 1566 527 viciniora
1572 467 1657 524 saluti
1669 467 1764 538 tilebr.
1778 482 1819 536 vr,
1830 468 1887 536 9),s

208 570 363 638 erumpunt
377 569 435 621 tam
449 583 580 638 perversa
593 568 759 639 primordia,
774 568 840 639 quis
852 569 930 625 euim
939 570 1022 642 juxta
1070 569 1138 646 quia
1152 590 1167 619 α
1182 584 1275 641 neque
1288 582 1376 634 mors,
1385 581 1479 638 neque
1493 564 1559 631 vita,
1571 577 1667 635 neque
1677 560 1788 632 angeli,
1803 575 1888 631 uelut

207 662 249 713 ost
271 659 319 713 ille
342 659 376 714 de
395 677 451 731 quo
473 659 610 731 scriptum
630 666 694 717 est:
711 684 723 710 α
740 662 801 733 lpse
817 667 920 718 estrei
934 679 1022 735 super
1070 662 1254 735 principatus,
1275 676 1370 732 neque
1388 658 1532 725 instantia,
1549 672 1643 729 neque
1665 656 1778 724 lutura,
1802 670 1889 725 neque

207 751 643 824 universosfiliossuperbiaetlob
656 755 793 827 ru1,25),u
803 756 879 828 quod
893 773 952 812 non
961 757 1021 812 sine
1071 756 1221 824 tortitudo,
1234 771 1327 828 neque
1342 753 1474 823 altitudo,
1489 767 1582 824 neque
1593 748 1787 822 protundum,
1802 764 1888 818 neque

197 847 286 919 ‚gravi
296 847 396 902 dolore
411 845 505 902 dicere
518 847 683 920 compellor,
698 848 766 903 dum
779 850 869 905 trater
883 854 913 905 et
925 850 1020 922 coepi·
1071 853 1201 906 creatura
1214 849 1278 918 alia,
1302 849 1466 921 «magistro
1484 846 1615 918 gentium
1631 843 1769 905 docente,
1794 841 1889 914 poterit

207 957 306 1011 scopus
320 943 416 996 noster
428 941 551 996 loannes
561 940 697 997 mandata
710 942 854 998 Dominica
867 946 896 998 et
906 949 1020 1016 aposto·
1070 961 1124 1000 nus
1138 959 1271 1016 separare
1284 960 1301 999 a
1315 942 1450 999 charitate
1466 939 1583 995 Domini
1595 936 1691 992 nostri
1701 936 1770 992 lesu
1783 934 1888 999 Christi,

206 1034 259 1088 lica
274 1037 425 1105 praecepta,
440 1034 613 1106 regulasque
628 1035 745 1090 Petrum
767 1037 935 1110 despiciens,
953 1055 1020 1094 eum
1072 1040 1102 1091 et
1123 1054 1186 1109 qum
1202 1037 1232 1092 in
1254 1037 1316 1109 ipso
1335 1039 1379 1092 est
1397 1039 1472 1091 recta
1485 1032 1541 1088 fide
1558 1032 1644 1100 (ltom.
1662 1045 1725 1098 aru,
1740 1031 1788 1096 38,
1805 1028 1856 1098 39).
1875 1050 1886 1074 1·

207 1145 258 1200 per
267 1128 597 1199 elationempercurrere
609 1131 728 1184 conatur
740 1129 770 1185 iu
779 1131 1021 1188 nominetestrae
1073 1152 1087 1184 ιι
1100 1132 1189 1187 Nolite
1202 1131 1298 1202 itaque
1310 1130 1441 1186 amittere
1453 1125 1661 1183 confidentiam
1683 1125 1809 1178 vestram
1830 1138 1886 1194 qun

208 1225 304 1277 antem
318 1220 487 1276 beatitudini
508 1220 614 1276 indicet
635 1221 819 1295 omnipotens
839 1225 913 1281 Deus
934 1243 1021 1298 quam
1071 1215 1887 1298 magnamhabetremunsrationem.»Patientiaeuimno

207 1315 287 1385 gravi
295 1314 732 1387 considerationishujusgemitu
739 1321 884 1390 torqueor,
891 1319 1021 1392 quodille
1071 1320 1115 1375 bis
1128 1319 1287 1375 necessaria
1301 1320 1345 1373 est
1360 1317 1397 1373 ad
1419 1314 1633 1372 colluctationes
1653 1309 1886 1375 adversariorum,

208 1408 354 1480 quondam
362 1408 433 1463 mihi
439 1408 613 1478 notissimus,
621 1409 670 1466 ille
678 1411 811 1467 omuibus
821 1412 949 1485 dilectus,
958 1431 1020 1470 ora·
1072 1417 1214 1487 quatenus
1228 1413 1315 1469 tidem
1328 1412 1528 1468 intemeratam
1536 1422 1629 1479 usque
1642 1405 1676 1460 in
1686 1403 1780 1460 tinem
1789 1419 1888 1459 conar-

207 1501 332 1556 tionibus
343 1505 427 1574 atque
437 1502 555 1574 jejuniis
568 1503 716 1559 videbatur
729 1509 891 1578 occupatus,
905 1511 933 1563 et
945 1524 978 1562 ex
988 1525 1022 1564 co
1072 1502 1631 1579 vautes,repromissionempercipiamus
1639 1515 1731 1572 quam
1739 1496 1889 1570 repromisit

207 1611 264 1666 quo
277 1594 393 1650 soetebat
406 1595 512 1665 cinere,
529 1612 565 1651 ex
575 1613 607 1652 ea
620 1612 707 1667 quam
722 1599 918 1669 pretendebat
927 1600 1022 1655 humi·
1073 1602 1117 1657 his
1130 1600 1179 1673 qui
1192 1599 1323 1671 legitime
1336 1603 1444 1654 certare
1459 1596 1665 1669 deproperant.
1683 1614 1698 1642 «
1709 1591 1812 1647 Adhuc
1821 1591 1888 1645 euim

207 1688 285 1743 litate
304 1688 469 1759 jactantiam
495 1691 626 1761 sumpsit,
652 1690 692 1746 ita
716 1692 847 1747 univorsa
866 1692 919 1748 sibi
933 1694 1024 1750 tentet
1073 1695 1220 1750 modicum
1231 1691 1401 1766 quantulum
1412 1690 1461 1764 qui
1473 1692 1612 1745 venturus
1623 1692 1671 1744 est
1684 1687 1796 1753 veniet,
1804 1688 1831 1740 et
1839 1700 1888 1739 nou

207 1781 629 1854 ascribere,etomuiaquaesoli
636 1784 1022 1858 uuicapiticohaerentvide·
1034 1767 1062 1841 Β
1074 1788 1197 1844 tardabit
1209 1789 1303 1858 (Heln.
1317 1803 1344 1856 x,
1360 1786 1414 1857 37).
1432 1807 1446 1836 »
1463 1805 1477 1834 ι
1493 1785 1562 1839 Ecce
1578 1781 1662 1838 enim
1670 1780 1767 1853 judex
1779 1778 1889 1849 anteja-

207 1876 273 1931 licet
298 1875 418 1943 Christo,
442 1892 495 1946 per
516 1877 686 1933 electionem
708 1880 865 1951 pompatici
886 1882 1024 1937 sermonis
1073 1898 1163 1938 uuam
1176 1881 1281 1937 assistit
1295 1882 1361 1951 (loc.
1375 1895 1401 1948 v,
1415 1879 1452 1950 9),
1465 1898 1479 1927 ιι
1504 1892 1624 1932 coronas
1637 1875 1776 1931 hilariter
1784 1872 1888 1945 promit·

208 1969 339 2042 ejusdem
361 1968 465 2024 Christi
483 1968 535 2025 sibi
555 1969 689 2027 studeant
711 1973 841 2028 membra
856 1974 1021 2047 subjugare.
1073 1975 1186 2032 tenshis
1196 1975 1245 2048 qui
1255 1990 1307 2046 pro
1318 1990 1352 2030 eo
1361 1971 1541 2045 passionibus
1551 1964 1889 2039 submittuntur3quodsi

208 2064 263 2118 Nec
277 2064 382 2119 mirum
402 2062 477 2134 quod
492 2063 538 2118 ille
553 2066 689 2135 tentator,
708 2066 757 2137 qui
775 2066 916 2123 «initium
931 2069 1024 2124 omnis
1073 2070 1171 2142 quisse
1182 2068 1356 2128 subtraxerit
1365 2083 1425 2122 non
1435 2064 1559 2139 placebit
1571 2062 1681 2119 animae
1692 2078 1784 2130 meve,
1794 2059 1889 2116 sedea-

207 2157 314 2229 peecati
330 2157 381 2212 scit
394 2172 457 2210 esse
476 2156 640 2228 superbiam
658 2158 749 2225 (Eccli.
769 2175 796 2228 x,
813 2162 865 2232 lb),
881 2183 894 2210 s
914 2165 943 2217 et
956 2167 1023 2219 tuuc
1073 2164 1166 2220 detde
1176 2162 1364 2235 promissione
1373 2165 1489 2233 propter
1499 2157 1703 2230 negationem.
1717 2157 1889 2212 «Nosautem

207 2267 241 2306 ea
256 2251 286 2306 in
307 2250 400 2321 primo
422 2249 539 2305 homine
554 2254 621 2306 ante
640 2251 739 2306 omnia
758 2268 826 2308 usus
840 2257 893 2324 est,
908 2258 936 2310 et
948 2273 1023 2312 nuuc
1073 2272 1239 2313 nonsumus
1252 2253 1454 2312 subtractionis
1467 2252 1518 2308 lilii
1529 2251 1559 2307 in
1574 2250 1790 2323 perditionem,
1804 2246 1852 2302 sed
1862 2245 1889 2300 ti·

209 2360 273 2400 eam
282 2344 313 2399 in
323 2343 493 2416 quibusdam
503 2344 667 2400 hominibus
676 2345 755 2417 ponit
764 2346 860 2403 iulius
869 2349 1005 2405 virtutum
1013 2368 1021 2419 ;
1073 2353 1119 2409 dei
1129 2352 1158 2408 in
1170 2350 1387 2423 acquisitionem
1397 2347 1499 2403 animae
1510 2345 1601 2416 (Hebr.
1614 2362 1645 2413 x,
1654 2343 1715 2415 39).
1728 2366 1743 2395 u
1759 2365 1774 2394 ιι
1787 2343 1890 2413 Propter

209 2444 247 2507 ct,
263 2439 313 2511 qui
327 2437 506 2510 aliquatenus
518 2438 601 2494 bouis
616 2439 681 2495 vitae
692 2440 792 2496 studiis
804 2441 953 2498 videbatur
962 2460 1024 2499 cru·
1074 2447 1152 2519 quod
1166 2444 1301 2502 assumite
1315 2459 1396 2498 arma
1408 2440 1468 2511 Dei,
1482 2441 1515 2494 ut
1527 2436 1644 2511 possitis
1660 2437 1803 2493 resistere
1812 2435 1840 2491 in
1851 2433 1888 2488 die

210 2532 369 2588 delissiruas
384 2548 488 2587 manus
503 2531 564 2603 ejus
583 2532 721 2605 effugere,
737 2534 777 2589 eis
792 2535 822 2590 in
836 2535 904 2608 ipsis
919 2537 1024 2594 mentis
1073 2541 1149 2596 malo
1156 2541 1264 2612 (Epiros.
1275 2554 1313 2608 vr,
1324 2537 1386 2607 13)»
1397 2536 1532 2591 adversus
1543 2548 1648 2588 omnes
1656 2531 1889 2587 inimioossaucta

207 2625 276 2682 boui
288 2625 391 2698 operis,
405 2629 435 2680 et
446 2626 476 2680 in
486 2626 549 2697 ipsa
559 2626 775 2698 quodammodo
788 2634 914 2701 apponat
928 2631 1021 2702 perte-
1074 2635 1124 2691 ltei
1134 2633 1263 2690 Ecclesia
1273 2635 1302 2689 et
1310 2634 1429 2696 vestros,
1443 2634 1498 2683 ret
1508 2626 1623 2682 induite
1635 2625 1763 2681 loricam
1771 2622 1889 2697 justitia,

208 2720 307 2777 ctionis
330 2719 512 2775 conclusione
540 2719 727 2777 tendiculum.
746 2722 826 2779 Unde
846 2739 1023 2797 magnopere
1073 2718 1890 2799 calceatipedesinpreparationellvangeliipacis,inons

209 2811 351 2868 orandum
364 2817 407 2867 est
425 2816 454 2866 et
471 2813 653 2884 omnipotens
671 2814 745 2870 Deus
759 2815 880 2892 assiduis
892 2818 1024 2889 precibus
1073 2823 1157 2879 nibus
1168 2823 1346 2877 assumentes
1359 2822 1471 2874 scutum
1483 2815 1550 2871 lidei
1560 2813 1589 2870 in
1599 2831 1661 2887 qno
1673 2813 1793 2886 possitis
1802 2810 1889 2867 omnia

207 2905 415 2979 implorandus,
426 2906 1021 2982 uthuncamenteilliusavertaterrorem‚
1070 2916 1167 2989 jacula
1176 2912 1345 2986 nequissimi
1355 2913 1443 2985 ignea
1452 2892 1647 2980 ers'tinguere,
1662 2912 1694 2963 et
1703 2907 1820 2979 galeam
1829 2905 1891 2959 salo·

209 3001 264 3056 hoc
277 3000 312 3055 ab
328 2998 437 3055 unitate
447 3001 532 3071 atque
547 2999 708 3057 humilitate
717 3002 847 3059 Ecclesia
859 3005 965 3061 malum
976 3023 1021 3061 su·
1072 3010 1109 3066 tis
1121 3008 1251 3080 occipite,
1268 3010 1297 3061 et
1307 3004 1434 3079 gladium
1446 3002 1566 3076 Spiritus
1578 3002 1685 3069 sancti,
1696 3000 1777 3073 quod
1786 3004 1888 3056 estser-

209 3094 314 3168 perbias
324 3097 352 3151 et
361 3091 534 3149 confusionis
544 3098 686 3164 amoveat,
697 3098 725 3151 et
738 3096 851 3153 favente
863 3099 918 3154 neo
933 3100 1024 3155 omni·
1073 3103 1143 3159 bum
1165 3102 1224 3169 liei,
1244 3117 1297 3173 per
1314 3115 1431 3154 omnem
1443 3095 1606 3153 orationem
1626 3098 1656 3151 et
1670 3093 1888 3151 obsecrationem

209 3189 263 3245 bus
281 3187 387 3244 viribus
406 3187 636 3244 concurrendum
649 3195 734 3262 atque
752 3191 969 3264 providendum,
988 3138 1061 3250 neC
1075 3197 1165 3267 tlbtd.,
1182 3196 1275 3265 ll-t8)
1286 3216 1299 3244 ιι
1317 3216 1331 3244 «
1345 3191 1472 3261 radicati,
1483 3195 1511 3246 et
1523 3189 1638 3245 fundati
1652 3188 1767 3260 (Epiros.
1780 3204 1819 3256 ιιι,
1830 3187 1887 3253 Π)Β

209 3285 238 3339 in
251 3282 337 3338 unius
346 3298 457 3338 veneno
468 3282 608 3337 sermonis
619 3283 742 3339 viventia
751 3283 780 3340 in
791 3285 892 3343 Christi
906 3304 1024 3359 corpore
1074 3291 1104 3346 in
1117 3289 1216 3345 solatio
1228 3289 1348 3344 fratrum
1363 3302 1415 3359 pro
1430 3285 1541 3341 Christo
1562 3285 1631 3339 lesu
1647 3282 1780 3339 llomino
1794 3287 1888 3337 nostro

209 3378 339 3434 membra
357 3375 525 3432 moriantur.
548 3376 578 3432 Si
601 3377 679 3432 enirn
694 3377 750 3432 dici
765 3380 818 3435 hoc
828 3381 945 3437 licenter
958 3398 1022 3452 per·
1110 3383 1163 3439 Sed
1177 3384 1207 3438 et
1219 3398 1306 3448 nunc,
1321 3380 1433 3449 tratres,
1441 3377 1681 3434 commendamus
1688 3392 1744 3432 vos
1759 3375 1889 3432 omnesia

208 3471 341 3537 mittitur,
356 3470 449 3526 honor
461 3470 688 3542 patriarcharum
702 3472 833 3528 omnium
848 3481 981 3546 negatru,
996 3479 1025 3530 et
1074 3477 1205 3547 Domino,
1220 3479 1249 3532 et
1259 3475 1345 3531 verbo
1358 3473 1456 3546 gratias
1467 3473 1528 3544 ejus
1538 3471 1588 3544 qui
1603 3474 1706 3544 potest
1716 3469 1890 3544 perticere,et

209 3566 327 3621 lortas'sc
341 3564 364 3619 is
379 3564 410 3620 iu
423 3580 520 3620 errore
534 3563 610 3636 perit
619 3564 669 3636 qui
687 3565 855 3622 universalis
869 3568 981 3640 dicitur,
997 3575 1026 3625 et
1075 3573 1143 3627 dare
1156 3570 1352 3627 haereditatem
1362 3567 1515 3623 vobiscum
1527 3565 1666 3620 omnibus
1678 3565 1801 3622 sanctis.
1816 3564 1888 3635 alpe

209 3660 305 3716 nullus
320 3659 382 3730 jam
404 3659 554 3730 episcopus
574 3658 745 3715 remansisse
767 3660 797 3715 in
813 3664 885 3716 statu
900 3663 1025 3719 veritatis
1074 3671 1171 3722 autem
1186 3666 1259 3720 [leus
1270 3662 1346 3736 pacis
1361 3668 1389 3718 et
1402 3659 1605 3717 consolationis
1619 3660 1671 3716 det
1684 3659 1772 3717 vobis
1783 3658 1888 3731 idipsuu

209 3753 363 3810 iuvenitur.
387 3751 506 3824 Oportet
526 3768 595 3824 ergo
610 3756 643 3808 ut
654 3757 816 3810 constanter
829 3771 862 3811 ac
875 3756 935 3813 sine
948 3774 1024 3830 pra·
1076 3776 1175 3833 sapere
1198 3760 1228 3814 in
1249 3757 1420 3814 atterutrum
1439 3756 1523 3826 (liora
1537 3769 1582 3822 xv,
1600 3756 1639 3826 b),
1658 3774 1674 3804 s
1690 3759 1727 3811 ut
1740 3754 1815 3810 vobis
1830 3749 1885 3807 invi

206 3847 316 3920 judicio
335 3845 463 3917 servetis,
484 3846 557 3902 sicut
578 3847 725 3920 accepistis
746 3849 892 3919 Ecclesias,
911 3853 941 3907 et
953 3853 1026 3908 nihil
1075 3871 1138 3912 cem
1145 3852 1326 3922 succurratis,
1336 3855 1365 3907 et
1376 3867 1436 3906 non
1448 3849 1509 3906 sitis
1519 3847 1615 3918 divisi,
1627 3854 1660 3904 ut
1671 3850 1831 3915 unanimes,
1840 3857 1884 3900 une

207 3942 264 4022 sihi
284 3941 314 3997 iu
338 3941 417 3997 vobis
441 3942 502 3997 haeo
521 3941 639 3997 tentatio
660 3942 808 3998 diabolicae
833 3946 1026 4018 usurpationis
1077 3966 1136 4018 ore,
1153 3952 1182 4004 et
1194 3965 1250 4003 uuo
1262 3945 1348 4003 corde
1360 3939 1883 4001 honorificemuseumiuconsordian

208 4036 339 4093 ascribat.
350 4036 425 4092 State
436 4034 535 4105 tortos,
544 4039 615 4091 state
625 4036 726 4107 securi,
738 4036 898 4110 scriptaque
909 4039 1024 4096 univer·
1076 4048 1106 4098 et
1117 4041 1339 4099 consolationem
1350 4040 1482 4108 fratrum,
1495 4036 1545 4110 qui
1556 4041 1664 4109 potens
1677 4041 1725 4094 est
1735 4036 1882 4094 confisum

208 4131 275 4186 salis
291 4128 415 4185 nominis
428 4129 500 4184 talsa
515 4145 568 4184 nec
581 4128 648 4185 dare
663 4146 799 4202 unquam,
823 4148 875 4188 nec
896 4133 1025 4205 accipere
1075 4154 1124 4193 vos
1136 4138 1292 4193 secundum
1312 4134 1503 4206 Evangelium
1518 4131 1592 4202 ejus,
1612 4136 1643 4187 et
1652 4119 1743 4203 juxta
1753 4125 1881 4187 revelatio

208 4222 396 4295 praesumatis.
412 4221 515 4278 Omnes
523 4221 671 4293 episcopos
684 4238 760 4278 curm
769 4229 871 4280 vestrae
884 4227 1027 4297 subjectos
1077 4248 1144 4288 nem
1164 4230 1293 4303 mysterii
1310 4229 1423 4285 [eternis
1439 4224 1620 4297 temporibus
1634 4226 1748 4283 scilicet
1759 4217 1881 4298 perpetuis

210 4317 246 4373 ab
257 4317 342 4389 hujus
355 4314 527 4371 adulationis
538 4314 736 4388 inquinatione
747 4318 906 4391 prohibete,
917 4325 949 4376 ut
960 4323 1025 4377 uui·
1079 4325 1183 4396 quibus
1196 4323 1278 4380 vobis
1299 4323 1463 4378 futurorum
1481 4318 1657 4391 gaudiorum
1672 4317 1821 4391 largienda
1830 4314 1882 4369 sunt

212 4429 293 4468 versa
304 4427 355 4467 vos
364 4409 486 4465 Ecclesia
500 4409 687 4481 patriarchas,
711 4427 770 4466 nou
789 4412 882 4469 solum
899 4413 1026 4471 inbonis
1076 4435 1209 4474 munera.
1221 4414 1508 4488 Summopereetiam
1516 4411 1705 4469 considerare
1715 4403 1882 4480 dauersqml

212 4506 358 4580 operibus,
378 4503 426 4560 sed
451 4503 539 4559 etimn
554 4503 584 4557 in
599 4504 725 4559 veritatis
739 4506 906 4564 auctoritate
922 4516 1066 4588 cogno-1)
1078 4512 1107 4568 hi
1122 4512 1173 4585 qui
1184 4511 1319 4567 tratribus
1331 4509 1470 4578 invident,
1485 4522 1592 4579 eosque
1608 4506 1759 4563 damnare
1776 4509 1822 4561 ant
1831 4514 1881 4574 per

211 4605 280 4658 scat.
305 4599 333 4656 Si
354 4615 413 4672 qua
433 4601 530 4653 autem
546 4597 666 4653 forsitan
679 4598 796 4656 adversa
809 4601 1026 4674 subsequantur,
1078 4606 1144 4663 dere
1166 4605 1287 4678 cupiunt
1307 4619 1359 4676 per
1383 4619 1423 4671 se,
1437 4607 1465 4658 et
1478 4617 1530 4656 sua
1547 4600 1693 4672 dogmata
1707 4598 1881 4657 destruuntur·

212 4693 386 4751 unanimiter
392 4691 579 4764 persistentes
588 4692 676 4748 etiam
684 4693 1029 4753 moriendodebemusos·
1079 4699 1152 4755 llicit
1161 4696 1238 4754 euim
1252 4697 1392 4754 Dominus
1404 4712 1411 4751 :
1425 4718 1438 4747 κ
1449 4694 1542 4751 Omne
1555 4709 1688 4767 regnum
1700 4696 1733 4751 in
1744 4711 1775 4750 se
1784 4690 1882 4749 ursan

211 4785 1029 4862 teudere,quiaindamnogeneralitatisnostrumspeoiali-
1078 4810 1136 4850 non
1149 4793 1234 4849 stabit
1248 4793 1355 4863 (narrt.
1370 4806 1418 4859 ιιι,
1430 4791 1485 4862 25),
1502 4808 1516 4841 ιι
1532 4793 1561 4844 et
1574 4788 1674 4844 omnis
1688 4783 1883 4846 scientiaclltt

212 4880 380 4952 teraliquod
390 4895 446 4934 uon
457 4895 602 4951 amamus;
613 4880 739 4936 dicamus
748 4898 814 4937 cum
823 4883 907 4939 Paulo
919 4901 925 4940 :
939 4885 1029 4942 «llihi
1078 4887 1230 4945 adversum
1245 4903 1274 4942 se
1287 4884 1377 4942 divisa
1396 4900 1455 4940 non
1467 4882 1562 4939 stabit.
1578 4882 1712 4956 ldeoqne
1729 4878 1883 4939 necess

213 4977 305 5032 vivere
318 4973 446 5032 Christus
461 4976 514 5043 est,
528 4978 557 5030 et
569 4974 642 5030 mori
658 4976 769 5032 lucrum
782 4977 893 5049 (Philip.
908 4995 926 5047 ι,
940 4980 996 5049 21).
1013 5001 1026 5028 u
1079 4987 1110 5037 ut
1124 4980 1303 5037 concorditer
1316 4979 1442 5034 salubres
1455 4975 1616 5048 suscipiatis
1628 4977 1778 5047 hortatus,
1793 4979 1819 5032 et
1829 4967 1884 5029 vill
1920 5020 1925 5034 .

212 5071 369 5127 Audiamus
384 5068 461 5140 quod
475 5068 584 5139 primus
592 5069 721 5125 omnium
733 5072 930 5142 apostolorum
941 5072 1027 5129 dicit:
1079 5093 1131 5147 per
1152 5074 1365 5131 contentionem
1388 5075 1514 5144 agentes,
1535 5069 1588 5126 sed
1610 5070 1649 5126 ad
1670 5088 1763 5130 omne
1783 5067 1884 5127 studim

214 5189 228 5217 ιι
244 5165 270 5222 Si
292 5163 361 5237 quid
380 5162 511 5236 patimini
535 5166 652 5234 propter
671 5163 825 5236 justitiam,
849 5165 925 5222 beati
953 5167 1030 5224 eritis
1079 5169 1240 5226 devolionis
1260 5167 1408 5223 unanimes
1421 5163 1523 5222 divinis
1542 5167 1573 5218 et
1587 5166 1759 5236 apostolicis
1772 5161 1883 5222 eonstite-

212 5265 232 5324 tl
243 5264 315 5317 Petr.
330 5275 370 5326 ur,
386 5257 439 5328 ll).
455 5277 469 5306 u
490 5255 556 5311 ltihi
574 5257 653 5311 enim
672 5258 787 5327 credite,
809 5259 876 5331 quia
888 5261 1029 5318 honorem
1078 5264 1205 5321 tionibus
1220 5262 1355 5336 pareatis,
1371 5267 1399 5317 et
1407 5261 1436 5316 in
1450 5258 1529 5314 nulla
1542 5258 1702 5329 patiamini
1716 5252 1882 5333 providentis

212 5372 299 5428 quern
313 5349 557 5426 propraedicanda
567 5351 878 5423 suscepimusveritate,
893 5354 916 5409 si
929 5371 1027 5411 neces·
1079 5359 1151 5415 sima
1166 5374 1308 5414 canonum
1321 5356 1433 5413 decreta
1447 5351 1555 5422 violari,
1572 5356 1726 5426 quatenus
1741 5357 1771 5411 st
1783 5352 1883 5410 pisam

212 5450 301 5504 sitatis
312 5462 395 5503 causa
408 5444 515 5516 erigat,
530 5444 657 5498 securius
671 5463 725 5517 pro
735 5447 836 5503 eadem
847 5448 968 5504 veritate
981 5467 1028 5506 re·
1080 5469 1145 5509 rum
1158 5467 1299 5508 canonum
1313 5450 1475 5517 constituta,
1487 5462 1553 5520 qum
1565 5463 1585 5502 a
1595 5447 1696 5519 nohis,
1711 5449 1757 5506 rel
1768 5441 1884 5521 apati*

213 5543 369 5614 linquimus
390 5554 477 5610 quam
493 5540 634 5594 tenemus.
649 5539 744 5610 Orate,
760 5541 871 5612 fratres,
890 5548 920 5598 ut
936 5544 1031 5600 honor
1080 5545 1236 5602 sessoribus
1250 5544 1355 5600 uostris
1364 5545 1432 5599 sunt
1441 5540 1558 5615 provide
1567 5544 1600 5597 et
1609 5539 1883 5600 saeuiturum
1926 5547 1928 5619 j

211 5632 415 5692 ecclesiasticus
427 5632 531 5689 nostris
547 5631 648 5689 diebus
662 5649 720 5689 non
734 5641 895 5706 evacuetur,
909 5654 962 5694 nec
975 5656 1028 5694 un·
1080 5642 1252 5696 intemerata
1270 5640 1458 5711 permaneant
1469 5636 1500 5691 in
1513 5635 1626 5692 tuturo.
1640 5636 1680 5693 Et
1692 5636 1725 5695 iu
1736 5624 1884 5710 Apoenlspti

212 5746 300 5802 quam
319 5712 449 5783 l'lomana
465 5727 546 5783 sedes
567 5727 616 5800 qui
629 5726 798 5785 instituente
812 5731 932 5788 Domino
945 5737 1032 5806 caput
1082 5727 1883 5806 uonrinmpertoannsmloquitur‚dtcem:iustitium-

213 5828 255 5882 est
266 5821 396 5881 omnium
408 5820 606 5892 llcelesisrum,
617 5822 773 5897 privilegiis
782 5824 840 5881 suis
852 5842 974 5900 usquam
986 5845 1030 5886 ca·
1081 5845 1135 5901 ego
1151 5845 1213 5884 sum
1230 5827 1349 5900 primus,
1371 5829 1401 5883 et
1421 5823 1604 5895 novissimus,
1632 5831 1666 5883 st
1693 5825 1783 5896 muns,
1806 5823 1833 5877 et
1850 5812 1882 5874 iffi
