3870 6150
148 220 197 276 ιιι
597 219 739 276 menno.
760 219 804 274 an
823 217 904 275 sec.
924 186 1386 276 n.-1snonnnnr0i1s
1780 230 1831 282 ras

148 328 217 382 runt
236 327 382 398 apostolici
410 325 549 382 antistites
581 316 622 382 et'¹
633 325 799 398 probarunt.
834 326 869 383 Ut
895 340 963 398 orgo
974 325 1140 412 Ascribens
1158 325 1194 381 ad
1217 325 1304 382 totius
1325 325 1401 382 orbis
1422 325 1573 399 episcopos
1589 327 1718 384 aitriios
1737 332 1831 388 autam

147 419 260 491 plenius
276 418 323 490 qui
338 419 368 474 in
382 419 476 493 aliquo
490 419 632 489 dubitant,
649 419 837 489 instruantur,
856 418 963 475 eonsti-
1013 418 1148 474 instinctu
1167 418 1218 475 liei
1230 419 1337 490 (omnia
1356 419 1432 475 enim
1444 419 1523 477 bona
1535 421 1571 477 ad
1582 425 1732 479 auctorem
1751 440 1830 482 snum

148 512 447 569 tutionessanctorum
460 513 785 591 Patrumcompendioso
799 512 963 568 manifeste·
1014 512 1163 569 referenda
1196 516 1263 568 sunt
1288 513 1364 569 unde
1399 515 1565 586 nascuntur)
1590 515 1627 572 ad
1660 516 1785 573 fratrum
1803 524 1830 576 et

37 616 40 627 '
147 605 359 663 musindioulo.
375 607 455 673 Quod
468 607 491 662 si
504 607 568 680 quis
585 605 780 663 nonnimium
793 609 966 663 esiconten·
1014 605 1245 678 coepiscoporum
1276 609 1440 662 nostrorum
1469 607 1674 665 conscientiam
1706 610 1828 669 universa

147 699 517 772 tiosus,agnoscatomnium
524 700 750 773 disputationum
757 699 965 756 connexionem
1013 699 1172 756 retulimus.
1188 700 1268 756 Nune
1286 704 1382 756 autem
1395 717 1558 759 sermonem
1573 702 1774 760 sincerissime
1784 722 1825 763 ve-

147 809 181 850 ex
196 794 248 848 hac
267 794 444 865 subditarum
456 795 657 852 auctoritatum
679 793 814 850 brevitate
827 794 963 867 pendere,
1013 793 1103 849 nitatis
1124 793 1185 849 luce
1206 793 1365 850 radiantem
1387 798 1468 851 tanto
1493 796 1552 851 Afn'
1574 797 1708 870 episcopi
1729 799 1825 857 honore

146 887 312 960 nullamque
328 888 381 944 sihi
395 887 627 944 contradictionis
643 903 789 961 superesse
811 887 962 956 rationem,
1012 886 1138 943 venerati
1149 891 1225 957 sunt,
1237 887 1366 943 itautad
1381 889 1515 944 eumdem
1523 890 1620 946 virum
1631 891 1822 964 rescriberent,

146 980 246 1036 sicum
259 982 405 1038 catholicis
417 983 516 1037 credat
530 985 560 1037 et
575 981 659 1037 dicat.
1013 980 1084 1036 illud
1103 996 1170 1036 vero
1191 981 1268 1053 quod
1283 981 1313 1036 in
1336 980 1440 1036 litteris
1461 998 1533 1055 quas
1545 983 1580 1039 ad
1597 984 1751 1040 universas
1766 1003 1821 1059 prc-

182 1076 225 1132 Ν.
245 1077 277 1132 ln
292 1075 528 1148 prevaricatione·
547 1076 615 1131 Adoe
628 1090 726 1130 omnes
741 1073 873 1130 homines
884 1077 964 1130 natu·
1012 1074 1118 1130 vincias
1127 1073 1231 1129 curasti
1243 1090 1302 1130 csse
1317 1075 1481 1144 mittendas,
1500 1076 1631 1149 posuisti,
1647 1077 1765 1135 dicens:
1776 1081 1821 1136 iios

146 1169 235 1226 ratem
258 1168 475 1241 possibilitatem
490 1173 519 1224 et
540 1168 734 1225 innocentiam
753 1167 921 1240 perdidisse,
935 1171 964 1225 et
1012 1172 1108 1224 tamen
1121 1167 1258 1224 instinctu
1276 1168 1335 1236 liei,
1350 1171 1405 1226 eto.
1428 1169 1471 1225 Sic
1487 1171 1651 1243 accepimus
1669 1171 1821 1242 dictnm,ut

148 1261 296 1318 neminem
311 1262 347 1317 de
358 1263 500 1335 profundo
513 1261 686 1318 iiliusruinae
698 1278 750 1334 per
762 1261 882 1317 liberum
891 1261 964 1316 arhi·
1012 1261 1083 1330 illos,
1106 1261 1155 1335 qui
1166 1263 1267 1318 contra
1290 1262 1337 1318 liei
1349 1262 1523 1334 adjutorium
1544 1263 1701 1336 extollunt,
1718 1265 1821 1324 humani

147 1356 234 1411 trium
249 1373 329 1428 posse
344 1373 525 1428 consurgere,
546 1355 599 1411 nisi
614 1372 680 1413 eum
701 1355 792 1426 gratia
806 1355 856 1410 liei
874 1355 962 1410 mise·
1012 1354 1122 1411 arbitrii
1142 1355 1303 1412 libertatem
1330 1355 1457 1412 districto
1482 1357 1578 1428 gladio
1602 1358 1736 1415 veritah‘s
1759 1360 1822 1416 volut

150 1450 238 1505 nentis
253 1450 384 1520 erexerit,
405 1449 609 1522 pronuntiante
621 1450 710 1506 heatae
723 1448 869 1505 memoriae
881 1450 964 1506 lnno·
1012 1449 1117 1506 cursim
1130 1449 1270 1506 transiens
1285 1453 1462 1522 amputares.
1484 1451 1557 1516 Quid
1572 1452 1654 1509 enim
1674 1453 1820 1510 tamlihero

148 1548 252 1614 centio,
274 1552 359 1620 atque
375 1547 484 1604 dicente
506 1548 537 1603 in
552 1547 672 1620 epistola
687 1549 724 1604 ad
737 1547 963 1620 Carthaginense
1012 1548 1116 1604 fecistis
1137 1547 1278 1604 arbitrio?
1301 1564 1391 1621 quam
1415 1549 1491 1621 quod
1512 1550 1649 1606 universo
1676 1550 1708 1606 in
1730 1556 1820 1607 nostra

148 1641 310 1698 concilium.
332 1642 466 1698 hiberum
479 1641 557 1697 enim
572 1641 722 1698 arbitrium
735 1641 782 1698 iile
801 1657 961 1715 perpessus,
1012 1641 1184 1698 humilitatis
1197 1642 1401 1698 conscientiam
1420 1643 1562 1711 retulistis,
1577 1647 1607 1699 et
1619 1647 1721 1700 tamen
1734 1645 1820 1701 instin-

147 1735 216 1790 dum
226 1735 283 1790 suis
291 1735 961 1807 inconsultiusutiturhonis,cadensinproveri·
972 1709 1001 1784 Β
1012 1738 1060 1791 ctu
1075 1735 1122 1791 liei
1143 1736 1250 1791 factum
1263 1752 1325 1792 esse
1346 1735 1469 1792 fideliter
1490 1737 1696 1811 sapienterque
1717 1738 1819 1810 vidistis,

147 1828 265 1884 cationis
279 1828 422 1900 profunda
434 1829 580 1886 demersus
590 1828 757 1899 est,etnihil
770 1829 959 1900 quemadmo·
1010 1829 1147 1885 veraciter
1166 1828 1344 1903 fideliterque
1365 1834 1399 1885 ιιι
1412 1829 1530 1898 dixistis,
1543 1829 1619 1902 tideo
1641 1831 1744 1905 utique
1764 1833 1819 1905 qnia

146 1922 213 1977 dnm
222 1922 324 1979 exinde
333 1938 483 1995 resurgere
493 1928 589 1994 posset
597 1922 715 1994 invenit,
726 1939 835 1995 suaque
845 1922 874 1978 in
882 1926 962 1979 aeter-
1013 1944 1028 1974 «
1042 1925 1220 1996 praeparetur
1233 1923 1364 1980 voluntas
1385 1924 1540 1980 aliomino
1564 1923 1656 1996 (Proo.
1670 1942 1728 1995 xix,
1746 1925 1817 1998 ti),-

145 2031 215 2071 num
226 2015 355 2071 libertate
365 2016 500 2089 deceptus
518 2017 604 2089 hujus
618 2016 701 2073 ruina
710 2017 841 2072 latuisset
850 2031 963 2089 oppres-
1012 2020 1042 2072 et
1061 2021 1094 2073 ut
1116 2016 1186 2073 boni
1209 2017 1315 2090 aliquid
1335 2021 1424 2090 agant
1449 2017 1577 2090 paternis
1600 2019 1819 2092 inspiratiofflns

145 2125 202 2177 sus,
216 2108 271 2165 nisi
282 2125 348 2165 enm
364 2113 463 2181 postea
476 2110 580 2166 Christi
595 2126 646 2182 per
659 2126 740 2165 suam
755 2111 879 2183 gratiam
892 2111 962 2165 rete
1011 2126 1128 2166 suorum
1139 2110 1200 2182 ipse
1210 2111 1305 2182 tangit
1313 2111 1401 2166 corda
1413 2111 1552 2167 fidelium.
1565 2130 1580 2163 a
1591 2111 1741 2185 Quotquot
1751 2113 1817 2169 enirn

144 2205 237 2258 vassei
252 2203 399 2271 adventus,
414 2203 462 2276 qui
482 2220 532 2275 per
550 2219 631 2259 novae
644 2203 869 2276 regenerationis
881 2202 961 2275 puri·
1011 2203 1118 2276 Spiritu
1140 2203 1189 2260 liei
1212 2208 1352 2276 aguntur,
1371 2204 1402 2261 hi
1423 2203 1475 2260 filii
1495 2208 1562 2261 sunt
1580 2205 1633 2262 Dei
1658 2206 1744 2276 (nom.
1767 2221 1817 2276 un,

144 2295 309 2353 ficationem
326 2312 412 2352 omne
427 2296 565 2369 preteriti
579 2297 688 2369 peccati
708 2296 810 2353 vitium
829 2297 872 2353 sui
888 2297 960 2369 hap·
1013 2297 1067 2368 ld),
1083 2316 1096 2349 o
1109 2301 1143 2353 ut
1155 2313 1208 2352 nec
1217 2302 1347 2354 nostrum
1359 2299 1456 2355 deesse
1468 2299 1628 2356 sentiamus
1641 2299 1787 2356 arbitrium
1794 2302 1818 2356 at

145 2390 389 2446 tismatisIavacro
406 2390 550 2464 purgavit.
1011 2390 1041 2448 in
1072 2390 1156 2448 honis
1184 2391 1343 2464 quibusque
1364 2392 1518 2449 voluntatis
1542 2393 1682 2451 humanae
1713 2393 1818 2467 singnis

179 2486 209 2540 V.
236 2484 385 2542 Neminem
409 2502 470 2542 esse
492 2486 748 2558 persemetipsum
768 2486 887 2554 honum,
906 2485 962 2541 nisi
1010 2483 1140 2541 moribus
1161 2485 1254 2558 magis
1272 2486 1350 2542 iilius
1371 2486 1464 2542 valere
1487 2503 1546 2545 non
1561 2486 1732 2545 dubitemus
1750 2486 1816 2544 auxi·

143 2579 393 2652 participationem
403 2579 447 2636 sui
462 2579 509 2637 illa
524 2581 613 2637 donet
633 2602 647 2631 ι(
661 2579 711 2653 qui
727 2580 802 2635 solus
814 2584 856 2636 est
870 2579 961 2635 bonus
1011 2578 1093 2634 lium.

143 2673 239 2743 (licre.
260 2689 287 2741 x,
314 2673 367 2744 aa).
388 2695 402 2725 o
424 2673 505 2739 Quod
526 2673 556 2729 in
579 2673 685 2729 eisdem
707 2672 960 2745 scriptisejusdem
1047 2674 1089 2728 lii.
1112 2672 1193 2739 Quod
1206 2672 1246 2728 ita
1268 2673 1342 2729 Deus
1361 2673 1390 2728 in
1411 2674 1543 2731 cordibus
1564 2675 1729 2748 hominum,
1743 2680 1817 2749 atqua

142 2766 285 2838 pontificis
297 2767 440 2823 sententia
454 2770 629 2840 protestatur
639 2767 735 2824 dicens
746 2783 753 2822 ι
766 2766 898 2839 Nunquid
908 2784 961 2824 nos
1009 2766 1040 2822 in
1054 2766 1116 2838 ipso
1136 2765 1225 2822 libero
1240 2770 1376 2839 operetur
1388 2766 1516 2836 arbitrio,
1529 2770 1563 2824 ut
1581 2774 1682 2826 sancta
1694 2769 1817 2843 cogitatio

143 2860 178 2915 de
200 2877 299 2915 eorum
322 2861 447 2933 posthaec
469 2864 581 2916 rectum
601 2860 748 2916 mentibus
777 2861 959 2930 aestimemus,
1009 2859 1090 2932 pium
1104 2859 1254 2915 consilium
1263 2859 1415 2933 omnisque
1428 2865 1522 2917 motus
1530 2861 1616 2918 bone
1628 2863 1816 2920 voluntatiscx

143 2954 193 3026 qui
206 2953 259 3009 sihi
272 2971 302 3009 se
317 2956 420 3026 putant
435 2954 534 3009 deberi
548 2955 622 3026 quod
640 2953 706 3010 honi
722 2959 797 3022 sunt,
812 2970 865 3010 nec
880 2955 961 3010 illum
1010 2953 1127 3021 Deerit,
1142 2953 1208 3026 quia
1222 2969 1274 3024 per
1287 2954 1370 3009 illum
1383 2955 1492 3027 aliquid
1500 2955 1569 3011 boni
1576 2972 1755 3028 possumus«
1764 2957 1815 3014 sina

142 3047 333 3118 considerant,
349 3047 431 3120 cujus
459 3047 583 3120 quotidie
605 3048 727 3121 gratiam
749 3054 998 3152 consequunturc
1010 3062 1066 3119 quo
1079 3045 1152 3102 nihii
1174 3062 1326 3118 possumus
1348 3047 1434 3120 (loon.
1451 3065 1495 3117 xv,
1510 3048 1576 3122 5).»
1599 3050 1646 3106 Ad
1657 3051 1730 3106 hanc
1749 3050 1814 3107 enim

142 3142 192 3215 qui
214 3141 275 3197 sina
298 3142 347 3197 ilio
367 3146 480 3198 tantum
502 3158 532 3198 sa
554 3142 665 3215 assequi
691 3159 773 3216 posse
800 3142 956 3200 confidunt.
1010 3156 1062 3195 nos
1075 3139 1279 3213 professionem
1296 3140 1373 3196 idem
1388 3141 1489 3198 doctor
1500 3141 1637 3212 instituit,
1651 3142 1814 3217 quicumad

178 3235 220 3290 Vi.
245 3235 396 3291 Neminem
421 3235 508 3291 etiam
527 3235 707 3308 baptismatis
728 3235 818 3308 gratia
839 3251 956 3292 renova·
1007 3233 1094 3289 totius
1115 3232 1191 3289 orbis
1205 3233 1352 3306 episcopos
1368 3235 1403 3292 de
1412 3235 1515 3291 divinae
1529 3237 1814 3311 gratirwpitulationa

143 3332 205 3383 tum
217 3328 352 3385 idoneum
365 3345 425 3385 esse
439 3328 476 3384 ad
489 3330 664 3401 superandas
673 3329 779 3386 diaboli
793 3328 919 3398 insidias,
930 3332 959 3385 et
1007 3328 1193 3399 loqueretur:
1212 3327 1289 3399 quod
1304 3344 1373 3400 ergo
1387 3334 1509 3403 tempus,
1526 3330 1576 3400 ait,
1591 3331 1756 3400 intervenit,
1768 3347 1812 3404 quo

143 3424 178 3477 ad
210 3422 378 3479 evincendas
408 3423 501 3479 carnis
534 3423 784 3496 concupiscentias,
821 3423 877 3479 nisi
905 3439 958 3495 per
1007 3421 1069 3493 ejus
1082 3422 1699 3499 nonageamusauxilioflnomnibusigitur
1707 3425 1810 3491 actibus,

141 3516 342 3588 quotidianum
364 3517 538 3589 adjutorium
557 3516 957 3589 Deiperseverantiamhonae
1007 3514 1109 3584 causis,
1127 3514 1356 3587 cogitationibus,
1370 3515 1503 3585 motibus,
1516 3517 1633 3590 adjutor
1643 3522 1673 3576 et
1685 3522 1812 3591 protector

141 3609 362 3666 conversationis
375 3611 524 3682 acceperit.
545 3610 624 3676 Quod
640 3610 768 3681 ejusdem
780 3609 912 3666 anhelitis
925 3610 956 3666 in
1006 3608 1131 3664 orandus
1145 3611 1198 3678 est,
1219 3609 1375 3681 superbum
1397 3613 1440 3665 est
1453 3611 1531 3667 enim
1547 3616 1577 3667 ut
1597 3613 1757 3688 quidquam
1768 3611 1810 3669 sibi

142 3704 250 3759 eisdem
272 3703 383 3776 paginis
408 3703 537 3760 doctrina
563 3703 713 3761 confirmat
735 3705 850 3761 dicens:
882 3706 955 3761 Nam
1005 3704 1134 3760 humana
1159 3707 1262 3759 natura
1296 3710 1464 3778 praesumat,
1495 3706 1638 3764 clamante
1672 3709 1807 3782 apostola:

141 3797 270 3870 quamvis
293 3797 442 3854 hominem
464 3797 620 3855 redimeret
634 3815 650 3854 a
665 3799 816 3870 praeteritis
828 3799 876 3855 iile
888 3816 954 3872 pec·
1006 3819 1021 3850 a
1035 3799 1097 3854 Non
1109 3798 1241 3854 estnobis
1256 3799 1416 3856 colluctatio
1428 3799 1565 3856 adversus
1582 3818 1701 3859 carnem
1716 3806 1745 3860 at
1755 3819 1809 3858 san·

139 3892 220 3961 catis,
236 3895 332 3947 tamen
345 3891 436 3947 sciens
448 3892 554 3948 iterum
567 3907 650 3965 posse
663 3908 778 3964 peecare
792 3894 828 3949 ad
840 3909 954 3966 repara·
1006 3891 1186 3964 guinem‚sad
1194 3895 1293 3947 contra
1300 3892 1477 3966 principesat
1485 3898 1642 3966 potestates
1649 3897 1808 3969 aerishujus,

139 3985 248 4041 tionem
271 3985 333 4053 sihi,
357 3985 600 4058 quemadmodum
626 4002 706 4058 posse
725 3986 818 4054 iilum,
841 3992 871 4042 et
891 3992 956 4059 post
1004 3988 1103 4042 contra
1115 3984 1274 4058 spiritualia
1287 3987 1422 4059 nequitiae
1437 3985 1532 4062 185
1543 3988 1574 4044 in
1586 3990 1808 4047 crelestihus.»dt

138 4080 191 4134 ista
203 4080 347 4152 corrigere
367 4079 458 4134 multa
480 4080 609 4148 servavit,
626 4079 792 4152 quotidiana
816 4084 955 4153 prestans
976 4079 986 4107 '
1005 4078 1261 4151 sicutipseiterum
1278 4079 1362 4135 dicit:
1375 4102 1389 4130 «
1397 4080 1497 4137 infelix
1509 4097 1580 4154 ergo
1593 4083 1762 4158 homo,quis
1770 4098 1807 4139 ms

138 4172 180 4227 iili
199 4171 326 4228 remedia
352 4173 455 4244 quihus
475 4173 529 4228 nisi
556 4173 621 4229 freti
643 4173 797 4245 confisique
817 4174 953 4243 nitamur,
1003 4172 1134 4228 liberabit
1156 4173 1191 4229 de
1206 4189 1326 4245 corpore
1343 4174 1442 4230 mortis
1465 4174 1561 4247 hujus.
1584 4177 1682 4235 Gratia
1703 4179 1807 4251 pcipe

137 4266 300 4321 nullatenus
315 4266 453 4321 humanos
467 4265 581 4321 vincere
592 4265 749 4339 poterimus
763 4282 882 4324 errores.
900 4270 953 4324 Ne·
1003 4268 1100 4323 iesum
1118 4267 1263 4324 Christum
1280 4267 1430 4323 hominum
1449 4271 1579 4325 nostrum
1599 4271 1687 4342 (Rom.
1709 4289 1755 4342 vn,
1770 4271 1805 4336 ti,

138 4375 215 4415 cesse
230 4363 273 4415 est
285 4359 362 4415 enim
376 4363 407 4414 ut
418 4374 474 4431 quo
481 4359 633 4416 auxiliante
646 4359 795 4429 vincimus,
805 4376 837 4417 eo
849 4361 953 4418 iterum
1003 4359 1057 4431 22),
1072 4381 1086 4411 o
1112 4362 1145 4416 Et
1158 4361 1281 4417 iterum:
1308 4382 1322 4411 κ
1338 4361 1435 4417 Gratia
1456 4363 1505 4418 lici
1525 4380 1590 4419 sum
1605 4365 1636 4422 id
1657 4366 1733 4439 quod
1744 4381 1804 4429 suu,

136 4470 196 4510 non
211 4453 363 4526 adjuvante
379 4453 538 4509 vincamur.
598 4516 603 4526 ,
961 4448 1032 4523 Det
1053 4454 1144 4526 gratia
1164 4455 1227 4526 ejus
1241 4454 1269 4510 in
1292 4472 1339 4510 me
1355 4472 1440 4511 vacua
1455 4473 1513 4513 non
1533 4456 1599 4529 fuit,
1616 4460 1666 4517 sed
1684 4461 1746 4534 plus
1761 4459 1805 4515 iilis

170 4549 225 4605 Vll.
239 4548 318 4615 Quod
326 4564 412 4604 nemo
422 4547 476 4605 nisi
486 4564 537 4621 per
550 4547 767 4620 gratiamlihero
775 4549 849 4607 bane
858 4553 955 4606 utatur
1004 4547 1137 4602 omnibus
1160 4547 1294 4619 laboravi,
1317 4565 1374 4604 non
1389 4565 1442 4623 ego
1464 4556 1572 4622 autem,
1586 4553 1640 4609 sed
1661 4554 1749 4628 gaha
1765 4551 1804 4610 liei

136 4642 264 4699 arbitrio.
285 4644 363 4699 idern
376 4643 515 4716 magister
528 4642 558 4699 in
573 4643 692 4716 epistola
713 4644 748 4699 ad
760 4643 952 4700 hillevitanum
1003 4656 1118 4696 mecum
1129 4640 1219 4711 (icor.
1235 4659 1279 4710 xv,
1294 4643 1346 4714 ia).
1364 4665 1378 4692 »

135 4736 287 4792 concilium
299 4737 365 4794 data
386 4739 525 4811 praedicat
546 4737 665 4796 dicens:
684 4738 805 4794 Adverte
824 4739 951 4810 tandem,
1037 4740 1067 4796 ll.
1083 4738 1156 4795 iliud
1168 4740 1254 4796 etiam
1271 4741 1349 4812 quod
1371 4742 1446 4799 iutra
1465 4744 1701 4819 Carthaginensis
1718 4743 1802 4820 synodi

136 4820 396 4901 opravissimarum
415 4833 554 4889 mentium
577 4849 708 4905 perversa
721 4832 860 4903 doctrina,
874 4833 952 4906 quod
1001 4838 1114 4894 decreta
1127 4839 1313 4895 constitutum
1328 4845 1381 4911 est,
1400 4843 1482 4915 quasi
1494 4846 1645 4919 proprium
1661 4846 1801 4921 apostolica

134 4923 260 4996 primum
272 4925 418 4982 hominem
436 4927 476 4983 ita
487 4927 605 4983 libertas
619 4927 680 5000 ipsa
702 4927 822 4999 decepit,
838 4930 868 4982 ut
881 4928 951 4984 dum
1001 4935 1081 4992 Sedis
1095 4936 1303 5009 amplectimur,
1319 4939 1395 5010 quod
1408 4940 1514 4999 scilicet
1524 4943 1610 5000 tertio
1619 4945 1740 5018 capitulo
1749 4941 1802 4999 datr

133 5016 328 5088 indulgentius
346 5020 436 5075 frenis
450 5021 511 5092 ejus
536 5021 626 5077 utitur
639 5020 668 5076 in
688 5020 950 5092 praevaricationem
1000 5028 1093 5085 nilum
1109 5035 1161 5098 ast,
1185 5035 1216 5085 ut
1242 5030 1406 5105 quicunque
1422 5034 1526 5091 dixerit
1552 5037 1678 5109 gratiam
1692 5038 1741 5095 liei
1759 5050 1801 5110 qm

132 5112 364 5184 presumptionis
385 5113 532 5170 incederet
539 5131 547 5182 ;
571 5131 624 5169 nec
643 5130 678 5170 ex
697 5113 751 5170 hac
770 5114 864 5187 potuit
877 5115 948 5183 erui,
994 5121 1196 5194 justificamur,
1207 5126 1363 5195 pertesum
1374 5127 1518 5184 Christum
1527 5129 1801 5189 Dominumnoshun

131 5205 186 5260 nisi
205 5206 232 5262 ei
251 5205 432 5279 providentia
454 5208 678 5279 regenerationis
696 5213 801 5265 statum
820 5209 948 5281 pristinas
998 5215 1035 5270 ad
1049 5217 1138 5273 solam
1152 5217 1347 5274 remissionem
1367 5223 1548 5292 peccatorum
1560 5225 1659 5282 valere
1678 5242 1742 5299 quaa
1755 5224 1801 5295 jin

129 5297 269 5355 libertatis
282 5299 385 5357 Christi
397 5300 509 5356 Domini
523 5302 703 5358 reformasset
716 5302 863 5359 adventus.
997 5310 1149 5366 commissa
1174 5314 1250 5378 sunt,
1272 5328 1331 5368 non
1352 5313 1441 5369 etiam
1464 5316 1502 5371 ad
1513 5316 1689 5389 adjutorium
1711 5323 1744 5375 ut
1756 5329 1801 5374 non

166 5394 231 5451 vtii.
245 5394 328 5459 Quod
346 5394 444 5451 omnia
465 5394 559 5450 studia
575 5399 604 5451 et
618 5396 714 5451 omnia
729 5412 816 5467 opera
838 5413 870 5452 ac
884 5413 946 5453 mc·
997 5404 1221 5474 committantur,
1235 5407 1390 5463 anathema
1402 5408 1447 5464 sit.
1464 5410 1500 5465 Et
1512 5409 1620 5468 iterum
1630 5419 1731 5487 quarto
1739 5410 1798 5484 capi·

129 5487 183 5543 rita
194 5493 358 5547 sanctorum
372 5489 409 5546 ad
422 5488 470 5545 liei
479 5489 599 5561 gratiam
615 5490 785 5562 laudemque
796 5491 946 5548 referenda
995 5497 1055 5553 tulo
1070 5498 1125 5553 ait:
1149 5499 1184 5554 Ut
1197 5499 1220 5553 si
1242 5500 1306 5571 quis
1322 5500 1426 5557 dixerit
1448 5503 1572 5575 gratiam
1593 5506 1646 5563 lici
1657 5510 1798 5581 pertesum

129 5586 205 5653 sunt,
219 5583 287 5657 quia
305 5599 391 5640 nemo
406 5583 521 5641 aliunde
534 5583 561 5641 ei
582 5585 683 5656 placet,
706 5584 760 5639 nisi
775 5601 810 5640 ex
824 5601 858 5641 eo
868 5587 945 5659 quod
994 5591 1149 5662 Christum,
1163 5594 1284 5665 propter
1297 5593 1351 5650 hoc
1364 5597 1477 5652 tantum
1490 5614 1544 5654 nos
1556 5599 1695 5673 adjuvare
1707 5600 1744 5658 ad
1756 5611 1797 5655 non

127 5672 187 5745 ipsa
198 5676 354 5748 donaverit,
364 5679 396 5734 in
405 5695 493 5751 quam
504 5679 840 5752 nossentcntiamdirigit
850 5679 944 5737 heatae
993 5686 1183 5758 peccandum,
1199 5687 1268 5759 qnia
1281 5704 1333 5760 per
1346 5689 1436 5762 ipsam
1450 5691 1532 5748 nohis
1545 5695 1692 5752 revelatur
1704 5699 1733 5753 et
1743 5706 1796 5765 apt·

116 5769 329 5829 recordationis
335 5789 421 5848 papa
429 5772 536 5834 Zoumi
545 5773 685 5851 regularis
700 5775 866 5848 auctoritas,
877 5792 943 5834 cum
993 5779 1068 5837 ritur
1091 5780 1281 5856 intelligentia
1297 5783 1510 5857 mandatorum,
1538 5792 1572 5846 ut
1595 5788 1718 5849 misnam
1736 5781 1795 5865 qvod
