3870 6150
105 276 116 326 5
692 269 929 327 uacuarnciull
948 271 1140 327 auctuario.
1737 288 1752 338 6

10 400 14 410 ·
101 379 195 433 mxime
208 375 306 431 vitalis
323 375 517 432 Antiochenus
536 376 684 448 episcopiis
705 377 819 432 exstitit.
837 379 982 462 Sapua.
1002 378 1163 448 provincia,
1184 380 1361 451 temporibus
1384 383 1489 437 Aurelii
1518 384 1752 457 carthaginensis

10 455 17 488 ³
97 449 163 502 cunda
181 447 419 515 Neocmsariensis,
436 463 500 528 quie
522 452 585 517 post
600 446 769 518 Aquitanam
790 451 819 502 et
838 449 885 502 Ni·
937 448 1071 519 episcopi,
1083 449 1218 519 leguntur
1230 466 1290 504 esse
1304 451 1466 524 conscripti.
1477 455 1556 509 Nona
1568 459 1751 530 Arelatensis,
1795 502 1802 510 .

10 538 15 576 i
93 535 180 573 cenam
197 518 304 589 legitur
321 518 428 586 fnisse,
449 535 478 571 iii
538 519 669 573 aPatres
688 518 810 572 sedecim
830 525 885 574 sta·
937 518 1458 592 inquaPatrasstatueruntcanones,
1475 529 1679 596 etc.,quorum
1698 547 1750 585 au·

89 594 186 644 luerunt
216 605 339 644 canones
375 591 498 660 quatuor
516 588 603 653 ecim,
650 603 754 643 norum
787 595 888 645 auctor
936 594 1028 644 ctoras
1048 590 1173 645 maxime
1195 591 1327 647 silvester
1345 594 1536 649 urbisllomae
1551 597 1707 669 episcopus,
1724 607 1754 656 et

84 661 194 714 maxime
206 659 304 713 Vitalis
323 659 484 714 Salaminos
497 659 614 714 exstitit.
627 604 720 713 iertia
738 658 885 732 Gangren·
937 665 1050 715 sanctus
1073 660 1196 714 Marinus
1219 662 1389 717 Arelatensis
1407 665 1553 736 episcopus
1571 669 1751 739 exstiterunt,

80 731 116 796 sis,
130 746 195 801 qnae
207 735 272 800 post
283 730 426 784 Nicaenam
438 729 544 801 legitur
555 729 652 800 fuisse,
666 730 696 784 in
717 746 774 801 qua
792 732 886 786 Patres
938 731 1111 802 temporibus
1126 732 1301 787 Constantini
1318 735 1447 804 Augusti,
1462 735 1534 790 sicut
1547 738 1662 808 quidem
1674 757 1751 797 asse·

77 801 189 856 sedecim
211 804 373 855 statuerunt
394 816 515 855 canones
534 801 635 871 viginti
659 816 749 854 unum
770 804 887 872 propter
936 808 1012 856 runt.
1026 801 1137 858 Decima
1147 804 1215 857 item
1228 803 1410 872 Arelatensis,
1420 805 1449 859 in
1463 822 1518 877 qua
1531 809 1625 864 Patres
1634 827 1752 870 norem-

105 871 202 925 asdam
222 871 405 927 necessitates
421 869 629 938 ecclesiasticas,
648 871 771 926 maxime
789 876 887 927 contra
937 871 1027 926 decim
1047 875 1209 928 statuemnt
1226 889 1356 941 canones,
1373 891 1494 945 quorum
1514 883 1611 934 auctor
1629 883 1751 940 maxime

89 941 265 1010 ustachium,
286 942 334 1013 qui
353 941 466 996 dicebat
484 942 561 1012 quod
578 941 674 997 nullus
692 941 722 996 in
740 942 825 1012 conju
848 943 885 998 ali
936 948 1049 997 sanctus
1062 944 1198 998 Caesarius
1213 944 1384 1000 Arelatensis
1402 946 1550 1018 episcopus
1565 951 1678 1006 exstitit.
1693 955 1749 1009 Un-

69 1013 163 1067 ordine
185 1012 305 1084 positus,
324 1028 378 1066 nec
395 1013 472 1067 ullus
489 1012 580 1068 lidelis
598 1011 648 1084 qui
673 1028 731 1068 non
754 1029 800 1066 om
825 1013 829 1022 '
852 1029 886 1068 us
936 1012 1045 1068 decima
1057 1014 1125 1069 item
1140 1015 1319 1084 Arelatensis,
1334 1016 1363 1070 in
1375 1032 1429 1088 qua
1449 1018 1545 1073 Patres
1561 1020 1683 1076 sedecim
1699 1030 1751 1080 sta-

68 1084 244 1138 renuntiaret
263 1098 328 1155 quae
347 1082 514 1154 possideret,
534 1099 616 1154 spem
634 1083 711 1154 apud
731 1083 883 1138 Dominum
935 1088 1052 1138 tuerunt
1069 1100 1201 1140 canones.
1224 1086 1394 1141 Duodecimn
1418 1087 1487 1142 item
1515 1089 1700 1162 Arelatensis,
1720 1096 1751 1150 in

66 1154 197 1221 haberet,
217 1159 248 1208 et
266 1154 356 1207 multa
375 1153 430 1208 alia
448 1169 604 1221 venenosa,
629 1170 693 1226 quai
716 1169 884 1209 enumerare
934 1155 996 1208 rico
1015 1155 1163 1222 Ortinsi'co,
1184 1155 1213 1210 in
1232 1172 1289 1229 qua
1312 1159 1408 1212 Patres
1432 1158 1566 1214 undecim
1592 1165 1752 1220 statuerunt

64 1225 185 1295 longum
200 1228 254 1280 est.
264 1225 370 1289 Quarto
388 1224 571 1291 Sardicensis,
586 1225 687 1297 inqua
703 1225 800 1280 Patres
818 1241 886 1296 qua·
935 1241 1070 1291 canonos,
1087 1242 1210 1297 quorum
1225 1227 1350 1283 maxime
1368 1233 1466 1284 auctor
1478 1232 1593 1285 sanctus
1614 1232 1751 1291 Caesarius

64 1295 200 1366 draginta
213 1300 375 1351 statuerunt
392 1311 513 1351 canones
532 1295 632 1366 viginti
645 1311 747 1364 unum,
761 1312 884 1367 quorum
935 1296 1104 1351 Arelatensis
1132 1296 1281 1369 episeopus
1300 1298 1414 1354 exstitit.
1435 1300 1526 1356 Tertia
1552 1302 1662 1359 decima
1679 1305 1750 1362 item

62 1371 160 1420 auctor
175 1366 301 1422 maxime
313 1366 394 1421 Osius
408 1365 596 1422 Cordubensis
606 1365 766 1438 episcopus,
777 1370 805 1420 et
815 1367 883 1420 Viri-
934 1367 1112 1434 Arelatensis,
1126 1367 1156 1423 iii
1176 1385 1232 1440 que
1252 1370 1346 1424 Patres
1369 1371 1565 1426 novemdecim
1591 1376 1752 1433 statuerunt

62 1439 173 1491 centius
186 1437 337 1509 sapuanus
349 1437 507 1508 episcopus,
522 1441 551 1491 et
568 1442 670 1492 sanctae
685 1437 818 1491 Romanae
832 1439 883 1493 Ec·
934 1452 1066 1503 canones,
1080 1453 1203 1508 quornm
1224 1445 1322 1494 auctor
1344 1441 1466 1496 maxime
1489 1442 1632 1514 sapardus
1652 1447 1748 1503 Arela-

60 1507 154 1565 elesiae
171 1509 284 1580 legatus
293 1508 471 1565 exstiterunt.
481 1507 586 1572 Quinta
594 1507 778 1576 Antiocheno,
790 1508 819 1563 iii
828 1525 885 1579 qua
933 1508 1021 1562 tensis
1033 1508 1182 1581 episcopus
1201 1510 1316 1565 exstitit.
1334 1510 1440 1575 Quarta
1457 1511 1566 1568 decima
1578 1516 1749 1573 Arausicen·

62 1579 158 1633 Patres
174 1580 294 1650 triginta
311 1582 471 1634 statuerunt
485 1595 607 1634 canones
624 1579 724 1650 viginti
745 1578 882 1650 quinque,
933 1579 981 1647 sis,
996 1579 1026 1634 in
1039 1595 1094 1651 qua
1107 1581 1202 1635 Patres
1215 1582 1338 1637 sedecim
1351 1587 1511 1638 statuerunt
1530 1601 1660 1657 canones,
1676 1606 1747 1660 quo·

61 1665 188 1720 quorum
200 1656 300 1705 auctor
312 1650 437 1704 marinio
452 1649 587 1705 Eusebius
601 1648 810 1704 Palaestineiisis
822 1650 881 1721 opi·
933 1664 998 1703 rum
1029 1653 1128 1705 auctor
1152 1651 1277 1706 maxime
1304 1652 1426 1708 Hilarius
1454 1655 1604 1728 episcopus
1633 1659 1748 1718 exstitit.

61 1735 169 1801 scopus
193 1720 309 1775 exstitit.
331 1721 415 1776 Sexta
439 1719 628 1788 Laodicenos,
648 1719 678 1774 in
704 1735 761 1791 qua
786 1720 1017 1827 PatresBSerta
1028 1720 1138 1775 decima
1151 1722 1367 1793 Agathcusis,in
1377 1740 1433 1795 qua
1445 1725 1540 1780 Patres
1553 1726 1671 1799 triginta
1681 1747 1750 1812 qua-

61 1791 166 1862 riginti
178 1792 236 1847 dno
248 1797 407 1871 statuerunt
424 1807 547 1847 canones
566 1790 753 1872 qnadraginta
766 1806 881 1874 norem,
933 1797 999 1846 tuor
1019 1795 1181 1874 statuerunt
1206 1810 1337 1874 canones,
1351 1811 1480 1876 ¹quorum
1505 1803 1603 1878 auctor
1625 1816 1749 1858 maxime

61 1862 883 2013 ttf'tt‘litttttrttlltflustraretloli
932 1863 1074 2002 latias}
1090 1866 1750 2017 irritata?t¹ttittltt.ltttt.tltt

61 2003 166 2059 decem
184 2010 214 2059 et
228 2009 346 2077 septem,
363 2008 522 2058 statuemnt
536 2019 659 2059 canones
677 2003 714 2058 tri
736 2008 796 2058 inta
813 2009 881 2072 tres,
932 2019 1061 2071 canones,
1083 2020 1205 2075 quorum
1230 2010 1328 2060 auctor
1350 2021 1475 2062 maxime
1498 2009 1630 2064 Aurelius
1652 2012 1747 2068 Arela-

58 2091 193 2146 quornm
217 2083 314 2131 auctor
340 2075 465 2130 maxime
492 2075 620 2130 Aurelius
654 2019 883 2155 carthaginensis
931 2075 1017 2128 tensis
1031 2075 1179 2155 episcapns
1193 2076 1300 2156 exstitit
1313 2076 1490 2157 temporibus
1503 2079 1644 2136 clodovici
1661 2084 1746 2154 regis.

58 2146 218 2216 episcopus
228 2146 341 2202 exstitit.
358 2147 449 2202 Etiam
462 2150 574 2200 sanctus
585 2145 761 2216 Augustinus
776 2146 880 2226 Hippo·
932 2144 1037 2200 Octava
1058 2144 1168 2200 decima
1190 2149 1260 2202 item
1281 2147 1503 2218 Aurelianensis,
1522 2150 1552 2204 in
1573 2166 1630 2222 qua
1651 2154 1748 2210 Patres

57 2216 166 2271 nensis
183 2217 272 2288 episco
293 2234 327 2272 us
354 2216 384 2271 in
412 2216 512 2272 eadem
539 2216 647 2271 snodo
672 2216 698 2270 le
721 2215 779 2270 itnr
796 2215 882 2272 fuisse
931 2215 1050 2285 triginta
1069 2232 1159 2270 unum
1176 2220 1337 2272 statuerunt
1358 2234 1491 2287 canones,
1507 2237 1631 2292 quorum
1650 2231 1748 2282 auctor

56 2287 241 2358 temporibus
287 2287 380 2343 onorii
397 2286 527 2358 Augusti.
548 2233 649 2341 lietera
709 2287 804 2341 ricana
829 2286 881 2340 sub
930 2286 1203 2367 marimeldelanius
1218 2287 1353 2368 lledensis
1372 2289 1465 2360 episco
1486 2306 1520 2344 us
1539 2293 1654 2349 exstitit.
1668 2294 1748 2351 Nona

56 2357 222 2412 Theodvo
240 2358 352 2414 minore
376 2361 511 2430 Augusto,
531 2357 561 2413 in
577 2373 634 2429 qua
651 2357 748 2412 Patres
766 2358 881 2412 ducenti
930 2356 1042 2412 decima
1050 2362 1119 2413 item
1131 2359 1349 2426 Aurelianensis,
1360 2359 1388 2414 iii
1401 2376 1459 2432 qua
1467 2306 1567 2417 ianas
1579 2364 1681 2436 viginti
1691 2368 1748 2422 tres

55 2429 278 2500 qmtaoroeeim
301 2429 491 2485 recitaverunt
508 2431 538 2483 et
555 2429 742 2484 firmaverunt
759 2445 881 2484 canones
930 2432 1092 2486 statuerunt
1104 2445 1236 2498 canones,
1252 2445 1375 2501 quorum
1387 2435 1486 2487 auctor
1498 2433 1622 2490 maxime
1635 2441 1748 2494 sanctus

55 2504 178 2555 centum
194 2505 223 2555 et
235 2501 363 2573 quinque
378 2500 426 2572 qui
438 2516 491 2573 per
508 2498 619 2556 diversa
633 2499 752 2556 concilia
770 2499 878 2554 Africa·
929 2497 1049 2555 Albinus
1063 2499 1275 2572 Andegarensis
1287 2501 1435 2574 episcopus
1446 2503 1560 2560 exstitit.
1596 2553 1605 2573 ,

309 2893 313 2901 ·
351 2854 493 2924 lbclrrr
514 2852 708 2924 EPlSTOLA
728 2853 890 2922 AURELII
912 2852 1256 2924 CARTHAGINENSlS
1277 2854 1454 2925 tristiori

734 3023 775 3066 Al)
795 3021 946 3069 uastauit
969 3022 1082 3068 PAPAE.

92 3319 343 3379 Reverendissimo
365 3338 446 3396 papa
470 3323 583 3380 DAMASO
600 3323 740 3380 Aouacios
759 3322 877 3379 Cartha·
929 3322 1009 3379 nobis
1030 3323 1268 3406 scripta'inittere
1292 3322 1461 3396 dignemini.
1475 3325 1683 3401 Quatenusper
1696 3345 1742 3386 ve·

59 3394 189 3464 ginensis
204 3393 360 3465 episcopus.
928 3397 994 3449 strar
1008 3398 1161 3450 sanctitatis
1173 3394 1353 3451 nobilitatem
1368 3399 1454 3468 atque
1465 3398 1647 3469 prudentiam
1661 3417 1744 3457 nosse

93 3464 221 3519 Gloriam
246 3463 406 3536 apostolicae
429 3463 504 3520 sedis
527 3469 556 3521 et
573 3471 673 3522 restra
698 3463 879 3522 sublimitatis
928 3466 1073 3521 valeamus
1091 3482 1154 3538 quie
1177 3466 1207 3521 in
1226 3466 1344 3537 presiate
1366 3473 1463 3526 saneta
1487 3468 1553 3524 sede
1576 3472 1745 3544 supradictis
1833 3484 1838 3489 “

55 3535 184 3608 gratiam
197 3539 291 3590 nostra
303 3534 449 3592 humilitas
468 3540 568 3592 exorat
584 3542 617 3594 ut
634 3540 738 3593 statuta
750 3552 814 3608 qnia
832 3553 877 3591 re·
928 3536 1106 3608 temporibus
1120 3541 1187 3593 sunt
1200 3536 1325 3607 decreta,
1342 3542 1370 3593 et
1384 3538 1433 3610 qui
1447 3539 1580 3595 adversus
1601 3557 1744 3598 canonum

55 3607 155 3679 perire
166 3606 293 3678 poteritis
306 3611 370 3678 post
387 3606 474 3662 linem
492 3607 569 3662 beati
587 3606 723 3689 principis
741 3606 879 3679 apostolo
928 3606 1118 3679 apostolorum
1131 3607 1262 3663 instituta
1277 3613 1426 3679 gesserunt
1438 3616 1653 3681 cognoscantur.
1669 3613 1743 3670 Bene

56 3693 126 3732 rum
144 3676 221 3732 Petri
240 3692 328 3748 nsque
347 3676 382 3731 ad
399 3682 500 3732 restrae
518 3678 672 3733 sanctitatis
690 3676 876 3749 principium,
928 3677 1030 3744 valate,
1045 3677 1219 3733 mestissime
1233 3693 1316 3749 papa,
1330 3684 1358 3734 et
1370 3685 1448 3735 orate
1461 3696 1514 3751 pro
1532 3682 1625 3754 nobis,
1641 3700 1743 3740 arnan·

54 3748 141 3819 juxta
152 3747 314 3819 apostolicae
329 3747 404 3803 sedis
416 3747 624 3818 anctoritatem,
638 3764 724 3821 quam
743 3747 876 3820 cognori-
927 3748 1035 3802 tissime
1048 3751 1137 3818 pater.
1151 3749 1219 3804 Data
1233 3764 1283 3804 riu
1296 3749 1415 3806 Kalend.
1436 3751 1538 3824 Martii,
1552 3756 1581 3808 et
1597 3755 1672 3812 lecta
1692 3755 1744 3811 Ro-

57 3835 125 3874 rnas
146 3835 200 3890 per
216 3823 317 3875 restra
340 3818 486 3890 sapientia
508 3819 688 3876 sanctitatem
713 3818 877 3890 gubernari,
927 3834 982 3875 ma
995 3819 1088 3874 Nonas
1098 3817 1171 3874 llaii.

147 3986 425 4057 RESCRIPTUM
446 3986 612 4057 DAMASI
635 3987 696 4057 AD
719 3984 948 4058 AURELIUM
971 3983 1374 4056 GARTHAGINENSEM
1395 3983 1650 4060 EPISGOPUM.
1743 3949 1745 3951 >

91 4145 258 4203 Beatissimo
273 4147 357 4203 tratri
369 4153 398 4204 et
410 4148 575 4222 coepiscopo
594 4151 715 4206 Auianio
734 4149 1012 4238 cineraceam,
1026 4147 1173 4230 monum,
1186 4151 1219 4203 at
1227 4147 1288 4220 jam
1302 4145 1483 4219 prelibatum
1495 4150 1547 4216 est,
1563 4153 1663 4207 eontra
1675 4166 1742 4210 cum

93 4217 203 4288 Scripta
219 4219 377 4275 sanctitatis
395 4223 453 4275 ture
470 4219 568 4276 debita
585 4220 767 4276 veneratione
784 4235 876 4275 susee-
925 4219 985 4291 agit
1001 4234 1082 4290 curus
1102 4219 1228 4290 impulsu
1243 4223 1271 4274 et
1282 4219 1375 4289 gratia
1386 4218 1473 4273 iidem
1490 4221 1583 4276 sancti
1596 4221 1663 4279 editi
1676 4229 1743 4281 sunt

57 4287 166 4360 pimus,
180 4289 323 4362 inquibus
334 4290 412 4346 sitire
425 4293 636 4347 venerationem
649 4307 682 4346 ac
693 4290 875 4364 prudentiam
924 4305 1058 4346 canones.
1070 4289 1213 4345 Diabolica
1226 4305 1293 4344 vero
1301 4288 1429 4361 nequitia
1439 4289 1588 4364 plerosque
1601 4293 1743 4352 subtiliter

59 4361 873 4445 tnamapostolicainstitntalutdignumeratlcognorimus.
924 4361 1021 4416 lallare
1041 4359 1120 4428 solet,
1134 4365 1163 4415 et
1185 4360 1224 4414 ita
1244 4359 1434 4432 quorumdam
1456 4359 1496 4414 im
1517 4361 1677 4419 rudentiam
1690 4383 1742 4440 per

62 4428 123 4493 Ona
136 4429 171 4485 de
185 4447 216 4485 re
251 4431 363 4487 uaedam
381 4448 414 4488 ex
428 4432 474 4488 his
492 4449 556 4504 quae
575 4433 668 4505 petisti
686 4432 827 4501 nusimus,
847 4436 876 4488 et
924 4430 1139 4486 similitudinem
1151 4430 1263 4502 pietatis
1276 4429 1431 4502 sepissime
1446 4378 1547 4499 illusit,
1558 4437 1591 4488 ut
1602 4450 1655 4506 pro
1671 4437 1743 4493 salu·

61 4501 227 4571 quadama
268 4519 303 4557 uc
318 4519 384 4558 cnm
400 4504 509 4558 iteruin
527 4504 647 4571 miseris,
666 4504 780 4559 mittere
798 4519 833 4558 cn
855 4503 876 4558 i·
923 4501 1174 4557 taribusnocitura
1187 4501 1368 4572 persuadeat.
1384 4500 1491 4556 ldoirco
1510 4518 1610 4558 norma
1627 4512 1739 4562 sancto-

64 4585 135 4625 mus.
149 4571 264 4628 Nullum
276 4576 372 4630 umen
386 4590 405 4628 a
416 4574 491 4630 beati
504 4575 579 4630 Petri
590 4574 724 4647 principis
735 4519 875 4656 apostolia
924 4589 989 4628 rum
1002 4588 1142 4654 canonum
1156 4572 1206 4645 qui
1220 4577 1286 4657 sunt
1298 4571 1405 4698 Spiritu
1418 4571 1467 4626 Dei
1482 4573 1596 4654 conditi,
1610 4579 1638 4656 et
1652 4577 1740 4635 totius

66 4656 128 4696 runi
138 4641 194 4697 tine
202 4643 441 4715 predecessorum
453 4650 615 4702 nostrorum
627 4648 873 4719 praetermisimus,
923 4649 1082 4699 reverentia
1094 4647 1259 4706 consecrati,
1269 4643 1325 4698 lide
1336 4647 1390 4697 iter
1404 4642 1512 4697 anobis
1527 4648 1568 4699 est
1580 4647 1703 4716 scienda,
1711 4655 1740 4706 et

68 4710 102 4765 de
112 4727 228 4784 qnorum
240 4715 350 4771 statutis
361 4715 398 4770 ali
440 4715 469 4770 id
481 4715 534 4771 tihi
546 4732 599 4787 per
610 4715 793 4771 Ammoninm
806 4732 873 4788 pre·
924 4714 1075 4786 diligenter
1088 4713 1243 4782 tractanda,
1256 4728 1293 4768 ue
1303 4711 1402 4794 quovis
1414 4712 1501 4769 modo
1515 4719 1680 4772 sanctorum
1690 4719 1739 4775 Pa·

68 4779 205 4852 sbyterum
218 4789 247 4840 et
259 4785 381 4842 Felicem
413 4802 543 4841 iaconnm
556 4787 607 4842 sub
621 4787 705 4842 certis
722 4786 874 4858 signaculis
923 4790 1000 4840 tmm
1016 4787 1121 4840 statuta
1131 4785 1239 4856 absque
1252 4782 1406 4839 inevitabili
1415 4784 1581 4842 necessitate
1591 4789 1677 4859 (quod
1688 4790 1738 4846 ab·

70 4866 124 4931 nori
143 4855 326 4912 mitteremus.
347 4857 416 4922 Oura
433 4863 460 4913 te
478 4862 507 4913 et
524 4858 664 4914 custodire
689 4862 830 4930 optamus,
846 4860 875 4913 et
924 4856 968 4927 sit)
982 4855 1232 4936 transgrediamur,
1246 4855 1295 4936 sed
1312 4853 1474 4936 fidelissime
1486 4872 1586 4981 perra
1606 4860 1737 4930 gradien-

72 4921 127 4977 aliis
164 4925 323 4983 radicanda
344 4944 377 4982 ac
421 4927 573 4984 ublicanda
591 4928 767 4998 mandamus,
786 4930 820 4984 ut
838 4928 873 4983 ab
923 4931 975 4994 tes,
991 4943 1056 4982 cnm
1071 4942 1110 4980 eis
1130 4942 1178 5007 qui
1199 4941 1247 4980 eos
1272 4928 1409 4980 instinctu
1432 4942 1484 4981 con
1505 4926 1620 4984 iderunt
1644 4930 1738 4988 divino

74 4994 141 5073 omu'
163 5012 194 5052 ns
211 4997 343 5054 inviolate
361 4946 457 5055 deiita
467 4999 647 5056 veneratione
667 4997 872 5068 custodiantur,
923 4997 1062 5052 mercedis
1072 4997 1202 5077 gloriam,
1212 4999 1240 5051 et
1247 4995 1353 5051 laboris
1364 4996 1512 5052 cumulum
1521 5013 1621 5054 eorum
1631 5003 1740 5058 meritis

74 5065 99 5116 el
121 5067 247 5124 inviolate
270 5074 428 5141 serventur,
452 5075 536 5142 atque
561 5070 596 5124 ab
615 5071 748 5125 omnibus
770 5069 874 5125 tuturis
923 5068 1079 5123 auxiliante
1094 5067 1329 5123 Dominohabere
1341 5083 1512 5129 mereamur.
1525 5069 1739 5143 llisitaquerite

74 5137 234 5207 temporibus
262 5140 416 5212 diligenter
438 5147 617 5209 venerentur,
637 5141 704 5213 quia
723 5140 873 5197 violatores
922 5139 1094 5206 deliberatis,
1117 5142 1146 5193 et
1167 5137 1203 5192 ad
1225 5137 1409 5193 ecclesiarum
1430 5145 1586 5197 vestrarum
1608 5143 1738 5199 notitiem

75 5205 216 5264 voluntarie
228 5226 369 5267 canonum
384 5213 506 5283 graviter
519 5212 648 5267 asanctis
662 5211 789 5268 Patribus
799 5211 874 5281 judi·
923 5216 1020 5265 nostra
1033 5208 1236 5264 deliberatione
1250 5208 1376 5280 perlatis,
1390 5225 1490 5281 parare
1504 5227 1554 5266 ros
1572 5215 1739 5270 eorumdem

75 5282 170 5347 mahir,
187 5284 215 5335 et
231 5297 248 5335 a
264 5281 370 5354 Spiritu
388 5286 485 5338 sancto
500 5283 589 5354 (cujus
602 5282 738 5338 instinctu
751 5298 783 5337 ac
799 5281 873 5336 dono
924 5285 1084 5336 sanctorum
1096 5295 1236 5334 canonum
1245 5280 1352 5352 regulis
1362 5296 1541 5352 summopere
1554 5284 1693 5353 convenit,
1703 5301 1738 5339 ne

75 5343 157 5426 dictati
170 5352 243 5421 sunt)
256 5351 437 5424 damnantur,
449 5353 585 5426 quoniam
598 5353 799 5425 blasphemare
811 5352 871 5425 Spi·
922 5351 953 5406 iii
966 5351 1062 5423 aliquo
1076 5350 1117 5405 eis
1129 5349 1244 5406 obviare
1254 5350 1447 5422 quorumdam
1464 5352 1576 5424 ignavia
1588 5355 1679 5422 faciat,
1690 5354 1738 5410 scd

74 5420 149 5476 ntum
160 5426 290 5478 sanctum
303 5440 362 5479 non
377 5423 536 5496 incongrua
551 5424 690 5494 videntur,
708 5424 758 5495 qui
776 5429 873 5479 contra
906 5426 1014 5479 ,restra
1026 5421 1140 5496 sapiens
1156 5424 1185 5476 et
1205 5436 1273 5476 sana
1296 5421 1424 5477 doctrina
1437 5440 1500 5494 quae
1524 5425 1601 5495 cupit
1613 5440 1663 5479 vos
1687 5440 1740 5497 per

72 5491 175 5548 cosdem
187 5499 300 5551 sanctos
321 5511 445 5552 canones
463 5512 521 5551 non
541 5495 709 5553 necessitate
724 5492 871 5566 compulsi,
882 5525 913 5599 D
923 5493 1019 5549 omnia
1032 5491 1143 5573 placere
1157 5492 1216 5547 lleo
1231 5490 1287 5547 illis
1300 5491 1459 5550 coheredes
1474 5499 1502 5549 et
1523 5493 1739 5568 comparticipes

71 5561 112 5616 sed
139 5563 273 5635 libenter,
295 5571 326 5622 nt
352 5566 501 5638 praefixum
528 5572 586 5637 est,
610 5565 716 5638 aliquid
743 5567 874 5637 proterio
924 5562 1044 5620 caelestis
1057 5579 1140 5635 regni
1153 5562 1182 5617 in
1196 5563 1308 5618 sedibus
1320 5562 1419 5618 lideles
1432 5568 1629 5635 cooperatores
1642 5568 1738 5623 osten·

70 5639 159 5703 agunt,
171 5639 222 5692 ant
234 5636 313 5709 loqui
327 5640 515 5709 praesumunt,
535 5641 585 5693 aut
601 5637 697 5693 facere
714 5635 875 5692 volentibus
925 5634 983 5690 dat.
998 5635 1068 5691 Data
1091 5649 1136 5691 iri
1157 5633 1272 5691 Kalend.
1287 5633 1373 5702 Jnnli,
1389 5634 1519 5690 Gratiano
1541 5638 1570 5689 et
1593 5634 1691 5696 Ciritio
1707 5639 1741 5698 ll*

67 5711 158 5776 quom
176 5709 367 5765 mosantiunt.
386 5709 460 5765 Talis
483 5707 560 5764 enim
578 5707 764 5790 presumptio
781 5707 874 5763 mani·
926 5706 1099 5764 consulibus.

65 5774 126 5837 rso
136 5795 229 5837 unum
239 5795 330 5854 genus
338 5785 381 5838 est
392 5779 649 5855 blasphemantium
663 5779 800 5853 Spiritum
814 5794 876 5837 san·
