3870 6150
137 274 189 330 327
584 269 726 324 APPEND.
746 269 790 324 ΑΙ)
808 271 889 327 SAEC.
909 270 953 325 lx.
969 297 1004 308 -
1021 267 1145 325 uiuunt
1162 267 1375 326 suffusionis

136 379 273 452 episcopis
294 378 400 432 dictum
420 382 471 442 est,
493 359 585 446 placet
604 375 681 446 quod
703 376 839 430 sanctitas
858 380 951 431 vestra
961 381 1147 462 Acorreptus
1157 376 1252 444 suarii,
1264 377 1345 432 decet
1359 377 1456 450 utiquc
1466 379 1543 450 apud
1553 377 1637 435 vicine

135 472 296 528 necessario
309 487 363 526 nos
375 469 515 524 instruere
527 468 644 540 dignata
659 473 710 523 est.
1000 469 1136 541 conqueri
1162 475 1194 525 ut
1215 470 1250 524 ah
1272 470 1340 542 ipsis
1359 471 1420 542 ejus
1443 487 1527 526 causa
1549 470 1637 543 possit

170 567 201 619 V.
217 565 292 620 Felix
311 564 459 635 episcopus
475 561 707 623 selemselitanus
721 560 799 631 dixit,
823 562 908 617 etiam
926 562 949 616 si
999 578 1050 633 per
1060 562 1137 633 ipsos
1147 579 1198 619 suo
1212 562 1345 635 episcopo
1356 563 1534 619 reconciliari
1534 582 1549 636 3
1561 563 1637 636 quod

135 660 189 714 hoc
211 659 303 729 placet
326 655 469 711 sanctitati
489 660 589 710 vestras
611 653 745 723 insinuo,
763 659 795 709 nt
815 653 949 710 dioeceses
998 655 1048 710 sed
1061 655 1203 726 superbia,
1227 656 1305 727 quod
1325 656 1409 724 absit,
1428 657 1544 712 inflatus
1565 672 1637 713 secer

134 767 198 823 quae
212 764 359 821 nunquam
373 748 518 821 episcopos
534 750 716 819 acceperuut,
735 762 793 802 non
812 747 947 816 habeant,
997 748 1033 802 ab
1049 748 1174 819 episcopi
1188 747 1230 802 sui
1248 749 1451 805 communione
1466 750 1590 821 duxerit,
1611 767 1637 807 a<

134 848 164 899 et
174 844 223 898 illa
241 841 367 898 dioecesis
382 857 448 914 quae
466 840 616 912 aliquando
635 839 746 910 habuit,
765 839 867 895 haheat
881 855 947 911 pro·
998 857 1065 896 cum
1077 841 1216 913 aliquibus
1228 842 1350 896 schisma
1361 842 1467 898 faciens
1478 843 1637 899 sacrificium

131 938 239 1010 prium,
258 942 286 992 et
298 935 320 990 si
335 934 487 990 accedente
501 936 643 1005 tempore,
658 936 802 989 crescente
816 933 872 987 ilde
885 932 945 1000 Dei,
997 933 1071 1004 terit,
1095 934 1155 988 loco
1180 935 1286 988 amisso
1314 936 1469 990 anathema
1496 936 1637 992 habeatur

132 1031 253 1103 populus
262 1027 467 1101 multiplicatus
475 1025 677 1082 desideraverit
683 1025 832 1098 proprium
842 1025 947 1080 habere
999 1025 1120 1093 amittat,
1131 1025 1318 1082 nihilominus
1332 1031 1360 1081 et
1375 1028 1534 1083 decivitate
1550 1033 1579 1083 et
1590 1044 1637 1105 cor

132 1127 282 1190 rectorem,
297 1121 357 1192 ejus
370 1119 502 1175 videlicet
510 1119 665 1190 voluntate,
676 1119 706 1173 in
717 1119 797 1190 cujus
810 1120 948 1190 potestate
997 1119 1027 1173 in
1040 1136 1095 1191 qua
1109 1118 1206 1189 fuerit,
1222 1120 1336 1192 longius
1348 1121 1512 1193 repellatur,
1526 1137 1562 1177 ne
1580 1121 1624 1178 rel

132 1220 175 1271 est
186 1212 480 1282 dioeeesisconstituta,
490 1212 595 1268 habeat
605 1211 778 1284 episcopum,
789 1210 948 1266 secundum
997 1213 1042 1267 rel
1055 1212 1221 1284 simpliciter
1234 1213 1369 1279 viventes,
1388 1214 1552 1285 serpentina
1566 1215 1637 1270 fraus

131 1313 227 1365 autem
241 1309 315 1363 hanc
332 1305 565 1379 prosecutionem
580 1305 711 1361 sanctitas
723 1308 815 1362 vestra
827 1303 948 1360 aestimet
998 1305 1135 1378 quoniam
1149 1306 1305 1361 secundum
1314 1307 1490 1378 Apostolum,
1500 1307 1637 1363 Ecclesiae

132 1401 200 1474 quid
212 1400 274 1456 fieri
289 1400 402 1456 debeat.
417 1398 558 1456 Gcnedius
575 1397 724 1470 episcopus
742 1397 823 1464 dixit,
840 1396 862 1451 si
884 1396 946 1468 pla·
996 1398 1077 1468 fides,
1098 1415 1188 1454 unum
1209 1399 1359 1471 baptisma,
1384 1405 1413 1455 et
1433 1400 1456 1454 si
1479 1399 1637 1472 querimoni

130 1498 185 1565 cet,
201 1493 355 1549 insinuatio
369 1492 464 1548 fratris
478 1496 507 1548 et
521 1490 682 1564 coepiscopi
696 1489 784 1546 nostri
798 1488 896 1544 Felicis
911 1487 947 1543 ab
996 1491 1130 1547 adversus
1157 1491 1321 1564 episcopum
1348 1509 1407 1548 non
1436 1493 1580 1565 habuerit,
1607 1493 1637 1550 in

130 1587 262 1644 omuibus
276 1587 476 1653 confirmatum
487 1586 522 1641 ab
536 1583 678 1641 universis
687 1582 826 1656 episcopis
838 1582 946 1664 dictum
997 1585 1059 1640 erit.

131 1686 173 1738 est
183 1682 285 1754 placet.
1032 1679 1073 1734 lli.
1100 1678 1247 1734 Numidius
1280 1679 1428 1753 episcopus
1459 1678 1637 1737 Massilitanur

163 1775 207 1831 Vl.
233 1772 382 1829 Numidius
406 1768 752 1845 episcopusblassilitanus
770 1767 848 1837 dixit,
870 1755 1166 1843 pree-Bquibusdam
1179 1772 1249 1827 locis
1268 1778 1335 1828 sunt
1347 1771 1505 1846 presbytcri
1521 1773 1570 1846 qui
1587 1777 1637 1830 aut

127 1875 204 1926 terea
226 1870 293 1923 sunt
313 1865 517 1938 quamplurimi
537 1882 596 1920 non
617 1864 701 1920 bonas
722 1860 943 1919 conversationis
993 1864 1160 1937 simpliciter
1178 1871 1227 1921 aut
1245 1865 1456 1922 dissimulantes
1473 1867 1637 1940 audaciter}

126 1964 176 2036 qui
197 1961 361 2018 existimant
379 1959 501 2031 majores
519 1961 591 2014 natu
608 1957 652 2013 vel
671 1957 817 2029 episcopos
836 1953 942 2027 passim
993 1957 1152 2014 inconsulto
1163 1959 1295 2032 episcopo
1309 1960 1506 2032 complurimis
1520 1960 1548 2016 in
1565 1961 1637 2017 domi

126 2072 254 2129 vageque
275 2055 305 2110 in
324 2052 535 2109 accusationem
565 2049 729 2123 pulsandos,
757 2049 863 2106 debent
882 2050 943 2102 tam
992 2051 1114 2124 agenda,
1128 2052 1204 2124 quod
1217 2052 1374 2125 disciplinae
1387 2054 1577 2127 incongruum
1591 2070 1637 2128 cop

125 2150 209 2206 facile
230 2147 342 2203 admitti
375 2144 485 2201 necne?
515 2144 644 2199 Aurelius
674 2140 940 2215 episcopusdixit,
992 2144 1124 2201 sanctitas
1147 2150 1249 2201 vestra.
1277 2146 1420 2202 Gcnedius
1443 2148 1591 2220 episcopus
1613 2147 1637 2204 di

126 2244 219 2314 placet
230 2257 298 2312 ergo
311 2237 444 2294 charitati
456 2241 568 2304 vestrae,
584 2236 710 2309 alisqui
722 2235 864 2308 aliquibus
879 2250 940 2289 scc-
992 2240 1022 2292 et
1037 2239 1196 2310 coepiscopi
1218 2240 1306 2294 nostri
1322 2240 1408 2312 digna
1428 2240 1618 2297 satisfactione

127 2334 232 2391 teribus
247 2332 375 2388 irretitus
396 2335 439 2387 est
459 2346 559 2385 vocem
582 2329 717 2384 adversus
738 2328 861 2399 majores
872 2329 941 2383 natu
991 2345 1050 2385 non
1065 2347 1227 2397 moremur;
1252 2331 1288 2387 ab
1309 2332 1448 2387 universis
1469 2331 1609 2405 episeopis
1632 2352 1637 2386 t

128 2444 186 2483 non
199 2425 303 2482 habeat
314 2422 475 2491 accusandi,
486 2423 522 2477 ah
533 2421 672 2477 universis
681 2419 819 2494 episcopis
832 2420 940 2476 dictum
992 2423 1121 2495 quisquis
1139 2425 1290 2496 presbyter
1311 2425 1470 2481 inconsulto
1490 2425 1621 2498 episcopo

126 2525 179 2589 est,
204 2520 226 2575 si
252 2518 421 2574 criminosus
443 2521 500 2586 est,
525 2532 581 2571 non
604 2514 782 2585 admittatur,
808 2512 941 2569 omnibus
991 2516 1119 2586 quolibet
1138 2517 1198 2573 loco
1225 2518 1344 2574 voluerit
1370 2518 1527 2586 celebrare,
1552 2518 1637 2590 ipsel

125 2615 225 2685 placet.
990 2609 1149 2665 contrarius
1163 2610 1269 2667 existit.

160 2708 214 2762 vii.
239 2703 315 2761 Felix
338 2703 489 2776 episcopus
510 2700 739 2758 selemselitanus
761 2700 842 2767 dixit,
870 2698 940 2754 illud
1025 2703 1056 2757 x.
1085 2703 1160 2758 Felix
1182 2704 1331 2776 episcopus
1354 2705 1585 2761 selemselitanus
1606 2704 1637 2762 di

123 2804 330 2856 antemvestrae
345 2811 469 2868 suggero
484 2795 637 2866 sanctitati,
653 2797 685 2849 ut
699 2794 729 2848 hi
745 2794 796 2866 qui
808 2809 861 2864 pro
874 2792 940 2847 faci·
990 2796 1043 2851 hoc
1055 2796 1157 2867 adjicio
1174 2797 1332 2852 secundum
1347 2803 1453 2853 statuta
1466 2803 1593 2853 veterum
1612 2815 1637 2856 c<

125 2892 243 2950 noribus
256 2890 313 2946 suis
325 2889 361 2945 de
375 2888 499 2944 Ecclesia
509 2888 665 2961 pelluntur,
677 2887 773 2942 etaosi
783 2885 889 2941 luerint
903 2884 940 2939 ad
991 2895 1021 2945 ut
1035 2890 1058 2945 si
1071 2889 1134 2962 quis
1145 2890 1303 2962 episcopus,
1316 2891 1391 2963 quod
1406 2908 1464 2946 non
1479 2892 1637 2964 opinamur,

124 2985 291 3042 comitatum
307 2998 438 3056 pergere,
454 2981 660 3051 autadjudicia
673 2978 787 3052 publica
797 2977 938 3050 prosilire,
990 2983 1114 3056 aliquem
1140 2983 1311 3054 incurrerit,
1340 2991 1368 3039 et
1391 2985 1477 3040 fuerit
1501 2986 1527 3040 ei
1554 2985 1637 3041 nimia

124 3085 174 3135 aut
195 3076 219 3134 si
238 3076 358 3133 forsitan
380 3073 511 3130 Ecclesia
532 3073 679 3129 catholicae
698 3072 799 3128 limina
819 3075 938 3127 centur·
989 3093 1047 3131 non
1061 3093 1144 3148 posse
1163 3076 1302 3148 plurimos
1321 3094 1504 3150 congregare,
1524 3079 1609 3134 nain
1628 3095 1637 3135 c

124 3174 201 3240 bare,
226 3169 376 3243 episcopus
398 3167 442 3222 vel
468 3166 586 3222 clericus
609 3166 761 3237 cujuslibet
780 3164 870 3237 plebis
891 3119 1114 3237 eosCmeneat,
1135 3187 1152 3224 a
1176 3170 1328 3226 duodecim
1349 3171 1486 3243 episcopis
1505 3172 1637 3228 audiatur

123 3267 184 3321 sinc
208 3278 346 3320 consensu
374 3261 537 3332 susceperit,
571 3259 607 3315 de
635 3259 679 3314 his
704 3256 773 3332 quid
801 3257 940 3313 censetis?
990 3262 1172 3335 preshyteris,
1186 3267 1246 3318 eta
1265 3264 1353 3319 trihus
1366 3265 1533 3320 diaconibus
1546 3282 1637 3340 cum]

124 3357 280 3431 Epigonius
293 3355 442 3428 episcopus
457 3351 632 3408 bullensium
648 3351 802 3424 regionum
820 3350 903 3421 dixit,
917 3350 940 3405 si
990 3356 1133 3428 episcopo.
1160 3357 1305 3413 Gcnedius
1331 3358 1480 3431 episcopus
1500 3358 1581 3428 dixit,
1603 3376 1637 3432 qu

123 3452 187 3525 quis
205 3450 354 3523 episcopus
383 3446 616 3504 communionem
641 3450 742 3502 tenens
772 3443 941 3499 catholicam
990 3449 1058 3505 dicii
1072 3451 1204 3506 sanctitas
1218 3453 1382 3507 vestram
1395 3452 1532 3508 universis
1546 3453 1637 3526 apim

122 3543 286 3616 hujusmodi
301 3542 437 3598 homines
457 3539 535 3595 vanis
550 3537 756 3595 blandimentis
775 3537 940 3593 incedentes
990 3550 1042 3613 est,
1056 3561 1072 3598 a
1087 3543 1169 3598 nobis
1179 3547 1307 3600 veterum
1320 3547 1425 3600 statuta
1439 3546 1542 3602 dehere
1553 3562 1637 3603 ,em

122 3643 231 3694 temere
249 3634 416 3708 susceperit,
435 3633 504 3689 sciat
521 3649 588 3688 cum
606 3632 652 3688 his
669 3648 698 3688 sc
716 3631 872 3688 rectissime
889 3630 938 3686 de·
1025 3637 1067 3692 iil.
1085 3634 1148 3710 78
1163 3637 1257 3692 victur
1271 3638 1420 3710 episcopus
1433 3639 1637 3696 abziriditanus

122 3734 271 3805 praeatum
282 3729 327 3785 vel
339 3729 515 3784 damnatum.
536 3725 680 3783 Gcnedius
693 3725 844 3798 episcopus
859 3723 938 3791 dixit,
989 3728 1118 3784 horanda
1136 3734 1179 3784 cst
1200 3730 1388 3786 ecclesiastica
1410 3731 1567 3803 disciplina,
1590 3748 1628 3788 ne

122 3827 277 3899 crgorecte
298 3824 459 3896 suggerunt
480 3820 582 3876 iratres
601 3822 631 3874 et
648 3818 818 3892 coepiscopi,
839 3822 872 3873 ut
890 3815 939 3888 qui
990 3822 1187 3895 episcoporum
1200 3823 1317 3878 alterius
1324 3824 1420 3895 plebes
1432 3824 1476 3881 vet
1485 3824 1632 3881 dioecesim

122 3920 225 3977 merito
246 3917 407 3974 facinorum
426 3931 545 3971 suorum
569 3914 605 3970 ab
628 3912 751 3969 Ecclesia
769 3911 842 3984 pulsi
862 3914 938 3980 sunt,
989 3915 1111 3970 tunitate
1132 3916 1245 3987 pulsare
1267 3916 1381 3985 debeat,
1398 3918 1447 3989 qui
1468 3918 1523 3973 hoc
1544 3919 1637 3975 facere

122 4013 146 4070 si
164 4013 200 4069 ab
216 4012 311 4083 aliquo
331 4009 464 4081 episcopo
483 4009 650 4080 presbytero
661 4006 706 4060 vel
716 4004 819 4061 clerico
832 4003 941 4059 fuerint
990 4008 1232 4079 quemadmodum
1245 4010 1417 4066 coercendus
1426 4011 1489 4066 eslf
1499 4011 1637 4068 Gcnedius

122 4107 152 4161 in
176 4103 378 4160 communione
397 4099 529 4171 suscepti,
543 4100 631 4156 etiam
651 4097 795 4170 ipse-pari
818 4112 884 4152 cum
900 4095 940 4150 eis
990 4100 1070 4168 dixit,
1086 4105 1114 4156 et
1128 4103 1173 4156 lex
1186 4107 1280 4158 sancta
1299 4104 1441 4174 prohihet,
1460 4108 1489 4159 et
1504 4104 1565 4176 ipsa
1582 4107 1637 4162 Ver

123 4197 247 4254 erimine
259 4196 391 4252 teneatur
402 4192 551 4260 obnoxius,
565 4190 743 4263 refugientes
757 4189 801 4245 sni
814 4188 940 4261 episcopi
989 4210 1049 4250 non
1062 4194 1166 4250 debere
1176 4211 1351 4269 quemquam
1360 4198 1453 4253 aliena
1463 4199 1637 4270 concupiscet

124 4291 256 4365 regulare
275 4286 433 4359 judicium3
460 4285 497 4341 ab
516 4285 655 4342 universis
677 4283 814 4356 episcopis
831 4282 939 4338 dictum
990 4286 1059 4358 quid
1074 4287 1162 4343 etiam
1175 4288 1254 4344 vobis
1276 4289 1408 4345 omnibus
1427 4291 1537 4363 placeat
1552 4308 1637 4364 propr

125 4389 178 4455 est,
192 4381 325 4459 orpnibus
338 4381 441 4453 placet.
991 4384 1092 4452 gnate;
1108 4381 1144 4437 ab
1159 4382 1299 4437 universis
1309 4383 1448 4455 episcopis
1461 4384 1568 4440 dictum
1589 4391 1637 4455 est,

159 4478 222 4535 vlit.
243 4475 373 4549 Aliphius
390 4472 540 4546 episcopus
555 4471 687 4528 Ecclesiae
700 4469 880 4543 Tagastensis
897 4471 1432 4560 ¹0⁸1)⁰¹¹¹¹d¹¹¹¹¹divinffllessiset⁸⁴¹¹¹⁰¹i
1444 4478 1637 4550 Evangeliiau

126 4579 209 4647 gatus
218 4569 372 4644 provincias
382 4567 520 4624 Numidiae
533 4567 611 4636 dixit,
626 4582 677 4622 uec
686 4565 757 4621 illud
768 4564 939 4637 pretermit·
991 4572 1022 4622 ut
1034 4583 1120 4622 nemo
1135 4573 1265 4623 nostrum
1282 4569 1387 4624 alienos
1398 4570 1504 4626 limites
1513 4576 1637 4644 transgn

125 4665 245 4724 tendum
267 4667 320 4732 est,
335 4668 369 4719 ut
384 4661 485 4734 siquis
502 4661 577 4716 forte
592 4659 741 4733 presbyter
755 4657 791 4714 ab
807 4657 939 4730 episcopo
1024 4661 1077 4716 xii.
1091 4661 1240 4717 Numidius
1253 4662 1402 4734 episcopus
1419 4664 1606 4721 Massilitanus
1621 4665 1638 4721 d

125 4776 178 4817 suo
190 4760 338 4830 correptus
352 4761 402 4811 aut
413 4753 687 4825 excommunicatus,
703 4757 814 4810 tumore
831 4751 876 4807 vel
891 4767 938 4807 su·
990 4753 1116 4826 episcopi
1128 4756 1313 4826 usurpatione
1328 4757 1455 4827 quadam
1464 4752 1631 4815 'existimant

125 4851 353 4928 perbiainflatus,
361 4849 504 4922 putaverit
510 4849 667 4923 separatim
676 4847 798 4904 Domino
804 4845 940 4901 sacrificia
989 4847 1112 4920 primate
1123 4848 1272 4920 cujuslibet
1279 4850 1440 4923 provinciae,
1452 4851 1508 4906 sive
1520 4852 1555 4907 ad
1566 4851 1637 4908 desi(

126 4947 283 5015 offerenda,
296 4945 340 5000 vel
357 4943 436 4999 aliud
449 4942 620 5016 erigendum
633 4943 722 4997 altare
739 4945 838 4997 contra
849 4940 938 4996 eccle·
989 4941 1049 5014 puli
1059 4942 1222 5015 episcopum
1232 4942 1364 4999 ordinare
1378 4943 1437 4999 siue
1449 4944 1551 5000 litteris
1560 4945 1598 5001 ad
1611 4962 1637 5001 se

127 5041 267 5099 siasticam
281 5038 367 5094 fldem
381 5036 614 5108 disciplinamque
622 5033 773 5091 crediderit
784 5033 938 5105 agendum,
990 5035 1098 5091 thedrae
1112 5036 1302 5103 manantibus,
1313 5053 1406 5108 neque
1420 5042 1515 5110 postea
1529 5038 1637 5112 accepti

127 5152 184 5193 non
199 5137 281 5191 exeat
299 5132 467 5204 impunitus.
487 5130 653 5185 Valentinus
668 5127 771 5200 primes
786 5126 861 5182 sedis
872 5142 938 5198 pro·
990 5130 1045 5184 hoc
1072 5128 1170 5185 statuit
1197 5130 1330 5186 sanctitas
1353 5132 1466 5186 vestra?
1492 5132 1637 5189 Gcnedius

128 5230 227 5289 vincis
240 5226 378 5284 Numidia
398 5224 478 5292 dixit,
502 5222 660 5280 necessario
681 5219 837 5293 disciplinas
854 5221 941 5276 ecclc·
990 5222 1070 5292 dixit,
1081 5222 1216 5294 quoniam
1225 5223 1384 5280 communis
1393 5228 1437 5280 est
1445 5224 1637 5284 honorificent

125 5323 244 5383 sintice
267 5325 296 5377 et
318 5318 383 5375 fidei
406 5331 533 5388 congrua
556 5317 622 5371 sunt
644 5331 708 5388 quae
731 5315 819 5370 frater
845 5316 941 5369 noster
990 5315 1093 5387 cuique
1112 5316 1217 5370 servari
1233 5320 1352 5388 oportet,
1373 5317 1493 5389 idipsum
1515 5318 1637 5376 fraterni

127 5416 257 5492 aliphius
277 5417 442 5487 prosecutus
461 5412 522 5476 est,
545 5407 667 5482 proinde
690 5406 761 5480 quid
782 5406 885 5464 exinde
903 5407 941 5462 vi·
990 5408 1122 5465 convenit
1135 5410 1381 5481 pronuntiare3ab
1393 5411 1637 5484 universisepisco

125 5511 220 5578 detur,
237 5512 339 5564 vestire
362 5501 508 5561 dilectioni
530 5501 642 5570 edicite,
666 5500 773 5574 siquis
793 5500 941 5575 presbyter
990 5508 1042 5572 est,
1058 5502 1151 5574 placet
1164 5502 1306 5572 omuibus,
1327 5505 1358 5558 ut
1376 5503 1537 5561 inconsulto
1554 5505 1637 5577 primi

125 5609 225 5662 contra
242 5599 409 5674 episcopum
431 5610 516 5651 suum
539 5593 655 5651 inflatus
681 5594 804 5651 schisma
825 5595 939 5667 fecerit,
989 5596 1040 5652 het
1053 5595 1469 5669 prounciae,tamiaciiencm0
1484 5603 1637 5670 prasumat

126 5688 387 5760 condemnatum
405 5685 544 5744 universis
564 5686 703 5760 episcopis
715 5686 824 5743 dictum
841 5692 892 5744 est.
911 5686 940 5744 si
990 5689 1088 5745 multis
1105 5689 1243 5763 episeopis
1267 5690 1297 5745 in
1317 5706 1488 5764 quocunque
1508 5691 1573 5749 loco
1595 5692 1637 5749 sin

122 5783 186 5863 quis
195 5783 344 5858 presbyter
358 5799 375 5838 a
387 5781 538 5855 praeposita
553 5797 604 5837 suo
617 5779 881 5839 excommunicatus
896 5782 939 5836 vel
990 5782 1097 5838 dictum
1112 5787 1164 5851 est,
1178 5787 1318 5856 precepto
1335 5784 1499 5860 episcopum
1512 5784 1637 5843 ordinare
