3870 6150
121 280 173 335 ate
568 272 708 333 slehen.
730 269 773 331 nl)
792 274 872 332 SAEC.
895 274 937 328 iii.
950 301 984 310 —
1003 267 1125 325 lslbonl
1146 263 1356 326 uusscitunis

122 387 263 454 bensium,
277 385 363 440 Verus
388 383 545 456 episcopus,
560 384 651 439 liedes
674 384 821 455 exorcista,
842 400 875 440 ex
897 383 935 438 ci·
949 391 1090 464 Ascopus
1101 378 1182 448 juxta
1190 392 1326 450 magnam
1338 377 1479 450 synodum
1491 392 1553 434 csse
1566 377 1700 451 episcope

122 480 208 534 vitate
220 478 342 533 Vasione
359 478 493 532 Dammas
508 477 667 550 episcopus,
680 479 776 533 Victor
787 476 936 543 exorcista,
988 472 1102 528 debere.

123 589 157 628 ex
183 571 292 627 civitate
318 570 529 643 Aurasicorum,
555 571 705 627 Laustinus
732 571 881 644 presbyter
904 587 938 626 ex
1023 566 1077 621 vii.
1092 565 1120 620 Si
1134 564 1184 636 qui
1199 582 1229 619 se
1244 566 1349 621 carnali
1370 565 1439 622 vitio
1460 582 1623 640 repugnare
1647 581 1700 623 nes

123 669 216 737 porta,
231 664 411 719 innocentius
433 664 577 734 diaconus,
591 664 716 736 Agapius
739 664 888 734 exorcista,
904 680 939 720 ex
988 658 1167 724 abscindunt,
1183 658 1218 713 ad
1233 659 1340 714 clerum
1354 661 1504 732 pervenire
1516 678 1575 716 11011
1590 676 1700 732 possen

122 756 268 829 provincia
285 757 373 812 Gallia
386 755 506 812 civitatis
520 756 685 826 Remorum,
699 757 863 813 ibethanius
877 756 938 829 epi·
1025 753 1088 807 Vlll.
1109 751 1139 807 Si
1161 751 1224 823 quis
1244 753 1522 810 excommunicatum
1542 754 1661 809 alterius
1674 753 1700 809 si

123 868 234 922 scopus,
260 849 410 921 Prigenius
434 849 569 905 diaconus
591 867 626 906 ex
648 851 760 906 civitate
785 850 938 906 Rothoma·
989 845 1091 914 ricum,
1114 845 1171 901 sive
1192 846 1357 901 secularem
1381 847 1509 919 recipere
1531 852 1597 918 post
1618 847 1700 904 interl

124 943 266 1016 gensium,
277 943 430 998 avidamus
445 943 605 1016 episcopus,
615 944 739 999 Nicetius
748 943 895 1013 diaconus,
907 960 940 998 ex
989 938 1210 1012 presumpserit,
1223 937 1287 1013 90
1301 940 1413 995 noverit
1426 958 1455 996 se
1465 957 1547 997 reum
1565 939 1699 998 iratemit

123 1037 236 1091 civitate
257 1038 394 1108 hugueta,
410 1034 594 1108 idonupetius
617 1036 775 1109 episcopus,
795 1036 941 1091 Amandus
990 1035 1068 1088 ctum
1080 1049 1193 1088 causam
1206 1032 1235 1086 in
1249 1032 1367 1088 concilio
1380 1033 1571 1090 redditurum.

123 1130 281 1202 presbyter,
309 1128 454 1184 Filometis
483 1128 629 1200 diaconus,
650 1121 690 1186 ¹ex
709 1130 821 1186 civitate
847 1129 939 1185 iieiri·
1025 1127 1067 1180 ili.
1083 1126 1267 1182 Novatianum
1282 1126 1311 1180 in
1330 1126 1561 1184 communionem
1575 1127 1665 1199 recipi
1678 1144 1699 1183 n

125 1222 210 1291 dono,
226 1221 321 1277 votius
342 1222 500 1294 episcopus,
514 1223 631 1278 Pituiius
655 1223 800 1291 exorcista,
816 1240 852 1278 ex
873 1222 939 1277 ciri·
990 1219 1068 1286 bere,
1081 1219 1133 1273 nisi
1148 1225 1278 1291 suscepta
1291 1220 1459 1292 poenitentia
1472 1220 1700 1294 incredulitatisy

125 1320 183 1372 tete
196 1314 363 1387 Agrippina,
378 1316 518 1370 Maternus
528 1316 685 1388 episcopus,
696 1316 838 1372 iiaurinus
849 1316 942 1370 diaco·
991 1313 1063 1368 itum
1077 1312 1194 1369 damnet
1207 1329 1345 1370 errorem.

124 1426 189 1476 nus,
200 1408 942 1481 cxprovinciahquitanicacivitatisVagalii,Geninlis
1026 1407 1057 1460 ii.
1073 1408 1110 1461 ile
1127 1406 1172 1461 his
1184 1407 1234 1478 qui
1245 1408 1275 1462 in
1286 1408 1484 1479 persecutione
1502 1410 1680 1481 praevaricati
1693 1427 1700 1464 s

126 1503 286 1575 episcopus,
300 1518 335 1557 ex
348 1501 461 1557 civitate
476 1501 645 1575 Burdegaia,
662 1502 814 1559 Orienlaiis
834 1503 941 1574 episco·
991 1500 1148 1556 voluntarie
1163 1500 1249 1556 iidem
1266 1501 1443 1574 negaverint,
1459 1502 1514 1557 hoc
1528 1503 1563 1558 de
1576 1504 1616 1558 eis
1629 1502 1700 1558 Nice

125 1613 190 1668 pus,
204 1595 315 1650 Flavius
336 1595 479 1665 diaconus,
495 1611 530 1651 ex
550 1595 663 1651 civitate
684 1597 834 1664 Veronam,
848 1596 943 1650 Artius
990 1592 1083 1649 nodus
1095 1594 1201 1661 statuit,
1212 1598 1243 1649 ut
1259 1593 1387 1667 quinque
1401 1596 1485 1649 annis
1495 1595 1571 1650 iuter
1583 1595 1700 1651 catechu

127 1690 285 1762 episcopus,
302 1688 379 1744 Felix
394 1689 530 1744 exorcista
544 1706 577 1743 cx
592 1688 705 1744 civitate
726 1690 855 1758 Tholosa,
869 1690 940 1745 ider-
993 1691 1102 1757 exeant,
1115 1691 1144 1742 et
1154 1687 1224 1742 duos
1236 1687 1313 1742 inter
1324 1687 1624 1759 discommunicantes,
1636 1689 1700 1745 ilar

127 1783 206 1838 tinus
232 1781 391 1854 episcopus,
420 1781 554 1838 Leontius
578 1780 712 1838 diaconus
739 1801 774 1838 ex
799 1762 1158 1855 provinciailmunionem
1172 1780 1247 1836 inter
1260 1781 1429 1853 poenitentes
1444 1799 1500 1837 non
1517 1787 1700 1853 praesumant,

126 1874 246 1944 ilitania,
263 1875 384 1930 Eburius
399 1874 546 1948 episcopus
558 1892 592 1931 ex
606 1875 717 1933 civitate
734 1876 844 1946 Culnia,
857 1876 941 1932 idel·
991 1877 1094 1930 testate
1107 1877 1202 1929 tamen
1214 1875 1258 1929 vel
1272 1873 1389 1930 arbitrio
1406 1875 1459 1930 erit
1473 1875 1611 1948 episcopi,
1622 1879 1656 1931 ut
1668 1876 1693 1931 si

126 1969 184 2025 sius
209 1985 244 2024 ex
265 1966 375 2025 civitate
398 1968 603 2039 Romanorum,
629 1970 756 2026 Liberius
781 1971 940 2044 episcopus,
991 1967 1087 2022 animo
1099 1983 1228 2022 errorem
1240 1967 1344 2023 deflere
1355 1972 1383 2023 et
1392 1984 1478 2040 agere
1487 1967 1700 2041 poenitentiam*

126 2061 268 2118 Floneiius
308 2062 444 2118 diaconus
480 2079 513 2119 ex
544 2060 656 2118 civitate
689 2064 795 2134 Betiee,
822 2063 942 2120 Sabinus
992 2060 1015 2114 si
1029 2061 1064 2116 ad
1077 2059 1306 2117 communionem
1321 2060 1476 2134 inproprie
1491 2062 1609 2118 eeclesia
1622 2062 1691 2120 velit

125 2156 275 2229 presbyter
294 2172 328 2210 ex
351 2155 464 2211 civitate
490 2155 656 2224 Tarracone,
669 2157 809 2213 Probatus
823 2157 941 2229 presby·
992 2152 1079 2209 nitate
1097 2153 1247 2226 suscipere.

127 2253 181 2317 ter,
197 2246 339 2304 Castorius
363 2247 497 2303 diaconus
519 2264 554 2304 ex
580 2247 693 2305 civitate
714 2250 940 2322 Cesarauguste,
1026 2248 1068 2302 iil.
1084 2247 1112 2302 si
1125 2247 1175 2318 qui
1187 2263 1255 2302 raro
1266 2246 1364 2303 dolore
1376 2247 1442 2303 victi
1454 2253 1483 2303 et
1495 2250 1619 2321 pondere
1633 2265 1700 2322 pers

126 2339 321 2397 Clementinus
344 2339 504 2412 presbyter,
519 2340 644 2396 Rorinus
664 2342 805 2398 exorcista
826 2359 862 2401 ex
874 2343 940 2399 civi·
992 2339 1036 2395 nis
1048 2355 1153 2412 negare
1167 2345 1196 2396 ei
1209 2340 1364 2397 sacrificare
1386 2342 1525 2414 compulsi
1545 2344 1621 2411 sunt,
1635 2343 1700 2400 duo]

126 2437 183 2490 tate
206 2433 473 2506 Tebestigenstium,
497 2432 649 2491 'l'rimunus
671 2436 828 2509 presbyter,
848 2438 942 2493 Victor
992 2433 1035 2489 nis
1053 2433 1128 2490 iuter
1145 2434 1376 2503 catechumenos,
1393 2435 1516 2491 triennio
1540 2436 1618 2492 inter
1639 2453 1700 2509 poer

127 2527 264 2583 diaconus
277 2544 312 2583 ex
331 2527 475 2601 provincia
496 2528 662 2585 Mauritania
685 2530 860 2598 cesariensi,
874 2531 941 2586 For·
991 2527 1149 2583 habeantur
1162 2545 1179 2583 a
1194 2528 1395 2584 communione
1408 2529 1548 2601 suspensi.

125 2623 242 2677 innatus
256 2621 412 2694 episcopus,
428 2621 578 2678 Deuterius
600 2622 735 2679 diaconus
748 2640 783 2679 cx
796 2623 942 2697 provincia
1027 2623 1082 2676 iiii.
1098 2621 1138 2676 ile
1151 2621 1195 2676 his
1210 2621 1302 2693 quiin
1317 2622 1481 2694 poenitentia
1501 2623 1586 2695 positi
1607 2623 1697 2680 vitam

126 2713 264 2783 Sardinia,
291 2714 409 2779 Quintus
435 2715 593 2788 episcopus,
613 2716 771 2773 Admonius
793 2718 943 2791 presbyter
991 2716 1100 2782 serunt,
1109 2714 1225 2786 placuit,
1235 2715 1347 2770 nulium
1358 2715 1561 2772 communione
1571 2733 1694 2774 vacuum

127 2822 163 2863 ex
184 2807 328 2881 provincia
349 2807 454 2875 Africa,
468 2807 625 2864 Ceciiianus
645 2809 804 2882 presbyter,
819 2811 940 2884 Speran-
992 2807 1107 2875 dimitti,
1123 2808 1173 2863 sed
1191 2824 1245 2880 pro
1267 2824 1301 2864 eo
1324 2809 1399 2881 quod
1422 2810 1573 2867 honorarit
1595 2808 1700 2883 poenite

125 2901 182 2956 tius
197 2900 330 2956 mesenus
344 2917 380 2956 ex
398 2899 509 2957 civitate
532 2900 635 2972 Ouios,
649 2903 820 2976 Lampridius
835 2905 942 2977 episco·
993 2900 1097 2956 oblatio
1111 2898 1188 2955 iliius
1200 2901 1365 2973 recipiatur.

126 3011 180 3065 pus
202 3010 236 3049 ex
258 2992 369 3049 civitate
392 2992 482 3063 Utica,
497 2994 590 3050 Victor
605 2994 752 3069 episcopus
773 3013 806 3052 ex
829 2997 941 3054 civitate
1025 2994 1092 3051 liiii.
1116 2994 1214 3049 Nullus
1235 2995 1438 3068 cujuscumque
1464 2995 1572 3052 ordinis
1598 2997 1700 3054 clericu

128 3087 328 3157 beneventina,
344 3087 507 3143 Anastasius
522 3088 672 3162 episcopus
692 3106 727 3146 ex
751 3085 861 3146 civitate
875 3091 979 3207 Tur·C
994 3087 1143 3158 diaconus,
1156 3105 1213 3143 non
1223 3089 1379 3160 presbyter,
1388 3107 1445 3144 non
1457 3091 1615 3163 episcopus,
1628 3109 1700 3165 quac

126 3179 241 3249 bistina,
267 3180 384 3236 Faustus
410 3180 557 3254 episcopus
585 3199 619 3236 ex
646 3182 757 3240 civitate
783 3184 940 3256 Gocol'eitis,
993 3181 1139 3237 occasione
1159 3181 1290 3252 iaciente,
1311 3181 1459 3255 propriam
1481 3184 1627 3257 relinquat
1648 3186 1700 3241 ecel

128 3272 295 3345 Surgentius
307 3272 459 3347 episcopus
473 3291 507 3330 ex
529 3275 673 3346 Numidia,
686 3275 781 3333 Victor
792 3277 942 3351 episcopus
991 3275 1041 3332 sed
1057 3274 1221 3331 omnimodo
1235 3283 1284 3332 aut
1296 3277 1570 3348 excommunicetur,
1585 3284 1635 3334 aut
1652 3278 1700 3335 red

127 3381 160 3423 ex
184 3364 295 3423 civitate
318 3366 491 3438 virensium,
511 3368 608 3424 vitalis
632 3368 782 3444 episcopus
804 3387 837 3427 ex
857 3375 943 3445 portu
992 3373 1087 3442 gatar.
1097 3371 1178 3436 Quod
1188 3371 1318 3443 siaiiquis
1328 3372 1562 3429 commorationis
1570 3375 1700 3445 tempore

127 3459 205 3517 urbis
216 3461 323 3530 iiomoe,
336 3457 488 3534 Gregorius
512 3458 661 3537 episcopus
681 3480 714 3519 ex
734 3465 940 3536 Centumceiiis,
992 3464 1700 3539 episcoposuo,inalienaecciesiahabitans,abe1

128 3554 256 3627 Epitaius
277 3546 423 3628 epis‘copus
447 3572 483 3611 ex
503 3556 617 3613 civitate
631 3557 753 3627 Osiensi,
768 3558 901 3616 Leontius
914 3564 943 3615 et
991 3557 1045 3614 loci
1060 3559 1176 3615 clericus
1196 3559 1285 3617 luerit
1308 3561 1465 3631 ordinatus,
1479 3559 1645 3632 hujusmodi
1665 3576 1700 3616 or

127 3646 284 3704 ldechariue
303 3648 471 3722 presbyteri.
991 3651 1071 3708 irrita
1088 3653 1237 3709 habeatur.

163 3745 183 3798 l.
199 3740 331 3799 Ordinari
346 3737 383 3798 ad
401 3742 569 3801 diaconatus
581 3746 627 3801 vei
646 3745 795 3803 sacerdotii
816 3747 942 3804 efficium
1027 3744 1092 3803 iiiii.
1110 3746 1138 3802 Si
1152 3745 1214 3819 quis
1227 3748 1345 3804 clericus
1360 3747 1508 3821 pecuniam
1523 3746 1602 3804 dedit
1621 3743 1658 3803 ad
1677 3765 1700 3804 u:

126 3836 295 3909 neophitum
312 3853 371 3893 non
383 3837 496 3894 dehere.
947 3872 953 3879 ·
993 3843 1042 3896 eut
1055 3841 1211 3896 conductor
1222 3841 1322 3897 aliene
1333 3842 1374 3897 rei
1383 3842 1505 3897 voluerit
1521 3858 1592 3911 esse,
1603 3844 1653 3897 aut
1665 3843 1699 3898 tu

164 3933 196 3987 ii.
213 3931 323 3989 Assumi
336 3932 462 4004 aliquem
476 3932 511 3988 ed
524 3932 719 3990 sacerdotium
738 3951 798 3990 non
812 3952 896 4008 posse
912 3935 942 3991 in
993 3931 1033 3987 cri
1048 3933 1139 4004 gratia
1153 3933 1269 4006 aliquod
1285 3952 1375 4007 genus
1387 3935 1589 4007 negotiationis
1602 3950 1700 3990 exerce

127 4024 254 4097 conjugii
276 4025 387 4080 vinculo
407 4025 605 4096 constitutum,
620 4027 672 4082 nisi
693 4027 780 4083 lrrerit
802 4028 944 4100 promissa
993 4025 1101 4097 positus
1114 4043 1131 4081 a
1144 4027 1228 4095 ciero,
1244 4027 1472 4084 acommunione
1485 4028 1597 4082 alienus
1612 4027 1700 4084 hahee

128 4119 280 4174 conversio.
1029 4119 1083 4175 liv,
1097 4119 1128 4174 ln
1147 4123 1298 4178 secretario
1319 4122 1452 4178 diaconos
1470 4121 1545 4177 inter
1563 4120 1700 4194 presbyte

165 4213 209 4268 iii.
223 4212 253 4268 Si
265 4210 330 4283 quis
343 4211 379 4267 de
390 4211 500 4267 clericis
511 4228 529 4267 a
541 4211 630 4284 gradu
643 4211 806 4270 diaconmus
820 4213 850 4270 in
870 4214 942 4271 sola·
993 4213 1061 4269 dere
1075 4229 1133 4269 non
1148 4214 1239 4285 liceat,
1254 4217 1296 4272 rel
1310 4234 1412 4289 corpus
1424 4215 1526 4271 Christi
1539 4219 1680 4287 presente
1696 4232 1700 4288 1

128 4305 168 4361 tio
184 4321 235 4359 suo
256 4299 406 4360 mulierem
420 4311 526 4378 praeter
537 4304 640 4375 anam,
657 4312 790 4377 matrem,
805 4325 942 4377 sororem,
993 4311 1056 4363 iero
1069 4309 1183 4364 tradere
1205 4322 1263 4364 non
1285 4315 1469 4380 presumant,
1484 4308 1559 4381 quod
1579 4308 1602 4364 si
1626 4309 1700 4365 fecer

128 4398 227 4467 filiam,
240 4399 366 4471 neptem,
380 4399 426 4454 rei
450 4415 617 4454 conversam
639 4415 736 4456 secum
756 4414 874 4458 uxorem
891 4402 942 4457 ha·
994 4401 1087 4457 cilicio
1101 4401 1267 4458 diaconatus
1289 4402 1452 4459 abscedant.

128 4491 197 4550 bere
215 4491 471 4568 presumpserint
488 4493 690 4550 communione
714 4496 824 4552 alienus
844 4496 985 4583 habea-D
1030 4495 1093 4550 iiiii.
1115 4491 1275 4550 Fotinianos
1294 4496 1351 4551 sive
1375 4494 1562 4551 paulianistas
1583 4490 1700 4553 secundi

128 4594 189 4656 tur3
200 4605 252 4661 par
261 4604 374 4661 quoque
387 4592 415 4643 et
424 4587 578 4644 mulierem
589 4587 621 4660 isi
631 4605 660 4646 sc
673 4605 802 4661 seperare
814 4591 944 4662 nolucrit)
995 4591 1073 4643 trum
1086 4590 1192 4645 statuta
1203 4587 1342 4661 baptizari
1354 4592 1477 4662 oportet.

128 4698 213 4754 poena
226 4682 371 4754 percellet.
1029 4681 1105 4736 liVii.
1122 4681 1302 4738 bononianos
1313 4686 1408 4739 atatem
1423 4700 1457 4739 ex
1472 4682 1575 4739 eodem
1587 4699 1687 4740 errore

164 4777 207 4831 iii.
222 4775 321 4831 Nullus
345 4777 490 4848 diaconus,
505 4775 548 4832 rel
561 4773 718 4849 presbyter,
733 4778 776 4834 rei
796 4776 946 4852 episcopus
995 4779 1036 4831 tes
1050 4775 1129 4848 (quos
1142 4775 1214 4831 sicut
1225 4777 1344 4833 hunnos
1356 4777 1493 4850 baptizari
1508 4778 1538 4832 in
1558 4777 1699 4833 Trinitate

129 4869 284 4925 adceiierii
299 4872 439 4926 secretum
458 4869 632 4926 intromittet
661 4872 786 4944 puellam
805 4874 848 4928 rei
861 4873 944 4944 inge·
994 4869 1100 4924 fesium
1113 4869 1164 4942 est)
1179 4871 1246 4926 dum
1266 4871 1436 4944 interrogati
1450 4871 1536 4927 fidem
1556 4877 1685 4927 nostram

129 4977 227 5034 naam,
243 4963 288 5020 rel
302 4964 444 5021 ancillam.
995 4964 1082 5020 corde
1106 4965 1226 5020 confessi
1249 4965 1367 5034 fuerint,
1390 4981 1455 5022 cum
1478 4964 1630 5021 chrismate
1655 4968 1686 5020 et

164 5060 196 5114 V.
210 5057 308 5113 Nullus
322 5056 471 5131 episcopus
484 5058 545 5115 sine
557 5054 769 5132 metropolitani
791 5053 943 5133 permissu,
994 5058 1178 5131 impositione
1196 5055 1225 5113 in
1240 5056 1357 5115 ecclesia
1368 5060 1456 5131 recipi
1471 5057 1583 5115 sufficit.

127 5170 182 5213 nec
204 5152 355 5225 episcopus
369 5153 606 5223 metropolitanus
621 5153 683 5208 slne
695 5153 786 5209 trihus
807 5154 945 5227 episcopis
1029 5151 1117 5208 liViii.
1133 5152 1174 5207 hd
1187 5152 1358 5209 Arelatensis
1373 5152 1497 5225 episcopi
1516 5151 1668 5208 arbitrium
1687 5169 1700 5208 s

128 5245 749 5321 comprovincialibus,presumatepiscopum
759 5247 945 5316 ordinaretis
995 5251 1037 5302 est
1049 5245 1259 5318 congreganda,
1271 5246 1308 5300 ad
1319 5263 1406 5318 quarn
1415 5246 1516 5302 urbem
1523 5262 1556 5302 ex
1568 5245 1700 5301 omnibus

129 5348 162 5400 ut
172 5340 219 5398 elii
231 5339 482 5413 comprovinciales
497 5340 625 5412 epistolis
637 5340 856 5412 admoneantur,
867 5348 900 5398 ut
914 5359 944 5397 se
995 5339 1122 5411 partibus
1132 5339 1278 5395 subsancti
1288 5340 1400 5395 idertini
1414 5343 1542 5412 tempere
1555 5339 1700 5411 legimusc

128 5454 180 5492 suo
192 5451 329 5509 responso
351 5432 526 5490 consensisse
547 5433 719 5506 significent.
732 5434 813 5500 Quod
826 5435 850 5492 si
868 5436 945 5492 inter
994 5439 1055 5489 tum
1069 5433 1153 5489 luisse
1167 5433 1318 5489 concilium
1334 5438 1419 5505 atque
1432 5435 1613 5503 conventum,
1625 5431 1649 5488 si
1661 5448 1700 5507 qn

129 5535 224 5603 partes
238 5529 335 5601 eliqua
346 5527 434 5585 luerit
445 5527 584 5584 dubitatio
595 5527 697 5600 majori
711 5535 945 5587 numeremetro·
994 5527 1119 5585 monitus
1139 5527 1314 5584 infirmitatis
1333 5545 1417 5584 causa
1437 5527 1570 5598 deluerit,
1584 5542 1700 5600 persons

128 5623 271 5695 politanus
286 5623 315 5678 in
329 5621 468 5679 electione
483 5621 649 5679 consentiat.
994 5638 1044 5678 sua
1058 5621 1173 5694 dirigat.

165 5702 209 5772 Vi‘.
227 5715 297 5772 iilud
309 5722 406 5773 autem
420 5720 487 5773 ante
500 5715 596 5772 omnia
609 5716 721 5790 clareat,
739 5734 805 5775 eum
820 5718 870 5792 qui
883 5718 944 5776 sine
1029 5715 1093 5771 iiiii.
1108 5715 1136 5772 Si
1152 5716 1215 5789 quis
1231 5723 1326 5772 autem
1346 5715 1442 5773 adesse
1454 5711 1619 5787 neglexerit,
1636 5713 1689 5771 aut

131 5807 302 5870 conscientie
334 5809 545 5889 metropolitani
573 5810 742 5869 consulatus
768 5810 855 5870 fuerit
881 5811 942 5890 epi·
993 5809 1468 5888 inuam,antequamdissolvetur
1481 5807 1700 5885 conditurum
