3870 6150
631 296 867 356 bncnettttott
887 300 1081 357 Ctitlnctto.
1642 311 1694 364 898

105 404 185 461 Unde
201 408 230 457 et
247 405 375 459 diabolus
399 407 492 462 bonus
506 412 588 475 esset,
605 410 627 462 si
649 409 678 463 in
698 426 731 463 eo
755 410 829 481 quod
841 409 1447 493 Aterqriodanimaehominurnpriusquam
1459 413 1696 484 suisinspirarrn-

114 501 158 551 est
170 504 363 568 permaneret.
380 499 435 554 Sed
450 501 515 571 quia
529 503 652 557 naturali
666 503 830 559 excellentia
880 508 927 557 tur
941 501 1107 573 corporibus
1120 516 1177 557 non
1190 503 1271 557 fuere
1289 520 1341 558 nec
1357 503 1392 557 ab
1406 504 1465 559 ullo
1478 506 1698 576 incorporantur

105 607 171 645 usus
184 596 236 658 est,
251 596 280 646 et
297 592 457 648 inveritate
473 610 532 649 non
545 595 633 662 stetit,
647 613 703 651 non
719 597 748 651 in
761 613 828 651 con·
881 594 934 649 nisi
953 594 988 648 ab
1004 595 1105 666 opitice
1127 595 1195 664 lleo,
1209 595 1257 666 qui
1279 599 1307 650 ct
1329 597 1457 668 ipsarum
1479 602 1521 653 est
1543 601 1655 653 creator
1668 603 1697 654 et

104 699 133 738 m
147 685 260 740 transiit
274 685 473 753 substantiam,
485 687 534 742 sed
546 706 562 743 a
572 705 686 745 summo
700 690 828 746 bonocui
880 704 1045 759 corporum.
1067 689 1111 753 Et,
1127 689 1194 759 quia
1215 706 1268 760 pcr
1287 689 1372 760 primi
1391 690 1515 745 hominis
1529 692 1694 762 prevarica-

103 777 268 833 tadhaererc
283 778 408 847 descivit,
419 780 555 853 sicutipsi
565 783 615 854 qui
625 783 692 838 talia
701 789 831 840 asserunt
881 781 1000 850 tionem,
1018 784 1079 836 tota
1100 780 1220 836 humani
1243 782 1355 854 generis
1379 799 1508 855 propago
1529 783 1629 839 vitiata
1649 785 1695 851 sit,

103 887 113 925 ι
124 870 155 925 in
168 871 241 926 falsa
254 877 408 943 proruunt,
419 876 448 928 et
464 879 595 930 naturam
610 876 640 930 in
650 893 684 932 eo
695 884 829 949 arguunt,
881 873 1029 930 neminem
1038 890 1122 945 posse
1133 874 1319 931 aconditione
1327 876 1428 932 veteris
1438 876 1561 932 bominis
1570 877 1695 948 liberari,

103 979 125 1019 ιο
146 969 246 1036 sponte
268 965 448 1038 delinquunt,
469 985 501 1022 ac
523 985 576 1040 pro
600 987 650 1024 sua
673 970 830 1026 voluntaria
880 966 934 1021 nisi
955 982 1007 1038 per
1026 972 1234 1022 sacramentnm
1257 967 1433 1039 baptismatis
1458 968 1572 1038 Christi,
1588 971 1617 1026 in
1638 987 1695 1043 qno
1748 1012 1755 1027 ι

103 1056 197 1112 rsitate
220 1058 400 1114 damnantur.
422 1061 505 1124 Quod
526 1062 624 1134 utique
638 1063 667 1118 in
681 1064 748 1135 ipsis
768 1081 829 1120 ma·
881 1059 960 1115 nulla
984 1063 1027 1115 est
1047 1059 1180 1116 discretio
1203 1066 1380 1128 renatorum,
1403 1061 1514 1118 dicente
1533 1065 1666 1134 apostolo
1687 1082 1694 1120 ι

103 1151 153 1218 rit,
169 1154 199 1205 et
210 1151 303 1222 ipsum
323 1153 431 1208 malum
450 1171 509 1209 non
526 1155 580 1209 erit
595 1156 764 1226 substantia,
782 1158 830 1213 sed
882 1174 896 1201 ιι
905 1152 1071 1225 Quicunque
1081 1153 1158 1208 enirn
1172 1152 1201 1208 in
1209 1153 1321 1209 Christo
1329 1153 1464 1226 baptizati
1474 1155 1541 1210 estis
1551 1155 1695 1212 Christum

108 1245 282 1301 substantiae.
880 1245 1020 1302 induistis.
1038 1247 1102 1301 Non
1125 1251 1169 1301 est
1188 1245 1303 1302 ludaeos
1323 1262 1417 1319 neque
1438 1247 1562 1317 Graecus,
1576 1265 1634 1304 nou
1654 1254 1698 1305 est

116 1338 246 1410 Septimo
257 1339 319 1393 loco
332 1339 462 1409 sequitur
473 1342 551 1412 quod
564 1343 679 1414 nuptias
693 1344 831 1400 damnant
880 1355 976 1394 servus
990 1355 1083 1411 neque
1096 1339 1178 1407 liber,
1190 1346 1301 1395 nonest
1314 1341 1456 1395 masculus
1467 1357 1561 1412 neque
1572 1343 1696 1410 femina,

103 1432 282 1487 creationem
295 1432 474 1487 nascentium
489 1434 720 1506 perhorrescunt.
731 1439 762 1493 ln
772 1453 830 1510 quo
881 1448 983 1487 omnes
1002 1434 1079 1487 enim
1101 1449 1192 1488 tinum
1214 1433 1281 1489 estis
1304 1434 1334 1489 in
1357 1433 1468 1491 Christo
1488 1436 1555 1491 lesu
1570 1436 1640 1507 (Col.
1656 1453 1695 1505 ιιι,

103 1540 172 1598 pene
187 1525 215 1579 ιιι
230 1524 362 1580 omnibns
379 1541 445 1580 cum
462 1525 684 1584 Manichaeorum
702 1530 829 1602 profani·
879 1528 923 1594 27,
937 1527 992 1598 28).
1007 1547 1020 1574 ιι
1036 1526 1110 1591 Quid
1132 1527 1211 1581 enim
1233 1530 1324 1598 agunt
1347 1544 1446 1582 cursus
1468 1528 1606 1597 siderum,
1626 1530 1694 1601 quid

103 1618 268 1674 ancordant.
286 1617 353 1673 ldeo
367 1617 438 1674 sicut
450 1620 578 1692 ipsorum
599 1639 695 1679 mores
706 1624 832 1696 probant
879 1617 1016 1690 figmenta
1028 1619 1240 1691 fatornm,quid
1253 1619 1465 1675 mundanarum
1476 1637 1570 1676 rernm
1581 1622 1696 1677 mobilis

103 1712 193 1784 galeni
212 1712 342 1782 copulam
358 1712 542 1781 detestantes;
557 1715 624 1788 quia
639 1733 696 1772 non
716 1722 758 1773 est
774 1718 830 1773 illic
879 1714 980 1782 status,
992 1711 1122 1784 inquieta
1135 1712 1303 1767 diversitas?
1316 1714 1386 1768 Ecce
1401 1718 1443 1769 tot
1463 1713 1586 1785 impares
1604 1717 1696 1786 gratia

103 1821 130 1860 as
141 1803 326 1876 turpitudinis
338 1805 388 1859 ubi
404 1807 495 1877 pudor
509 1808 684 1864 matrimonii
700 1803 867 1876 serraturB
879 1805 929 1860 Dei
942 1805 1010 1861 iacit
1021 1805 1153 1878 aequales,
1169 1807 1219 1877 qui
1231 1806 1307 1862 inter
1319 1806 1460 1878 quoslibet
1471 1807 1536 1863 ritae
1550 1808 1636 1879 hujus
1652 1809 1694 1864 la·

103 1898 170 1954 olis.
880 1900 963 1954 bores
976 1898 999 1954 si
1011 1898 1110 1955 fideles
1122 1904 1306 1971 permanent,
1316 1900 1413 1955 miseri
1426 1916 1553 1956 essenon
1566 1909 1694 1972 possunt,

103 1995 115 2048 ζ.
129 1991 268 2047 Octavum
285 2008 386 2048 eorum
400 2000 443 2049 est
456 1995 675 2066 plasmationem
688 1996 829 2052 humano-
880 1991 1066 2064 apostolicum
1079 1993 1148 2048 illud
1164 1993 1194 2048 in
1204 1993 1362 2049 tentatione
1375 1993 1501 2050 dicentes
1515 2009 1522 2047 ι
1540 2016 1554 2044 «
1569 1995 1635 2060 Quis
1644 2011 1696 2051 nos

103 2101 251 2157 corporum
276 2085 384 2142 diaboli
408 2087 501 2143 dicere
523 2104 583 2144 esse
606 2090 787 2162 figmentum,
803 2096 831 2147 et
879 2086 1196 2157 separabitacharitate
1208 2086 1336 2142 Christi?
1347 2087 1492 2142 tribulatio
1504 2103 1540 2142 an
1551 2090 1693 2160 angustia,

103 2195 124 2234 ιιι
135 2180 355 2250 conceptionum
371 2197 456 2252 opere
475 2181 640 2238 damonum
655 2183 685 2239 in
701 2184 831 2239 mulieris
879 2196 915 2233 an
931 2179 1101 2251 persecutio,
1118 2195 1156 2234 an
1170 2180 1271 2251 tames,
1283 2196 1321 2235 an
1338 2180 1460 2250 nuditas,
1474 2197 1512 2236 an
1525 2181 1695 2253 periculum,

111 2271 241 2344 figurari.
253 2275 405 2346 Propterea
420 2277 657 2332 resurrectionem
668 2277 762 2332 carnis
770 2294 830 2333 non
880 2290 915 2327 on
940 2273 1071 2344 gladius?
1093 2273 1172 2329 Sicut
1192 2274 1328 2345 scriptum
1357 2277 1409 2345 esi,
1436 2273 1644 2347 quiapropter
1669 2283 1696 2331 te

103 2365 280 2436 credendam,
299 2367 366 2438 qnia
389 2369 549 2425 concreatio
570 2370 696 2443 corporis
715 2387 772 2427 non
795 2372 831 2426 sit
881 2371 973 2423 morte
992 2366 1132 2422 afficimur
1154 2372 1212 2422 tota
1235 2367 1292 2435 die,
1307 2367 1440 2422 aestimati
1462 2384 1561 2423 snmus
1579 2374 1610 2423 ut
1630 2386 1696 2425 oves

103 2475 175 2515 nens
190 2460 292 2515 animae
308 2461 451 2533 dignitati.
466 2463 534 2527 Qua
549 2463 657 2519 falsitas
670 2464 731 2519 sine
745 2464 831 2520 dubio
881 2459 1037 2515 occisionis.
1051 2460 1104 2516 Sed
1122 2461 1151 2515 in
1168 2460 1213 2515 his
1226 2460 1359 2516 omnibus
1374 2477 1542 2532 superamus
1555 2462 1585 2516 in
1598 2478 1632 2518 eo
1646 2464 1695 2534 qui

103 2552 830 2629 liuboliest,ettaliaprodigiaopinionumtiginenta
880 2570 934 2608 nos
956 2553 1055 2609 dilexit
1068 2554 1152 2624 (Rom.
1175 2571 1233 2620 vni,
1255 2557 1299 2621 35,
1315 2557 1370 2625 36).
1387 2576 1401 2603 ιι
1422 2557 1456 2610 Et
1476 2555 1541 2611 ideo
1564 2556 1694 2624 Ecclesia,

103 2646 273 2714 lemonum,
290 2647 340 2719 qui
360 2664 418 2703 non
442 2648 471 2703 in
494 2650 665 2705 feminarum
686 2651 831 2707 vennibus
881 2663 945 2718 qnae
957 2663 1061 2718 corpus
1074 2651 1117 2702 est
1129 2646 1242 2714 Christi,
1253 2646 1324 2701 nihil
1337 2648 1372 2701 de
1385 2647 1487 2702 mundi
1500 2648 1697 2720 iuceqrralitati·

103 2739 293 2807 nthomines,
305 2741 392 2796 sedin
407 2742 606 2798 hereticorum
620 2744 754 2799 cordibus
763 2745 831 2800 tates
880 2740 932 2795 bus
947 2741 1060 2808 metuit,
1074 2756 1138 2811 qum
1151 2740 1221 2795 nihil
1238 2740 1273 2795 de
1287 2740 1370 2795 bonis
1384 2741 1582 2813 corporalibus
1594 2758 1696 2798 concu-

103 2834 189 2887 rntnr
203 2849 323 2900 errores,
337 2834 419 2899 Quod
431 2835 690 2891 immundissimum
704 2837 782 2892 virus
795 2837 831 2892 de
881 2833 973 2904 piscit.
988 2834 1043 2889 Nec
1058 2833 1177 2889 timetur
1190 2833 1269 2889 inani
1290 2834 1412 2906 strepitu
1431 2835 1556 2890 fatorum
1573 2838 1694 2904 gravari,

104 2926 175 2980 hiem
203 2925 357 2997 impietatis
382 2928 542 3000 specialiter
565 2929 643 2985 tonte
665 2931 829 3002 procedens,
880 2943 945 2999 quae
959 2927 1093 2999 patientia
1107 2928 1322 2982 tribulationum
1337 2929 1415 2983 norit
1429 2929 1540 3000 angeri.

103 3018 165 3074 ides
178 3019 315 3074 catholica
327 3021 514 3092 deprehendit
525 3026 610 3094 atque
622 3022 777 3079 damnarit.
916 3021 958 3076 lll.
972 3020 1128 3076 Undecima
1145 3021 1271 3092 ipsorum
1294 3021 1471 3093 blasphemia
1484 3028 1537 3092 est,
1550 3039 1608 3094 qua
1622 3025 1696 3080 fata·

104 3112 188 3168 Nona
201 3118 297 3168 antem
316 3114 463 3170 adnotatio
481 3117 648 3172 manifestat
668 3116 744 3188 quod
760 3117 831 3172 tilios
880 3114 955 3169 libus
965 3114 1051 3169 stellis
1062 3114 1207 3169 etanimas
1217 3114 1367 3169 bominum
1376 3119 1530 3188 etcorpora
1540 3116 1697 3188 opinantur

103 3205 210 3261 issionis
231 3223 265 3260 ex
288 3207 456 3264 mulieribus
479 3209 595 3280 quidem
618 3216 710 3278 natos,
728 3211 777 3265 sed
797 3175 868 3266 exC
881 3208 1010 3280 astringi,
1026 3223 1175 3279 perquam
1189 3207 1345 3263 amentiam
1359 3224 1475 3264 necesse
1491 3212 1544 3277 est,
1562 3214 1593 3264 ut
1605 3212 1697 3267 omni·

103 3303 229 3355 usancto
242 3299 339 3356 dicant
357 3317 418 3357 esse
432 3308 592 3375 conceptos,
608 3320 645 3358 ne
659 3303 707 3359 illa
722 3303 832 3359 soboles
880 3302 934 3357 bus
946 3316 1123 3373 paganorum
1147 3300 1292 3357 erroribus
1306 3300 1444 3373 implicati
1457 3305 1486 3358 et
1504 3302 1629 3358 faventia
1643 3305 1695 3360 sibi

103 3392 129 3448 le
145 3393 238 3448 carnis
253 3395 361 3450 semine
380 3396 506 3452 nascitur
519 3397 557 3452 ad
570 3395 620 3453 [ici
637 3397 830 3454 conditionem
881 3398 923 3465 tut
943 3394 1055 3467 putant)
1072 3393 1168 3450 sidera
1190 3394 1292 3464 colere,
1315 3398 1344 3448 et
1363 3395 1542 3450 adversantia
1564 3397 1697 3452 studeant

103 3501 158 3542 rere
173 3487 311 3542 videatur.
326 3488 406 3552 Quod
424 3490 570 3546 catholicae
584 3489 651 3546 fidei
665 3506 831 3563 repugnans
880 3488 1024 3561 mitigare.
1039 3489 1143 3542 Verum
1157 3487 1212 3542 ista
1226 3487 1400 3543 sectantibus
1418 3488 1514 3543 nullus
1528 3488 1556 3543 in
1571 3489 1695 3545 Ecclesia

105 3581 283 3636 eontrarium
291 3583 414 3654 estque
423 3583 832 3657 omnemhominemetcorpo·
880 3581 1018 3638 catholica
1032 3581 1112 3636 locus
1130 3585 1182 3648 est,
1198 3581 1333 3653 quoniam
1350 3581 1400 3653 qui
1413 3597 1442 3638 se
1454 3581 1558 3637 talibus
1578 3598 1694 3654 persua·

103 3672 226 3746 imaeque
244 3675 432 3732 substantiam
445 3695 461 3732 a
476 3670 633 3734 Conditore
643 3677 831 3734 universitatis
880 3676 1009 3732 sionibus
1021 3674 1108 3744 dedit,
1122 3691 1138 3730 a
1151 3674 1253 3731 Christi
1267 3690 1386 3746 corpore
1401 3680 1477 3731 totns
1489 3675 1633 3732 abscessit.

103 3767 132 3822 ri
143 3771 229 3840 atque
242 3768 364 3824 animari
375 3771 450 3826 intra
457 3775 589 3827 materna
601 3772 708 3827 viscera
719 3771 832 3828 contito
916 3771 970 3824 tlt.
989 3767 1195 3824 Duodecimum
1216 3768 1291 3823 inter
1306 3768 1369 3823 hac
1387 3768 1458 3824 illud
1477 3769 1555 3842 quod
1577 3776 1621 3826 est
1643 3770 1695 3826 snb

103 3864 216 3916 tenente
226 3862 343 3933 quidem
352 3863 401 3919 illo
410 3865 515 3936 peccati
525 3866 757 3938 mortalitatisque
765 3883 831 3922 con·
881 3863 945 3919 aliis
959 3861 1148 3936 potestatibus
1166 3865 1263 3933 partes
1281 3862 1396 3930 anima,
1412 3862 1464 3918 sub
1486 3862 1549 3918 aliis
1570 3864 1696 3936 corporis

110 3954 341 4027 quodinprolem
351 3959 831 4031 aprimoparentetranscnrrit,sed
881 3956 1012 4013 membra
1022 3953 1186 4011 describunt
1199 3959 1228 4010 et
1243 3955 1395 4027 qualitates
1409 3955 1578 4011 interiorum
1591 3972 1697 4029 praesn-

103 4049 239 4105 erationis
252 4057 431 4108 sacramento
447 4053 643 4123 subveniente,
654 4070 711 4128 quo
723 4070 756 4110 ex
769 4053 829 4126 Spi-
880 4051 939 4106 lum
956 4050 986 4106 in
1002 4048 1231 4122 patriarcharum
1253 4048 1417 4104 nominibus
1439 4052 1577 4118 statuunt,
1594 4050 1696 4122 quibus

103 4146 193 4197 aucto
216 4144 411 4214 promissionis
434 4146 486 4201 filii
507 4152 705 4215 renascuntur,
719 4164 778 4203 non
801 4147 830 4201 in
881 4162 897 4200 e
924 4144 1033 4201 diverso
1056 4142 1139 4215 signa
1165 4142 1283 4209 siderea,
1307 4158 1432 4214 quorum
1454 4143 1551 4199 virtuti
1576 4160 1696 4217 corpora

118 4236 222 4306 carnis,
243 4237 293 4292 scd
316 4238 345 4292 in
367 4238 470 4294 virtute
494 4239 682 4311 baptismatis.
703 4240 784 4296 Unde
803 4242 832 4296 et
880 4237 1067 4310 subjiciantur
1079 4239 1237 4309 opponunt.
1253 4237 1286 4293 Et
1299 4236 1328 4291 in
1343 4236 1386 4291 his
1401 4237 1534 4292 omnibns
1547 4237 1698 4293 inextrica-

117 4329 196 4400 quod
216 4331 317 4402 utique
337 4335 398 4386 erat
415 4332 612 4404 promissionis
626 4333 701 4389 filins
714 4332 781 4389 dicit
794 4334 830 4388 ad
880 4332 931 4387 bili
943 4348 973 4387 se
987 4346 1084 4387 errore
1102 4329 1293 4401 prepediant,
1310 4346 1369 4385 non
1383 4330 1532 4386 audientes
1553 4331 1695 4388 dicentem

103 4438 129 4475 .:
145 4443 161 4471 ιι
173 4422 270 4477 Manus
289 4429 346 4479 tua.
360 4424 489 4480 fecerunt
503 4442 549 4481 me
569 4430 598 4481 et
617 4426 831 4498 plasmaverunt
880 4425 1045 4497 Apostolum
1061 4441 1068 4479 ε
1084 4443 1098 4476 ιι
1114 4422 1212 4479 Videte
1227 4438 1262 4478 ne
1284 4423 1348 4495 quis
1361 4439 1412 4478 ros
1431 4423 1555 4495 decipiat
1565 4440 1617 4496 per
1631 4425 1696 4496 phi·

103 4515 169 4570 Pecl.
186 4531 280 4584 cirin,
301 4519 361 4588 73);
378 4540 391 4566 ιι
413 4522 442 4572 et
464 4519 499 4574 ad
520 4519 673 4575 teremiam
694 4519 870 4618 bominusD
881 4517 1039 4590 losophiam
1052 4520 1080 4572 et
1092 4517 1211 4571 inanem
1228 4516 1371 4571 fallaciam
1394 4514 1552 4572 secandum
1567 4517 1695 4572 traditio-

109 4606 279 4681 Priusquam
294 4614 320 4666 te
332 4611 484 4667 formarem
501 4613 531 4667 in
545 4618 626 4668 utero
637 4613 701 4669 nori
712 4617 752 4680 te,
764 4618 792 4669 et
801 4613 831 4669 in
881 4628 948 4668 nem
969 4610 1131 4680 hominum,
1145 4609 1300 4666 secundum
1324 4609 1465 4665 elementa
1477 4610 1579 4665 mundi
1595 4613 1624 4664 et
1639 4627 1696 4666 non

111 4702 213 4757 matris
226 4705 283 4758 tnae
295 4704 467 4760 sanctificavi
481 4710 508 4761 te
524 4707 587 4776 (Jer.
605 4723 625 4775 1,
639 4709 674 4779 5).
691 4729 705 4758 ιι
882 4705 1039 4763 secundum
1060 4704 1215 4772 Christum,
1231 4703 1299 4775 quia
1311 4703 1340 4757 in
1363 4701 1425 4774 ipso
1447 4702 1589 4759 inhabitat
1603 4706 1698 4760 omnis

103 4794 206 4851 lecimo
219 4802 314 4853 autem
326 4799 449 4870 capitulo
462 4799 625 4856 referuntur
636 4817 762 4857 asserere
774 4802 833 4857 ani-
883 4799 1029 4873 plenitudo
1042 4797 1197 4853 divinitatis
1211 4795 1409 4868 corporaliter,
1424 4799 1453 4851 et
1465 4797 1532 4852 estis
1544 4797 1573 4853 in
1590 4798 1638 4854 illo
1651 4816 1695 4855 re-

103 4904 156 4961 pue
176 4890 310 4946 humanis
332 4894 497 4965 corporibus
522 4894 685 4950 inseruntur
698 4895 785 4951 tuisse
803 4896 832 4951 in
882 4893 962 4967 pleti,
974 4892 1024 4966 qui
1036 4896 1078 4949 est
1091 4894 1179 4963 capnt
1199 4889 1292 4945 omnis
1315 4888 1489 4962 principatus
1507 4894 1537 4946 et
1548 4894 1698 4963 potestatis

103 4998 146 5051 re,
159 4988 188 5038 et
200 4985 229 5039 in
247 4986 353 5040 coelesti
372 4986 549 5042 habitatione
570 5005 700 5060 peccasse
719 4991 833 5061 atquea
883 4989 992 5059 (coloss.
1006 5003 1035 5053 n,
1051 4988 1140 5053 ato).
1155 5003 1169 5037 ι
1185 4985 1219 5039 Et
1231 4984 1337 5038 iterum
1354 5000 1360 5038 :
1377 5006 1391 5032 ιι
1408 4984 1497 5040 Nemo
1511 5001 1558 5041 vos
1571 4987 1696 5056 seducat,

103 5075 184 5133 nibus
195 5078 374 5134 adinteriora
387 5080 512 5152 dilapsas
522 5082 552 5136 in
562 5082 680 5138 diversae
689 5081 834 5155 qnahtatis
883 5082 980 5137 rolens
995 5081 1025 5137 in
1047 5078 1209 5134 hnmilitate
1232 5080 1262 5132 et
1278 5076 1415 5150 religione
1438 5078 1616 5150 angelornm,
1633 5098 1697 5152 quae

103 5171 160 5242 ipes
175 5171 319 5240 incidisse,
332 5177 422 5246 etper
434 5175 524 5230 aerias
535 5191 567 5231 ac
580 5176 703 5232 sidereas
713 5179 834 5248 potesta·
884 5192 941 5231 non
962 5174 1032 5230 vidit
1056 5173 1216 5239 ambulans,
1232 5171 1335 5227 frustra
1358 5171 1473 5228 intlatns
1498 5189 1581 5229 sensu
1606 5174 1699 5229 carnis

103 5264 151 5319 lias
166 5265 306 5331 duriores,
322 5267 391 5322 alias
406 5268 532 5323 mitiores
551 5269 718 5342 corporibus
734 5267 833 5343 222
883 5286 952 5339 snae,
965 5285 1023 5324 non
1045 5271 1147 5323 tenens
1168 5270 1262 5338 capnt,
1276 5281 1312 5321 ex
1329 5282 1386 5336 qno
1405 5268 1496 5321 totum
1512 5282 1614 5338 corpus
1631 5282 1696 5338 per·

103 5359 212 5413 nclasas
225 5376 242 5414 a
254 5364 329 5415 sorte
344 5361 456 5417 diversa
470 5368 499 5418 et
514 5363 679 5420 conditione
691 5363 832 5434 dissimili,
883 5378 990 5419 nerum
1001 5366 1030 5417 et
1041 5359 1256 5431 conjunctiones
1269 5356 1516 5415 subministratum
1530 5362 1560 5413 et
1572 5361 1699 5415 consini-

103 5451 197 5524 idquid
211 5453 240 5508 in
252 5454 305 5509 hac
320 5455 377 5510 vita
391 5456 466 5510 varie
477 5462 505 5512 et
515 5456 696 5530 inaequaliter
704 5457 835 5530 provenit
882 5461 960 5513 ctum
973 5454 1072 5512 crescit
1083 5454 1113 5509 in
1125 5457 1310 5526 augmentum
1326 5452 1375 5508 Dei
1390 5453 1497 5523 (Coloss.
1514 5468 1541 5519 n,
1557 5453 1599 5519 ta,
1616 5455 1668 5522 titt.
1682 5475 1696 5501 ιι

103 5546 301 5603 recedentibus
323 5550 412 5604 causis
434 5550 560 5606 videatur
583 5551 722 5608 accidere.
743 5553 834 5617 Quam
885 5550 957 5616 Quid
972 5566 1041 5622 ergo
1057 5564 1127 5620 opus
1141 5552 1185 5603 est
1198 5547 1227 5601 in
1240 5563 1290 5602 cor
1303 5545 1467 5613 admittere,
1482 5545 1560 5616 qnod
1580 5544 1626 5600 lex
1642 5563 1698 5602 non

103 5640 171 5696 tatis
178 5640 307 5697 tabulam
315 5658 347 5698 ex
355 5644 516 5699 multorum
524 5644 577 5699 sibi
586 5644 731 5700 erroribus
740 5649 835 5703 texue·
883 5644 990 5714 docuit,
1007 5642 1084 5716 qnod
1101 5641 1250 5713 prophetia
1264 5656 1322 5696 non
1337 5637 1449 5705 cecinit,
1466 5638 1542 5710 quod
1557 5639 1699 5714 Evangelii

108 5734 159 5791 aed
178 5750 281 5790 omnes
300 5752 348 5791 eos
367 5738 503 5793 catholica
523 5738 595 5793 fides
607 5755 622 5794 a
636 5755 755 5812 corpore
776 5756 835 5797 sure
884 5737 1055 5794 veritasnon
1069 5732 1329 5810 predicavit,qnod
1342 5730 1703 5804 apostolicadoctrinanon

103 5826 135 5883 tis
147 5827 266 5885 abscidit
279 5835 442 5886 constanter
456 5833 613 5903 predicans
627 5837 714 5907 atqire
727 5834 834 5890 veraci·
884 5831 1022 5888 tradidit?
1035 5830 1090 5886 Sed
1109 5829 1172 5885 hnc
1190 5833 1292 5903 operta
1307 5829 1379 5880 sunt
1396 5839 1502 5879 aarum
1517 5825 1675 5879 monimus
1688 5824 1732 5877 he

223 5924 358 5993 Parnoi..
383 5927 493 5995 llllllll.
540 5957 541 5960 ι
1514 5925 1563 5984 ab
