3870 6150
69 316 126 369 825
688 312 925 369 11Ε1111ΕΤΑΗ11Ι
944 309 1137 369 mendeno.
1705 319 1757 373 aas

69 426 101 474 et
115 427 222 477 terram
240 423 323 493 (Psoi.
343 437 435 489 carru,
451 425 489 494 8).
504 443 517 470 ι»
536 422 589 486 Qui
603 421 715 477 nullum
730 441 781 478 nos
794 424 823 478 in
837 441 887 478 uo·
898 436 928 510 Α
938 423 977 477 010
988 423 1076 478 hostis
1088 422 1203 494 spiritus
1213 422 1353 493 falsitatis,
1363 437 1463 479 omnes
1474 425 1510 480 de
1527 423 1575 480 illo
1583 424 1645 496 jam
1659 425 1761 482 trium·

69 516 137 569 stris
150 515 287 570 fratribus
302 515 506 571 detrimentum
524 515 665 571 sustinere
684 517 822 589 permisit,
839 519 890 574 sed
939 517 1026 588 phare
1047 532 1106 571 uon
1118 516 1235 571 dubium
1251 520 1294 572 est
1312 533 1383 589 quos
1397 517 1450 573 sibi
1466 518 1573 573 Veritas
1594 518 1759 576 vindicavit.

68 625 136 680 000
163 614 261 664 nostro
288 609 366 680 prius
387 609 545 666 ministerio
566 609 725 678 definierat,
749 612 889 668 universae
938 611 1018 665 Nunc
1038 626 1154 681 prorsus
1177 609 1225 665 illa
1244 610 1444 682 Redemptoris
1466 613 1557 668 nostri
1580 612 1654 668 dicta
1673 629 1760 685 quam

69 702 259 757 fraternitatis
276 703 473 759 irretractabili
489 704 614 759 lirmavit
627 721 753 774 assensu,
774 711 805 760 ut
821 722 889 761 vere
939 704 995 759 sint
1007 703 1111 758 divinae
1125 704 1302 759 auctoritatis
1319 710 1447 776 apparet,
1465 705 1534 760 dum
1553 711 1652 761 contra
1664 706 1760 762 hostes

69 813 129 851 ase
151 797 284 868 prodesse
307 797 472 865 ostenderit,
503 797 581 870 quod
598 798 676 869 prius
689 815 704 853 a
719 799 813 871 prima
826 816 887 854 orn-
939 797 1005 852 ildei
1031 798 1069 851 sic
1095 801 1239 869 aptantur,
1263 804 1295 852 01
1315 798 1350 853 (10
1371 798 1438 869 ipsis
1461 798 1594 854 dubitare
1607 799 1689 855 dictis
1699 817 1759 855 non

69 890 154 945 nium
163 890 230 945 sede
242 890 398 946 formatum
409 891 494 946 totius
503 891 657 947 Christiani
668 893 889 964 orbisJudicium
938 891 1032 946 liccat.
1061 915 1074 942 «
1102 893 1164 958 t'os,
1195 891 1298 963 inquit,
1327 908 1360 946 ex
1386 896 1466 963 patre
1491 892 1606 948 diabolo
1629 893 1705 949 estis.
1727 895 1761 950 Et

70 985 233 1056 recepisset,
249 988 282 1038 ut
295 984 324 1038 10
339 985 392 1040 hoc
404 1001 517 1057 000000
527 986 620 1057 capite
632 986 765 1042 membra
776 1004 890 1042 concor·
939 984 1078 1040 desideria
1092 985 1181 1056 patris
1200 985 1284 1040 vestri
1303 984 1388 1040 vultis
1408 985 1538 1057 implere.
1555 986 1603 1041 1110
1617 987 1759 1043 homicida

70 1077 152 1133 dent.
169 1080 198 1132 tn
220 1093 277 1149 quo
293 1078 417 1150 amplior
431 1079 515 1134 nobis
528 1079 557 1133 in
572 1080 626 1134 hac
648 1096 678 1134 00
700 1081 733 1134 tit
746 1081 889 1152 gaudendi
937 1079 992 1134 luit
1016 1080 1052 1133 ab
1079 1079 1180 1147 initio,
1214 1082 1243 1133 et
1267 1078 1298 1132 in
1323 1078 1440 1133 veritate
1470 1096 1529 1135 uon
1559 1081 1657 1148 stetit,
1690 1081 1759 1152 quia

69 1172 201 1240 materia,
225 1173 294 1228 dum
320 1177 348 1226 et
373 1177 453 1228 tanto
473 1174 567 1244 magis
594 1174 717 1246 perculit
744 1175 887 1243 inimicus,
938 1173 1038 1227 veritas
1060 1173 1090 1226 in
1113 1189 1147 1226 eo
1174 1189 1232 1227 non
1257 1176 1308 1227 est
1336 1171 1456 1237 Quando
1482 1173 1607 1244 loquitur
1632 1175 1753 1230 menda·

67 1271 177 1338 quanto
200 1270 298 1321 contra
317 1265 420 1322 Christi
441 1266 586 1322 ministros
607 1284 703 1323 servus
724 1269 886 1325 insurrexit.
937 1265 1023 1333 cium,
1039 1282 1072 1320 ex
1090 1266 1147 1320 suis
1162 1265 1285 1337 propriis
1298 1266 1435 1337 loquitur,
1451 1267 1518 1337 quia
1537 1268 1660 1323 mendax
1674 1271 1760 1323 estet

68 1361 141 1414 Nam
165 1377 203 1415 ne
227 1361 348 1416 aliarum
373 1360 483 1416 sedium
496 1361 531 1416 ab
547 1377 581 1415 ea
602 1378 687 1433 quam
701 1362 886 1418 0010010000-
938 1366 1019 1429 pater
1033 1360 1094 1431 ejus
1112 1359 1199 1429 (loon.
1223 1375 1280 1429 viu,
1300 1361 1354 1431 11).
1380 1382 1393 1409 »
1418 1359 1491 1415 Nihil
1507 1377 1577 1432 ergo
1592 1360 1756 1418 mirandum

67 1452 151 1508 nium
170 1453 306 1508 Dominus
325 1453 424 1508 statuit
444 1455 599 1526 praesiderc
615 1456 885 1511 consensusabsen-
938 1458 990 1519 est,
1010 1453 1086 1526 quod
1114 1453 1144 1507 hi
1169 1453 1271 1526 quiin
1294 1453 1412 1508 veritate
1434 1454 1483 1508 Dei
1510 1459 1616 1510 nostrae
1647 1459 1758 1511 naturae

69 1547 138 1602 tatio
154 1547 306 1615 videretur,
323 1551 373 1603 aut
394 1548 449 1603 alia
469 1548 604 1621 qualibet
625 1549 777 1622 subrepere
794 1553 889 1622 posset
937 1547 1118 1602 menducium
1130 1545 1325 1615 crediderunt,
1340 1547 1416 1618 patri
1430 1565 1482 1602 suo
1498 1556 1526 1603 et
1541 1549 1615 1603 cirea
1626 1549 1682 1604 ista
1693 1566 1759 1604 cou-

67 1639 190 1694 adversa
202 1640 336 1711 suspicio,
359 1641 467 1696 inventi
485 1643 565 1713 prius
583 1646 651 1697 0001
664 1643 713 1714 001
726 1644 761 1698 de
772 1643 888 1715 judiciis
937 1640 1066 1709 eordaut,
1082 1639 1223 1712 quidquid
1238 1640 1341 1708 visum,
1357 1641 1497 1712 quidquid
1511 1642 1652 1713 auditum,
1676 1643 1758 1715 quid·

66 1734 177 1788 nostris
190 1734 379 1805 ambigerent.
395 1736 429 1790 Et
449 1735 518 1790 dum
532 1736 665 1791 nonnulli
683 1736 720 1792 ad
734 1737 887 1792 dissensio·
938 1733 1007 1805 quid
1027 1734 1150 1805 denique
1165 1737 1235 1790 teste
1251 1733 1404 1806 Evangelio
1419 1738 1527 1790 tactum
1539 1741 1581 1791 est
1594 1740 1681 1808 atque
1695 1737 1756 1808 pal-

67 1844 121 1882 ues
148 1828 259 1883 incitati
283 1828 318 1883 ab
340 1835 454 1884 auctore
476 1830 708 1887 contradictionis
731 1831 766 1886 ad
787 1813 927 1887 10000οΒ
939 1832 1038 1899 patum
1053 1828 1082 1882 in
1098 1828 1183 1882 00100
1198 1828 1249 1883 Dei
1263 1828 1345 1893 Filio,
1360 1845 1419 1883 non
1436 1829 1498 1900 ejus
1511 1829 1591 1899 cujus
1603 1830 1757 1900 probatura

67 1921 146 1976 bella
171 1922 332 1993 prosiliunt,
358 1924 395 1978 ad
419 1925 511 1996 majus
534 1924 662 1994 bonum,
698 1925 807 1980 malurn
830 1924 891 1996 ejus
940 1927 982 1976 est
996 1926 1167 1988 asserentes,
1191 1922 1239 1978 sed
1258 1925 1406 1976 coaeternae
1426 1925 1455 1977 et
1474 1922 1667 1978 coessentialis
1681 1923 1757 1978 Patri

67 2021 185 2071 0001000
201 2015 289 2070 101100
302 2016 437 2071 bonitatis
451 2017 634 2089 dispensante
646 2022 815 2090 proventum
825 2034 892 2074 con·
939 2015 1026 2069 luisse
1039 2014 1213 2082 substantie,
1230 2016 1312 2086 quasi
1325 2020 1374 2070 aut
1386 2015 1542 2070 divinitatis
1556 2018 1758 2072 naturacrucis

67 2112 200 2164 vertitur.
227 2109 340 2165 Dulcius
359 2111 381 2164 si
402 2110 522 2182 quidem
535 2128 656 2166 munera
671 2112 771 2183 gratiae
785 2112 890 2168 divinae
938 2109 1017 2180 liguo
1031 2109 1168 2164 trausllxa
1186 2110 1231 2175 sit,
1251 2113 1301 2164 aut
1324 2109 1546 2164 inconvertibilis
1565 2126 1692 2166 crescere
1706 2126 1759 2182 per

67 2203 257 2275 proveniunt,
291 2205 403 2275 quoties
428 2222 486 2259 non
514 2205 574 2260 sine
598 2206 711 2276 magnis
740 2206 890 2261 sudoribus
940 2208 1046 2272 aetates,
1062 2208 1090 2258 et
1104 2203 1133 2257 in
1147 2202 1287 2273 sapientia
1299 2204 1436 2274 prolicere
1452 2203 1592 2275 sapientia
1604 2204 1756 2277 sempiter-

65 2296 263 2368 acquirentur.
301 2298 334 2352 Et
363 2297 457 2352 minus
485 2299 593 2354 bonum
621 2298 709 2353 videri
736 2299 810 2355 solet
834 2316 889 2371 pax
940 2312 977 2351 na
989 2296 1032 2351 vel
1045 2296 1145 2367 spiritu
1160 2296 1243 2363 lleus,
1259 2296 1309 2366 qni
1324 2296 1440 2367 spiritus
1454 2300 1506 2365 est,
1522 2297 1642 2353 subinde
1655 2298 1760 2370 repleri

67 2390 239 2445 continuata
253 2407 306 2462 per
318 2391 418 2460 otium,
436 2409 525 2464 quam
543 2392 655 2447 reddita
673 2395 738 2465 post
750 2392 888 2449 laborem.
938 2389 1053 2461 poterit.
1079 2392 1110 2444 ln
1136 2389 1191 2444 hoc
1212 2406 1327 2462 000000
1350 2407 1379 2444 00
1394 2391 1495 2445 acerba
1516 2391 1639 2460 vesania,
1656 2409 1689 2446 ex
1701 2408 1758 2464 000

66 2486 134 2556 {psa
149 2500 263 2556 quoque
277 2485 380 2540 veritus
400 2491 428 2541 el
450 2486 553 2541 clarius
569 2486 722 2556 renitescit,
743 2489 772 2541 et
787 2486 890 2541 fortius
939 2489 1056 2539 auctore
1078 2483 1256 2554 processerit,
1279 2484 1383 2555 prodit,
1410 2483 1487 2556 quod
1513 2486 1703 2555 quantumin
1728 2502 1758 2542 so

66 2579 221 2643 retinetur,
236 2579 305 2633 dum
320 2579 463 2650 quaefides
478 2580 556 2650 prins
569 2580 890 2652 docuerat,haeepostea
939 2587 999 2648 est,
1031 2580 1168 2636 universis
1188 2597 1291 2636 nocere
1317 2582 1425 2637 molita.
1445 2584 1516 2638 Nam
1544 2583 1593 2655 qui
1618 2599 1670 2640 uos
1695 2602 1760 2656 per·

64 2672 244 2727 examinatio
267 2671 460 2728 confirmaret.
480 2674 597 2729 Multum
622 2673 746 2745 denique
763 2673 891 2730 sacerdo·
939 2676 1086 2746 sequendo
1117 2674 1229 2741 afflixit,
1253 2679 1371 2731 coeteros
1391 2675 1428 2730 ad
1449 2692 1621 2732 consensum
1644 2679 1773 2734 sceleris‘

66 2765 133 2819 talis
147 2765 233 2820 officii
246 2766 380 2822 meritum
400 2767 572 2838 splendescit
587 2768 636 2822 ubi
653 2766 691 2822 sic
706 2784 889 2824 summorum
939 2769 1112 2840 impellendo
1130 2768 1305 2840 depravavit.
1322 2770 1374 2824 Sed
1391 2786 1443 2824 000
1458 2786 1520 2840 000,
1533 2770 1600 2826 11001
1612 2771 1643 2826 in
1658 2773 1756 2844 singu·

66 2864 202 2914 servatur
216 2861 380 2931 auctoritas,
405 2867 435 2916 ut
456 2861 485 2916 iu
499 2862 577 2916 nullo
591 2861 758 2917 inferiorum
773 2867 890 2934 putetur
939 2863 974 2917 lis
993 2863 1140 2929 iratribus,
1160 2863 1228 2934 quie
1247 2863 1377 2919 membra
1403 2868 1499 2918 nostra
1521 2865 1757 2934 00000010οιοε-

66 2953 225 3008 imminuta
238 2954 360 3010 libertas.
383 2956 418 3010 Et
430 2956 464 3009 ad
480 2956 620 3026 majorem
636 2955 755 3028 gloriam
777 2954 890 3029 prolicit
938 2962 989 3020 set,
1006 2956 1151 3028 aspeciali
1164 2957 1263 3012 dolore
1280 2957 1345 3012 lecit
1367 2961 1507 3030 exceptos,
1525 2958 1629 3030 quibus
1643 2976 1715 3015 nova
1730 2965 1758 3015 et

66 3047 136 3102 linis
145 3047 288 3102 examinis
302 3049 416 3119 quando
435 3049 471 3104 ad
486 3049 540 3104 hoc
557 3066 586 3105 se
608 3050 717 3120 accepit
739 3049 888 3105 exercendi
938 3050 1073 3113 inaudita,
1096 3055 1181 3121 atque
1204 3050 1363 3105 incredibili
1390 3050 1507 3106 audacia
1528 3052 1634 3107 inferre
1658 3057 1759 3109 contra

67 3140 185 3210 tiducia,
205 3147 237 3197 ut
251 3142 381 3198 vincatur
394 3143 557 3211 adversitas,
573 3160 609 3198 ne
622 3143 698 3215 quod
712 3159 763 3214 per
776 3160 805 3199 se
820 3161 887 3215 pro·
939 3160 1022 3198 suurn
1045 3150 1132 3214 eaput
1157 3147 1199 3198 est
1222 3144 1337 3199 molitus
1356 3145 1503 3216 injuriam.
1521 3146 1575 3201 Sed
1589 3147 1701 3202 utinam
1714 3148 1757 3202 vel

66 3236 158 3290 betur
170 3236 328 3307 reprobum
342 3236 444 3291 silentii
459 3237 623 3308 praejudicio
636 3237 765 3294 videatur
776 3189 926 3309 oppres·C
939 3242 1003 3310 post
1018 3242 1059 3292 tot
1074 3237 1197 3308 pessima
1211 3237 1390 3309 resipiscens,
1410 3255 1467 3292 non
1488 3256 1540 3294 nos
1556 3241 1642 3296 etiarn
1657 3241 1692 3296 de
1705 3258 1757 3296 suo

67 3346 147 3384 sum.
170 3330 283 3384 Exsulta
307 3330 404 3401 igitur,
430 3331 599 3386 charissime
632 3332 730 3398 irater,
751 3332 782 3386 in
801 3333 887 3386 unico
938 3338 1053 3386 aeterne
1068 3331 1260 3386 damnationis
1283 3331 1434 3387 interitum
1460 3332 1645 3388 contristarit.
1666 3335 1757 3398 Quam

67 3423 131 3478 tilio
141 3423 230 3479 victor
239 3424 358 3480 exsulta.
370 3424 442 3479 Vicit
452 3441 505 3496 per
514 3443 566 3480 nos
577 3425 635 3492 1110,
646 3425 727 3496 00100
738 3425 829 3480 carnis
839 3442 886 3482 ve·
939 3441 1102 3481 mensuram
1114 3425 1226 3480 sceleris
1238 3425 1431 3497 praeterrnisti,
1441 3425 1487 3480 cui
1498 3442 1552 3480 nec
1565 3426 1617 3481 hoc
1626 3427 1758 3484 sulllcere

68 3517 141 3572 ritas
161 3517 327 3589 negabatur,
347 3518 414 3573 vicit
431 3534 484 3589 per
497 3535 560 3588 nos,
577 3524 606 3574 et
619 3534 671 3590 pro
687 3519 768 3574 nobis
781 3519 827 3574 1110
842 3520 888 3574 cui
939 3519 1040 3592 potuit,
1074 3518 1152 3591 quod
1184 3535 1237 3574 nec
1271 3518 1340 3573 vivis
1377 3519 1528 3592 parcendo,
1559 3537 1611 3576 nec
1639 3522 1759 3587 mortuis

69 3611 202 3666 vicimus.
223 3611 352 3668 Secunda
366 3615 409 3666 est
428 3616 492 3684 post
512 3613 667 3668 adventum
691 3613 807 3669 Domini
828 3614 889 3669 haec
939 3615 1025 3670 etiam
1044 3613 1073 3668 in
1088 3612 1257 3684 sauguinem
1271 3613 1431 3668 innocentis
1444 3617 1473 3666 et
1485 3614 1617 3669 catholici
1628 3615 1757 3672 sacerdo-

68 3705 136 3761 orbi
152 3705 296 3761 festivitas.
318 3706 469 3761 Redditum
489 3708 594 3762 saeculo
609 3711 652 3763 est
664 3708 798 3778 praedone
813 3723 889 3779 pros·
939 3709 975 3763 tis
988 3707 1298 3779 pollutasjanrpridern
1314 3706 1443 3762 abdicata
1458 3707 1585 3775 veritate,
1599 3713 1686 3780 atque
1704 3726 1755 3781 ap·

68 3802 148 3854 trato
159 3799 365 3854 incarnationis
375 3800 480 3855 divinae
492 3800 670 3872 mysterium,
680 3801 758 3872 quod
768 3800 888 3856 humani
939 3802 1055 3873 probata
1067 3801 1201 3868 falsitate,
1217 3818 1318 3856 manus
1340 3801 1463 3870 intinxit,
1481 3807 1510 3857 et
1528 3818 1595 3857 curn
1619 3803 1758 3875 scriptum
1804 3810 1811 3817 '

69 3893 189 3966 generis
195 3892 406 3966 inimicus,quia
415 3895 574 3967 rebusipsis
581 3895 758 3950 auferrenon
764 3900 887 3967 poterat,
940 3896 975 3949 sit
991 3914 998 3949 :
1017 3918 1030 3944 ι(
1044 3895 1097 3960 Qui
1111 3895 1172 3950 odit
1184 3894 1304 3949 fratrem
1318 3911 1412 3965 suum,
1429 3895 1572 3951 homicida
1586 3896 1756 3968 001111οα0,

68 3987 222 4043 calumniis
241 3987 418 4042 obscurabat.
447 3989 584 4053 Quinimo
611 3989 647 4044 ad
673 3989 889 4045 incredulorum
940 4006 969 4058 ιι,
996 3988 1051 4060 ll),
1080 4011 1093 4038 0
1121 3988 1169 4042 1110
1199 3988 1277 4059 quod
1303 3988 1367 4044 odio
1388 3989 1449 4061 jam
1473 3989 1595 4059 iecisset,
1628 3991 1758 4047 addictus

67 4080 159 4138 corde
182 4080 305 4152 perierat
331 4081 492 4137 immortale
517 4082 695 4154 mysterium,
725 4083 792 4155 quia
818 4083 889 4138 nihil
940 4089 992 4153 est,
1006 4083 1136 4154 implevit
1149 4083 1292 4156 operibus,
1307 4084 1389 4156 quasi
1402 4099 1454 4139 nec
1467 4084 1601 4154 audisset,
1617 4083 1757 4142 necaliud

66 4175 190 4250 prodest
212 4177 290 4229 10010
311 4175 386 4229 00100
412 4175 575 4244 incredulis,
602 4177 662 4248 ipsa
685 4177 806 4232 Veritate
832 4176 890 4231 suis
939 4179 1015 4251 quod
1028 4178 1219 4234 Dominuseit
1235 4195 1241 4232 :
1259 4200 1273 4232 a
1290 4178 1391 4233 11100110
1411 4195 1429 4232 a
1451 4195 1497 4234 me
1519 4178 1586 4252 quia
1600 4179 1679 4234 mitis
1693 4196 1758 4235 sum

69 4273 187 4328 dicente
208 4272 377 4344 discipulis:
400 4295 414 4323 (ι
430 4273 485 4338 Qui
509 4275 663 4330 crediderit
684 4281 713 4330 et
732 4274 890 4346 baptizatus
940 4276 970 4327 01
991 4272 1108 4327 humilis
1132 4273 1227 4340 corde,
1253 4278 1281 4327 ct
1302 4272 1451 4327 invenietis
1465 4273 1597 4343 requiem
1608 4273 1759 4329 animabus

69 4368 171 4435 tuerit,
185 4367 276 4422 salvrn
289 4368 343 4422 erit
358 4385 364 4423 :
381 4369 430 4439 001
445 4373 541 4424 autem
563 4386 622 4424 non
644 4369 804 4436 crediderit,
824 4385 890 4424 cou-
941 4366 1049 4421 vestris.
1063 4366 1256 4439 Jugnmenim
1267 4383 1364 4422 meum
1377 4369 1647 4435 suaveest‚etonus
1660 4384 1758 4424 meum

70 4461 258 4518 demnabitur
277 4462 373 4532 (More.
395 4479 450 4531 xvi,
475 4466 527 4532 16).
545 4486 558 4512 a
575 4463 648 4519 Solis
665 4461 889 4534 justitiaejubar,
940 4460 1000 4515 leve
1027 4466 1070 4514 est
1096 4461 1202 4530 (natet.
1232 4477 1269 4527 ru,
1297 4464 1342 4528 ao,
1366 4460 1420 4532 30).
1444 4482 1457 4509 »
1485 4460 1593 4533 Dignus
1626 4460 1757 4517 diabolici

73 4555 174 4611 densis
183 4555 382 4626 peroricntcm
392 4557 512 4611 Nestorii
520 4556 710 4612 elh'utichetis
718 4555 828 4611 nebulis
838 4555 930 4640 100-0)
941 4553 1112 4624 praedicator
1129 4553 1233 4607 erroris
1252 4553 1397 4625 AEgyptius
1413 4557 1538 4608 vastator
1558 4554 1689 4610 inventus
1702 4559 1756 4627 est,
1830 4635 1833 4640 Ι

72 4650 216 4722 peditum,
232 4666 304 4720 pure
324 4651 359 4705 ab
379 4650 526 4706 occidente
545 4651 732 4723 resplenduit,
754 4651 802 4705 ubi
816 4666 892 4706 com·
942 4646 1009 4718 quia
1024 4649 1159 4718 tanquam
1174 4645 1342 4701 sevissimus
1358 4650 1496 4718 tyrannus
1510 4647 1639 4702 Ecclesiae
1657 4649 1758 4706 uelan-

71 4744 215 4800 mercium
228 4744 259 4798 iu
273 4746 406 4816 apostolis
414 4750 442 4800 et
452 4745 617 4800 doctoribus
631 4745 827 4817 principaliter
837 4746 892 4800 col·
941 4741 993 4796 das
1001 4740 1193 4811 blasphemias
1202 4756 1254 4811 per
1264 4740 1414 4795 violentem
1423 4739 1623 4796 seditiosorum
1632 4744 1757 4815 turbam,

71 4838 185 4906 locavit,
197 4838 388 4910 quamvisnec
398 4839 591 4910 111100000οι0
602 4839 893 4894 defuissecredcudus
943 4840 972 4890 et
1008 4851 1061 4906 per
1099 4838 1232 4891 cruentas
1268 4851 1370 4889 manus
1411 4835 1553 4904 militum,
1591 4839 1761 4895 venerandis

73 4934 110 4989 sit
123 4948 182 5004 000
196 4933 373 4988 confessores
393 4933 446 4987 sibi
465 4933 598 5005 egregios
617 4933 777 4988 reservavit.
806 4934 894 4988 itaut
943 4926 1044 5002 204
1057 4929 1193 4997 iratribus
1208 4928 1383 5000 imponebat,
1397 4933 1503 4984 etcum
1517 4933 1687 4987 voeenostri
1702 4933 1756 4988 lte·

72 5027 146 5082 dum
168 5027 262 5083 denuo
285 5031 435 5082 conaretur
451 5027 540 5082 hostis
554 5027 688 5098 antiquus
705 5042 759 5098 per
773 5025 891 5084 secundi
943 5022 1100 5094 demptoris
1114 5023 1262 5078 firmatum
1274 5022 1309 5078 sit
1322 5039 1413 5078 uuum
1430 5024 1623 5097 eumdemque
1639 5027 1757 5082 homici-

73 5120 230 5176 Pharaonis
248 5121 431 5193 impoenitens
454 5138 512 5188 cor,
537 5121 602 5175 fidei
620 5120 740 5176 Abrahae
754 5137 852 5176 semen
865 5127 894 5177 et
943 5117 982 5173 dii
995 5120 1024 5171 et
1036 5117 1166 5172 falsitatis
1179 5120 1336 5186 auctorem,
1348 5117 1394 5172 ille
1405 5119 1511 5190 pariter
1524 5123 1670 5193 utcunque
1682 5138 1758 5176 coru·

74 5214 150 5268 tilios
159 5215 351 5286 exstinguere,
368 5217 426 5271 Deo
447 5216 614 5282 miserante,
629 5216 824 5286 languescens,
840 5215 893 5270 uisi
943 5212 1041 5283 plevit,
1055 5213 1138 5284 quasi
1163 5230 1221 5267 non
1244 5219 1276 5267 01
1289 5217 1451 5281 caveantur,
1473 5214 1521 5268 sed
1535 5220 1568 5269 ut
1590 5219 1758 5286 perpetren-

74 5309 129 5364 sibi
144 5324 250 5363 nocere
262 5309 333 5364 nihil
346 5309 445 5381 possit.
463 5310 500 5363 De
515 5325 571 5380 000
585 5312 614 5363 01
626 5308 694 5364 illud
712 5309 894 5380 omnipotens
943 5313 991 5363 tur
1003 5306 1108 5379 scripta
1118 5307 1184 5376 sint,
1195 5307 1230 5362 ad
1240 5306 1409 5379 perditionis
1419 5325 1478 5362 suae
1487 5309 1633 5362 cumulum
1644 5307 1760 5365 trahens

75 5402 236 5459 mirabilius
247 5403 314 5476 egit,
329 5403 396 5476 quia
410 5407 439 5458 et
448 5419 522 5474 qnos
534 5402 587 5458 sibi
599 5403 726 5458 conscios
734 5403 771 5458 ad
783 5403 893 5458 israeli·
943 5419 1008 5475 000
1026 5400 1077 5457 Dei
1101 5401 1187 5456 Filius
1208 5401 1322 5456 monuit
1339 5402 1375 5457 ad
1398 5402 1536 5468 salutem;
1551 5401 1627 5472 ‚illud
1644 5417 1760 5473 quoquc

75 5499 124 5553 tici
137 5496 237 5569 populi
251 5497 330 5553 sedes
345 5497 492 5565 asciverat,
510 5514 568 5553 uon
586 5514 652 5552 cum
667 5497 825 5568 tyrannidis
842 5514 893 5553 au·
944 5496 1032 5551 surda
1040 5495 1127 5552 nimis
1136 5511 1203 5550 aure
1214 5494 1382 5567 preteriens
1392 5494 1468 5565 quod
1478 5493 1512 5548 ab
1525 5494 1628 5549 eodem
1636 5494 1758 5553 110ιο100

76 5597 156 5648 ctore
167 5591 329 5660 submersit,
342 5593 392 5647 sed
405 5608 470 5647 cum
483 5607 534 5648 suo
545 5592 652 5664 populo
663 5592 856 5664 congregavit,
867 5597 896 5647 et
946 5589 1053 5645 dictum
1071 5594 1113 5646 est
1130 5607 1137 5645 :
1155 5608 1169 5642 0
1185 5589 1260 5660 Ergo
1278 5588 1354 5661 quod
1370 5586 1427 5641 vidi
1441 5587 1517 5658 apud
1530 5588 1643 5643 Patrem
1661 5605 1761 5647 meum

75 5687 153 5745 sicut
165 5701 262 5741 revera
272 5702 302 5741 se
312 5685 435 5758 dignam
449 5691 477 5742 et
490 5687 541 5742 soli
557 5685 611 5741 sibi
620 5685 749 5758 possibile
762 5686 824 5742 lons
839 5686 894 5742 mi·
945 5683 1056 5756 loquor,
1077 5689 1106 5740 et
1123 5701 1171 5739 vos
1187 5699 1256 5755 ergo
1271 5681 1348 5754 quod
1366 5680 1475 5735 vidistis
1497 5682 1573 5752 apud
1587 5683 1703 5739 Patrem
1715 5700 1762 5739 ve-

75 5783 241 5842 sericordiee
263 5789 389 5854 noverat,
410 5785 527 5842 victosa
548 5785 630 5841 nobis
655 5784 805 5841 nobiscum
830 5783 897 5840 iecit
946 5774 1562 5850 000010011011000.00111001οζ000
1582 5775 1790 5830 0010000000

75 5896 141 5947 esce
154 5879 288 5938 victuros.
303 5880 374 5937 Nam
387 5880 456 5936 dom
467 5879 544 5936 00100
555 5895 618 5939 vere
629 5879 897 5959 sithumanigeue·
948 5872 1254 5937 memonasterium
1264 5862 1819 5959 stumpresenusseen'mohrm
