3870 6150
200 263 215 312 3
644 255 787 312 dPPENl).
808 257 852 312 Ab
871 257 951 313 salt.
973 257 1016 312 tx.
1032 285 1065 296 —
1086 257 1208 314 lSlDOltl
1228 256 1439 314 lluuclloals
1870 259 1887 313 l

200 363 235 418 de
248 368 339 436 petra,
354 367 382 418 et
393 363 490 419 oleum
501 363 536 418 de
548 378 614 418 saxo
628 364 788 437 durissimo)
801 368 974 434 argumenta
987 365 1147 436 proferatis,
1163 364 1265 437 quibus
1279 381 1295 419 a
1309 365 1452 420 Gallorum
1468 363 1583 418 sedibus
1595 363 1737 434 pellantur
1749 365 1885 441 haereses,

197 455 331 529 iessopeat
342 453 453 520 veritas,
466 453 631 524 inanesque,
646 456 675 509 et
687 454 793 509 nullius
809 455 947 510 momenti
962 456 1158 511 contentiones
1171 461 1347 512 evanescant.
1358 455 1484 527 Accipite
1495 454 1594 525 igitur,
1605 454 1706 526 optimi
1715 460 1820 526 patres,
1832 456 1887 510 lias

200 547 310 599 nostms
330 542 540 599 lucubrationes
558 543 600 598 rei
620 542 826 614 ecclesiasticas,
842 544 901 599 imo
924 550 952 601 et
968 544 1021 600 toti
1041 544 1106 602 orbi
1123 562 1188 601 mea
1208 546 1349 601 sententia
1367 545 1539 617 profuturas,
1555 544 1630 598 unde
1644 544 1718 598 docti
1732 545 1845 616 paritor
1858 550 1887 599 et

198 633 303 689 indocti
316 633 346 688 iri
359 638 493 704 promptu
505 631 630 689 habeant
647 649 704 705 quo
718 633 895 690 delectentur
901 651 910 704 3
924 651 981 708 quo
1001 649 1029 690 se
1048 633 1118 692 item
1137 636 1272 691 adversus
1292 635 1467 708 pestilentes,
1484 632 1579 690 nescio
1594 648 1715 704 quorum
1731 633 1885 688 hominum

199 723 299 788 rabies,
314 723 425 794 juvent,
441 724 604 794 protegant,
623 725 772 793 tueantur3
789 740 846 796 quo
860 724 929 778 item
943 726 1056 780 cessent
1072 725 1220 796 peniteret
1240 727 1427 797 amputentur
1444 723 1559 794 singula
1574 738 1703 778 errorum
1716 722 1883 792 seminaria,

198 812 301 868 cedant
312 812 384 868 bella
397 812 471 885 paci,
486 811 585 867 unioni
597 812 760 884 schismata,
773 813 888 869 veritati
903 830 982 870 error
996 833 1003 870 r
1019 817 1048 870 et
1060 815 1154 870 luceat
1166 815 1292 870 veritatis
1305 815 1403 870 lumen
1423 813 1451 869 in
1471 814 1549 880 Sion,
1567 816 1596 867 et
1616 815 1787 884 agnoscatur
1798 829 1884 867 ierus

198 902 251 957 zeli
276 901 405 958 caminus
428 901 459 957 in
482 900 667 972 Hierusalem,
692 900 820 960 Christus
844 902 959 974 scilicet,
986 903 1038 978 qui
1061 896 1154 960 ventis
1177 904 1375 978 procellisque,
1402 919 1499 960 rursus
1527 905 1613 975 atque
1640 902 1745 958 iterum
1769 901 1882 956 utinam

198 990 331 1063 imperet.

534 1275 708 1370 ORIGO
742 1276 1128 1371 CONClLlORUM
1162 1275 1543 1370 GENERALIUM.

436 1428 507 1508 Ouo
526 1435 669 1511 tempore
690 1429 828 1495 concilio
851 1429 1010 1494 celebrari
1028 1438 1211 1514 ceperani,
1231 1439 1262 1495 et
1279 1431 1318 1494 de
1335 1438 1478 1512 quotuor
1498 1428 1650 1492 conciliis.

235 1656 1015 1732 CanonesgeneraliumconcilioiumatemporibusCon·
1025 1674 1055 1748 Α
1065 1661 1101 1717 tri
1117 1665 1146 1717 et
1158 1662 1227 1719 Filio
1240 1663 1374 1718 eumdem
1391 1660 1564 1716 paraclitum
1579 1656 1792 1722 demonstrarit,
1809 1656 1887 1709 dans

200 1728 318 1784 stantini
329 1734 484 1808 caeperunt.
499 1730 528 1782 ln
541 1730 768 1800 praecedentibus
781 1748 904 1804 namque
920 1733 1013 1803 annis,
1064 1733 1149 1788 latius
1164 1734 1284 1806 symboli
1296 1735 1429 1799 formam,
1445 1748 1531 1804 quam
1544 1737 1604 1786 tota
1615 1729 1723 1785 Gracia
1735 1732 1762 1782 et
1777 1726 1888 1780 latini-

198 1799 395 1872 persecutione
405 1801 751 1869 saevientc‚docendarum
761 1804 885 1874 plebium
895 1805 1015 1859 minime
1064 1808 1107 1859 tas
1125 1805 1156 1858 in
1170 1805 1296 1860 Ecclesiis
1316 1805 1460 1876 praedicat.
1478 1803 1572 1857 Tertia
1587 1800 1710 1872 synodus
1728 1801 1771 1852 est
1784 1798 1885 1867 Ephe-

200 1871 321 1926 dabatur
341 1870 476 1937 facultas;
501 1870 604 1926 deinde
624 1872 821 1928 Christianitas
840 1875 870 1928 in
892 1875 1014 1929 diversas
1065 1876 1127 1929 sina
1168 1876 1241 1930 rima
1263 1877 1451 1932 ducentorum
1473 1873 1681 1944 episcoporum,
1698 1870 1749 1923 sub
1763 1869 1886 1940 juniore

199 1942 324 1996 haereses
339 1941 423 1995 scissa
437 1944 489 2009 est,
503 1941 570 2011 quia
585 1958 644 1996 non
665 1947 726 1998 erat
744 1944 857 1999 licentia
876 1947 1015 2026 episcopis
1064 1892 1223 2001 Theodosio
1238 1949 1364 2019 Augusto
1379 1946 1464 2014 edita,
1478 1961 1542 2016 quie
1555 1943 1713 1997 Nestorium
1729 1941 1798 1994 duas
1812 1955 1884 2010 per·

198 2012 230 2066 in
241 2027 332 2066 unum
344 2011 495 2066 convenire
510 2011 565 2066 nisi
577 2017 706 2083 ternpore
720 2015 874 2085 supradicti
889 2032 1012 2097 impera·
1065 2033 1148 2071 sonas
1164 2016 1193 2070 in
1207 2017 1317 2073 Christo
1330 2019 1505 2072 asserentem
1513 2016 1592 2086 justo
1612 2013 1795 2068 anathemate
1810 2027 1885 2064 eon-

199 2083 278 2139 toris.
293 2084 352 2153 lpse
365 2083 444 2136 enim
463 2082 542 2137 dedit
561 2082 726 2139 facultatem
745 2086 911 2141 Christianis
924 2088 1014 2142 libere
1065 2088 1225 2158 demeavit,
1254 2090 1406 2145 ostendens
1432 2103 1549 2142 manere
1577 2086 1606 2140 in
1633 2083 1744 2137 duabus
1771 2082 1888 2136 naturis

109 2182 113 2189 ·
199 2152 379 2224 congregari.
397 2152 455 2207 Sub
476 2153 531 2207 hoc
549 2152 635 2208 etiarn
653 2154 856 2210 sanotiPatres
873 2157 903 2211 in
919 2158 1014 2212 conei-
1066 2174 1153 2213 unani
1174 2158 1288 2213 Domini
1306 2159 1394 2213 nostri
1406 2159 1471 2212 Jesu
1482 2156 1584 2211 Christi
1598 2169 1760 2225 personam.
1776 2154 1888 2216 Quarta

97 2861 98 2864 ’
198 2869 271 2933 acta,
286 2878 315 2917 in
328 2878 385 2933 qua
401 2861 513 2915 Arianae
532 2861 661 2933 perlldisa

197 2225 236 2279 lio
265 2224 377 2277 Nieaeno
402 2223 436 2277 de
460 2223 540 2277 omni
561 2224 628 2278 orbe
651 2230 793 2280 teriarum
815 2228 1014 2282 convenientes
1065 2230 1189 2300 synodus
1214 2234 1257 2283 cst
1278 2226 1515 2284 Chalcedonensis
1536 2228 1735 2280 sexcentorum
1760 2223 1887 2293 triginta

196 2295 279 2367 juxta
295 2293 383 2347 iidem
406 2293 598 2364 evangelicam
618 2298 647 2348 et
659 2296 844 2366 apostolicam
857 2298 1015 2352 secundum
1064 2300 1255 2365 sacerdotum,
1275 2300 1327 2354 sub
1348 2300 1484 2354 Martiano
1506 2297 1633 2368 principe
1652 2295 1757 2362 habita,
1772 2294 1801 2347 in
1822 2310 1888 2364 qua

198 2368 264 2438 post
277 2365 421 2435 apostolos
435 2363 606 2435 Symbolum
618 2367 806 2422 tradiderunt.
822 2368 952 2431 Quatuor
963 2386 1014 2423 au·
1064 2371 1221 2442 Eutychum
1235 2369 1580 2441 Constantinopolitanuin
1590 2367 1721 2420 abbatem
1736 2363 1817 2418 Verbi
1828 2365 1888 2418 llo·

200 2440 259 2492 teni
274 2435 441 2516 principalia
451 2451 512 2490 essa
526 2435 645 2491 concilia
658 2454 694 2492 ex
706 2437 809 2510 quibus
840 2439 1014 2495 lenissimam
1064 2441 1137 2496 mini
1160 2444 1189 2496 et
1208 2441 1300 2495 earnis
1323 2458 1410 2495 unam
1433 2445 1567 2494 naturam
1609 2437 1833 2516 renuntiantem,
1853 2441 1888 2490 et

199 2507 267 2563 fidei
288 2507 446 2562 doctrinam
466 2510 564 2562 tenent
587 2508 716 2562 Ecclesiae
736 2512 796 2563 tam
814 2455 849 2564 de
871 2511 970 2578 Patris,
986 2513 1015 2565 et
1065 2511 1126 2583 ejus
1136 2511 1316 2567 defensorem
1325 2512 1486 2567 Dioscorum
1497 2525 1574 2592 quon
1598 2524 1643 2562 ani
1654 2506 1886 2562 Alexandrinum

199 2578 271 2646 Filii,
292 2581 322 2633 ct
345 2577 362 2632 S
383 2575 464 2632 iritus
488 2577 580 2632 sancti
602 2577 760 2646 divinitate,
781 2595 868 2651 quani
885 2581 1015 2652 predicti
1066 2583 1243 2655 episcopum,
1257 2589 1285 2639 et
1298 2584 1392 2655 ipsum
1403 2584 1566 2638 Nestorium
1580 2596 1645 2635 euni
1663 2578 1779 2650 reliquis
1788 2578 1886 2631 lisere-

199 2649 261 2705 Filii
280 2654 309 2704 et
328 2594 481 2704 Safvatoris
498 2647 587 2703 nostri
600 2649 804 2705 incarnatione.
818 2652 900 2706 Prior
912 2653 1015 2707 harum
1064 2654 1126 2708 tieis
1139 2671 1197 2709 iina
1210 2656 1324 2709 Petrum
1339 2653 1481 2711 sententia
1514 2651 1707 2716 raedomnavit,
1721 2648 1886 2720 praedicans

199 2721 313 2777 Nicaena
327 2719 454 2791 synodus
469 2724 511 2774 est
523 2722 716 2777 trecentorum
729 2722 828 2777 decern
841 2726 870 2778 et
881 2727 944 2779 octo
958 2724 1015 2795 epi·
1064 2725 1165 2780 cadem
1182 2725 1309 2797 synodus
1326 2725 1469 2781 Christum
1490 2670 1646 2779 Bominum
1668 2720 1705 2775 sic
1724 2724 1823 2774 natum
1843 2719 1884 2774 de

199 2807 362 2872 scoparum,
374 2790 425 2845 sub
439 2790 620 2846 Constantino
633 2793 1012 2919 Augpstohimperantedper-
1059 2795 1191 2882 ,Virgine
1210 2802 1241 2852 ut
1253 2796 1283 2850 in
1300 2812 1333 2851 eo
1346 2794 1534 2851 substantiam
1547 2796 1576 2849 et
1586 2792 1688 2917 ᾱίνίηὲς
1703 2794 1732 2872 et
1743 2792 1883 2844 humanae

199 2937 277 3015 nata,
305 2949 362 3005 qna
388 2930 612 3004 inequalitatem
638 2879 1014 3015 saneffiplhilnizagiznidznm
1064 2868 1665 3010 {ggii‘stgffiffiztslffivglnaeersulllililltesustyggtdi
1679 2877 1881 3014 ἰῗςίὲῃηῗὸἐειῗέἓ

197 3008 279 3062 linus
305 3003 457 3073 asserebat,
485 3004 755 3061 consubstantialem
778 3007 837 3061 Deo
861 3007 939 3062 Patri
964 3008 1014 3063 Dei
1064 3008 1148 3064 licam
1169 3011 1402 3082 complectentes.
1423 3008 1479 3064 Sed
1502 3012 1531 3063 et
1556 3007 1580 3061 si
1604 3022 1661 3087 qua
1684 3008 1742 3058 siut
1762 3004 1882 3058 concilia

199 3076 302 3158 Filium
316 3075 417 3131 eadem
437 3078 534 3130 macta
553 3076 679 3149 synodus
693 3092 745 3148 per
764 3076 926 3150 symbolum
942 3077 1013 3133 desi-
1024 3046 1053 3120 B
1065 3096 1130 3151 quae
1145 3081 1234 3136 sancti
1247 3082 1343 3136 Patres
1357 3080 1461 3151 Spiritu
1475 3079 1526 3134 liei
1543 3079 1621 3150 ptem
1634 3078 1799 3141 sanxerunt,
1814 3079 1883 3154 post

197 3152 277 3203 mist.
300 3145 430 3202 Secunda
454 3145 578 3219 synodus
603 3152 646 3202 est
666 3153 781 3203 centum
802 3148 1014 3221 quinquaginta
1063 3151 1184 3206 istorum
1215 3155 1317 3206 uatuor
1327 3151 1525 3206 auctoritatem
1538 3148 1617 3206 omni
1626 3149 1743 3202 manent
1753 3145 1883 3200 stabilita

196 3218 325 3288 Patrum,
335 3217 387 3271 sub
396 3216 555 3271 Theodosio
568 3217 679 3273 seniore
692 3219 937 3291 Constantinopoli
948 3235 1029 3275 con·-
1063 3222 1173 3292 vigore.
1188 3168 1316 3287 &uorum
1330 3222 1415 3278 etiam
1428 3227 1507 3294 gesta
1521 3222 1552 3277 in
1565 3222 1620 3277 boe
1632 3234 1749 3289 corpore
1762 3214 1883 3271 condita

199 3295 329 3362 gregata,
342 3303 407 3360 qua
419 3287 629 3358 Macedonium,
639 3288 775 3360 Spiritum
785 3295 914 3346 sanctum
924 3290 1015 3347 Deum
1064 3293 1257 3349 eontinentur.

198 3375 259 3418 esse
279 3362 446 3432 negantem,
463 3359 666 3428 condemnans,
680 3361 948 3417 consubstantialem
960 3363 1012 3418 Pa-

198 3477 282 3544 ltem
296 3474 336 3540 de
355 3473 490 3557 synodis
505 3475 761 3558 principalitas,
776 3476 1178 3623 ᾳιὲξιύἕὲνιίνιῠέζειοῗιθᾳύιινίἔῖἓ
1195 3497 1264 3624 {igit
1273 3481 1392 3560 causis,
1407 3479 1525 3563 quitus
1538 3474 1746 3560 temporibus,
1761 3470 1883 3555 quitus
1904 3516 1908 3521 -

233 3673 332 3730 Prima
352 3671 475 3746 synodus
495 3672 527 3728 in
545 3671 636 3728 Nisae
653 3675 850 3741 trecentorum
868 3673 966 3730 decem
986 3679 1014 3731 et
1064 3679 1141 3732 runt.
1163 3677 1271 3744 Qiiarta
1293 3678 1323 3733 in
1344 3675 1521 3733 Chalcedone
1541 3672 1739 3728 sexcentorum
1760 3666 1881 3748 triginta

199 3749 261 3802 octo
282 3747 400 3800 Patrem
421 3746 519 3799 eontra
531 3744 643 3813 Arium,
656 3744 884 3800 Alexandrinum
897 3747 1015 3818 presby·
1063 3749 1196 3817 Petrum,
1224 3751 1321 3804 contra
1345 3747 1502 3819 Eutychem
1530 3739 1880 3809 constantinopolitanum

199 3820 303 3887 terum,
362 3815 446 3870 itres
462 3814 567 3896 gradus
588 3815 618 3870 in
638 3815 775 3872 'inuitato
794 3817 947 3887 asserebat,
961 3820 1012 3873 Pa·
1064 3818 1197 3874 abbatom
1210 3820 1260 3890 qui
1273 3819 1418 3873 asserebat
1432 3815 1574 3872 Christum
1586 3817 1650 3893 post
1662 3812 1820 3890 humanam
1832 3826 1879 3863 as-

197 3893 273 3945 trem
295 3903 324 3942 sc
347 3886 402 3942 icet
420 3901 571 3957 moyerem,
585 3884 689 3941 Filium
709 3887 862 3957 minorem,
876 3888 1014 3959 Spiritum
1064 3888 1255 3960 sumptionem
1275 3904 1334 3943 non
1355 3905 1389 3942 ex
1409 3886 1518 3942 duabus
1536 3887 1644 3939 naturis
1664 3884 1809 3946 exsistere,
1828 3881 1881 3960 sed

197 3962 327 4017 sanetum
341 3959 512 4026 creaturam,
525 3956 702 4028 temporibus
719 3958 896 4014 Constantini
909 3957 1012 4031 princi·
1064 3958 1154 4013 solam
1170 3959 1198 4013 in
1212 3974 1246 4013 eo
1260 3957 1386 4012 divinam
1398 3963 1531 4012 naturam
1544 3969 1725 4027 permanere,
1740 3955 1879 4022 tempori-

197 4032 253 4105 pis,
268 4028 403 4102 sylvestri
414 4045 452 4109 pa
474 4044 497 4082 se
517 4026 647 4098 Romani,
661 4027 795 4084 blacharii
808 4027 1012 4100 hierosolymi·
1063 4027 1257 4084 busllartiani
1290 4028 1416 4100 rincipis,
1431 4028 1532 4083 Leonis
1551 4041 1633 4099 papae
1649 4024 1778 4106 Romani,
1794 4023 1878 4102 tuve·

198 4098 431 4169 tani,hlexandri
464 4097 756 4169 onstantinopolitani,
767 4099 816 4176 qui
826 4100 1027 4156 condemnata.
1062 4099 1137 4155 nolis
1150 4044 1408 4171 llierososs'mitani,
1422 4098 1544 4154 Anatolii
1559 4092 1877 4173 Constantinopolitano

199 4170 302 4254 haeresi
318 4171 481 4225 statuerunt
500 4182 625 4224 canones
646 4169 757 4240 viginti.
769 4173 897 4251 Quorum
915 4176 1014 4252 auctor
1063 4171 1117 4236 Qui
1133 4171 1321 4227 condemnata
1341 4171 1442 4227 haeresi
1462 4173 1620 4253 statuerunt
1640 4181 1762 4221 canones
1776 4169 1879 4234 viginti

199 4239 1015 4393 atriastastatuta{alchuinum
1037 4284 1042 4291 ·
1064 4237 1879 4384 lilithtlttlhtttlthhhttltttltltllt

199 4385 317 4441 Petrum
336 4385 436 4439 contra
455 4380 650 4438 Macedonium
669 4384 1014 4457 Constantinopolitanum
1063 4385 1306 4456 Constantinopoli
1320 4387 1419 4440 contra
1434 4384 1615 4439 Theodorum
1637 4380 1877 4459 llopsiiesteniini‚

199 4455 373 4530 episcopum,
392 4453 441 4579 ezri
462 4453 588 4535 negabat
608 4454 744 4525 Spiritum
767 4457 897 4511 sanetum
924 4456 1015 4512 Deum
1065 4460 1094 4511 et
1113 4449 1212 4512 omn'es
1231 4456 1389 4511 haereticos.
1404 4455 1456 4520 Qui
1479 4453 1642 4532 Theodorus
1663 4448 1777 4504 dicebat
1790 4447 1878 4500 alieni

200 4544 271 4598 esse,
287 4531 406 4598 tempori
428 4541 462 4579 ns
480 4525 608 4580 Gratiani
628 4530 658 4581 et
677 4525 827 4582 Theodosii
840 4527 1013 4600 principum,
1064 4527 1154 4582 Deum
1175 4544 1235 4584 esse
1255 4525 1390 4594 Verbum,
1403 4531 1432 4581 et
1452 4525 1540 4580 alium
1556 4523 1709 4601 Christum,
1724 4523 1752 4573 et
1769 4531 1877 4598 sacrani

200 4597 405 4668 Damasipapae
417 4595 549 4664 Romani,
563 4595 659 4668 Cyrilli
672 4596 1013 4671 Hierosolymitani,Nec-
1063 4597 1208 4671 Virginem
1230 4597 1346 4654 llariam
1368 4595 1493 4669 negabat
1517 4594 1565 4649 liei
1609 4592 1754 4646 enitricem
1779 4587 1876 4655 luisse,

200 4669 265 4726 tarii
288 4666 597 4738 Constantinopolitani,
615 4667 675 4803 thui,
694 4669 1013 4739 condemnata'haeresi,
1064 4667 1242 4751 temporibus
1260 4667 1410 4723 iustiniani
1430 4665 1577 4739 principis,
1619 4662 1688 4743 igini
1711 4674 1803 4731 papa,
1821 4657 1876 4711 Do·

200 4743 364 4797 statuerunt
386 4753 510 4793 canones
535 4739 602 4793 tres.
648 4755 751 4794 uorum
767 4738 892 4794 maxime
915 4742 1015 4794 auctor
1064 4755 1137 4795 mini
1157 4739 1337 4808 antiocheni,
1352 4738 1480 4810 Eutychii
1497 4730 1811 4812 Constantinopolitani,
1826 4728 1879 4799 qui

200 4810 345 4868 Nectarius
354 4807 682 4880 Constantinopolitanus
691 4810 755 4867 luit.
763 4811 856 4866 Tertia
864 4811 894 4866 in
904 4810 1014 4881 Epheso
1065 4807 1282 4883 quatuordecim
1294 4809 1418 4882 capitula
1427 4805 1694 4865 anathematizando
1705 4806 1878 4879 scripserunt

200 4883 390 4939 ducentorum
404 4881 521 4937 Petrum
533 4883 632 4936 contra
644 4881 802 4945 Nestorium
816 4881 1016 4938 Constantino·
1064 4886 1162 4938 eontra
1187 4880 1330 4938 Theodori
1355 4885 1384 4936 et
1417 4880 1559 4936 sociorum
1589 4877 1650 4957 ejus
1676 4872 1876 4952 blasphemias.

221 4954 362 5010 olitanum-
375 4951 540 5024 episcopum
561 4951 611 5024 qui
625 4951 735 5008 dicebat
746 4953 861 5008 beatam
873 4952 1014 5025 virginem
1025 4961 1053 5038 C
1065 4952 1148 5009 Sexta
1163 4953 1192 5009 in
1210 4951 1461 5034 Constantinopoli,
1474 4952 1589 5005 eentum
1603 4945 1813 5023 quinquaginta
1824 4941 1878 4994 Pa·

199 4971 315 5082 florium
325 5041 385 5080 non
400 5023 460 5092 liei,
474 5022 524 5078 sed
542 4992 666 5079 hominis
679 5023 880 5079 tantummodo
894 5023 1014 5095 genitri-
1066 5026 1142 5078 trum
1167 5029 1266 5079 contra
1287 5023 1459 5080 llaohanum
1480 5018 1690 5076 Antiochenam
1712 5026 1880 5092 episcopum

200 5112 273 5167 cem,
289 5099 321 5152 ut
336 5095 421 5150 aliam
435 5109 590 5177 personam
602 5093 706 5164 carnis,
722 5093 807 5149 aliam
822 5094 930 5149 laceret
943 5094 1014 5150 divi·
1066 5097 1096 5157 et
1109 5095 1199 5151 socios
1210 5095 1271 5166 ejus
1290 5094 1436 5167 quianam
1450 5092 1627 5147 voluntatem
1640 5092 1669 5142 et
1682 5086 1880 5161 operationem

201 5167 308 5238 nitatis,
323 5166 500 5237 temporibus
518 5164 671 5245 Theodosii
685 5165 780 5236 ldagni
792 5165 940 5238 principis,
953 5167 1014 5222 Coe·
1065 5165 1096 5221 in
1110 5167 1222 5223 Christo
1242 5136 1312 5222 falsa
1332 5165 1490 5246 suspicione
1510 5161 1687 5243 astruebant,
1701 5152 1879 5233 temporibus

199 5239 295 5296 lestini
308 5254 390 5364 papie
404 5235 1014 5318 Romani,tirvenalisConstantinopolitani,
1065 5237 1243 5294 Constantini
1266 5236 1419 5309 principis,
1443 5235 1603 5318 agathonis
1634 5244 1716 5354 papa
1745 5227 1877 5289 Romani,

199 5311 296 5384 Cyrilli
319 5307 515 5367 texandrini.
530 5307 583 5371 oin
606 5304 754 5362 duodecim
774 5308 897 5380 capitula
919 5311 1016 5364 contra
1065 5307 1179 5381 Georgii
1202 5306 1520 5379 Constantinopolitani.
1540 5304 1595 5369 Qui
1610 5316 1665 5355 con
1686 5298 1801 5379 emnata
1817 5293 1878 5348 bie-

199 5381 321 5440 Nestorii
333 5377 532 5452 blasphemias,
546 5375 667 5432 totidem
688 5377 821 5460 capitula,
837 5382 952 5436 auctore
964 5395 1014 5435 eo·
1064 5379 1122 5435 resi
1136 5378 1404 5437 anathematizando
1416 5377 1589 5451 seripserunt
1601 5374 1664 5428 octo
1676 5367 1810 5441 capitula.

201 5452 267 5510 deni
293 5456 391 5509 sancto
414 5447 526 5522 Cyrillo,
549 5446 813 5505 anathematizando
838 5450 1013 5524 conscripse-

431 5566 515 5631 Item
528 5563 698 5629 adnotatio
713 5565 916 5648 synodorum
934 5584 1079 5652 quarum
1092 5577 1184 5651 perta
1200 5568 1235 5634 i'n
1249 5568 1308 5634 hoc
1324 5566 1432 5633 codice
1444 5564 1657 5630 continentur.

236 5689 331 5746 Prima
348 5684 493 5744 adnotatio
513 5684 665 5757 Aquitanos
685 5684 797 5758 synodi,
814 5687 864 5758 qui
881 5691 948 5745 ante
965 5687 1013 5743 Ni·
1061 5688 1157 5763 jorem
1197 5688 1357 5764 ostponitur
1370 5703 1376 5744 i
1390 5686 1421 5743 in
1445 5701 1501 5760 qua
1521 5685 1619 5738 Patres
1641 5635 1801 5735 octodecim
1821 5674 1878 5727 sta-

199 5776 309 5818 eaeuam
322 5760 414 5817 fertur
427 5758 524 5831 lause,
541 5756 591 5814 sed
605 5759 722 5829 propter
735 5759 936 5818 auctoritatem
950 5775 1013 5817 ma·
1064 5707 1194 5818 aaaron?
1203 5777 1325 5820 canones
1347 5757 1449 5833 viginti
1473 5758 1604 5831 quatuor.
1627 5750 1756 5819 Quorum
1781 5746 1881 5802 ⁸u⁰t⁰l
