3870 6150
124 229 158 292 ii
568 235 708 290 APPEND.
729 237 772 291 Al)
791 235 871 290 SAEC.
892 233 935 288 lx.
951 262 986 273 -
1005 233 1127 288 lstuonl
1146 232 1358 291 trunculouls
1771 235 1807 293 48

124 345 231 417 gnitur.
247 340 427 416 Negligentia
439 357 506 397 vero
526 340 612 397 alitur
625 345 653 397 et
672 346 794 414 augetur
809 345 894 415 atque
907 341 936 397 in
948 345 1180 423 Aproeparatam
1194 343 1337 398 demirans
1350 358 1403 414 per
1416 342 1522 412 omnia,
1536 347 1566 400 et
1585 344 1702 417 stupens
1717 349 1806 402 cate·

124 438 254 494 sensibus
263 437 413 494 hominum
426 435 581 505 radicatur,
593 436 662 491 dum
672 441 787 492 amatur
798 453 804 491 :
817 452 905 508 quam
915 435 939 492 si
988 453 1088 493 rorum
1105 436 1255 492 hominum
1271 452 1391 507 errores,
1403 441 1431 493 et
1450 438 1526 510 quod
1548 442 1614 493 aute
1635 435 1734 493 oculos
1754 455 1806 511 po·

124 531 187 604 quis
201 532 275 587 forte
291 529 392 584 doceat
405 528 599 599 effugandam,
615 529 693 584 velut
707 528 831 601 antiquis
845 532 874 584 et
884 530 939 583 hae·
989 530 1074 586 sitam
1080 529 1230 585 veritatem
1241 546 1327 585 nemo
1341 529 1463 585 videbat.
1478 532 1539 603 lpse
1549 534 1661 586 tantum
1675 530 1807 604 gaudens

124 623 267 679 reditariis
286 621 401 677 sedibus
416 623 536 678 moleste
554 627 583 677 et
600 621 783 692 indignanter
798 622 937 678 avellitur.
989 640 1074 697 super
1086 623 1190 678 divitiis
1208 623 1353 694 sapientiae
1367 639 1437 695 quas
1456 623 1564 679 invenit
1578 623 1748 680 satiabiliter
1761 625 1807 680 his

125 718 158 771 Et
181 717 244 772 ideo
266 716 415 787 paululum
446 715 636 771 laborandum
665 716 746 770 nobis
768 719 819 783 cst,
841 720 872 771 ut
894 715 937 770 in·
987 718 1161 791 perfruatur,
1171 721 1199 772 et
1209 717 1341 772 exercitio
1353 716 1492 772 bonorum
1502 733 1623 789 operum
1635 717 1805 785 delectetur,

123 810 276 881 dignantes
298 800 470 881 ignorantiae
492 809 729 880 praesumptiones
753 809 878 865 scientiae
891 825 937 864 ra·
987 810 1124 867 festinans
1136 811 1172 865 ad
1186 811 1320 866 saeculum
1336 810 1464 865 futurum
1477 810 1585 865 mundo
1598 811 1681 865 corde
1692 813 1723 866 et
1732 827 1806 883 pura

123 903 203 959 tione
218 918 378 959 resecemus
398 903 427 957 in
442 902 487 956 his
504 902 647 973 praecipue
673 902 721 974 qui
743 902 773 956 in
797 902 938 974 aliquibus
988 904 1160 960 conscientia
1171 903 1332 977 pervenire,
1347 903 1472 959 etetiam
1481 903 1577 959 videre
1589 904 1680 959 Deum
1693 906 1805 975 Regem

123 996 219 1053 minus
239 997 324 1052 rectis
344 995 528 1068 opinionibus
551 994 689 1067 praeventi
713 999 788 1063 sunt,
804 1012 856 1067 per
868 1012 939 1068 quas
988 998 1117 1053 omnium
1131 997 1227 1069 possit.
1248 997 1295 1052 llis
1314 1000 1412 1052 autem
1433 997 1567 1052 omnibus
1580 1013 1678 1053 carere
1697 1014 1764 1063 nos,
1778 1001 1807 1053 et

123 1091 206 1164 quasi
222 1091 274 1147 sub
289 1089 382 1162 specie
398 1089 515 1161 alicujus
530 1088 653 1144 scientiae
672 1088 835 1161 ignorantia
849 1088 879 1143 in
894 1088 938 1144 his
987 1091 1115 1147 fraudari
1130 1091 1188 1146 sola
1202 1091 1268 1146 lacit
1291 1089 1462 1162 ignorantia.
1479 1092 1552 1146 Dum
1575 1091 1652 1147 enim
1670 1091 1806 1162 ignorant

123 1184 323 1241 vehementius
349 1183 475 1239 radicata
494 1185 546 1236 est.
566 1181 641 1236 Nihil
659 1181 736 1237 enim
760 1187 802 1237 est
823 1182 938 1254 gravius
987 1185 1120 1241 homines
1139 1186 1281 1257 quantum
1303 1184 1370 1239 boni
1393 1184 1496 1239 habeat
1517 1184 1646 1253 scientia,
1667 1184 1804 1256 ignoran-

125 1295 212 1351 quam
226 1279 248 1334 si
261 1278 290 1333 id
303 1277 378 1350 quod
394 1275 508 1348 ignorat
521 1275 595 1346 qrris,
611 1275 681 1330 seire
697 1291 725 1330 se
741 1275 837 1330 credat
850 1279 879 1330 et
892 1275 939 1330 de·
987 1280 1034 1334 tioe
1047 1279 1153 1334 malum
1177 1278 1212 1334 de
1234 1295 1264 1334 se
1284 1293 1341 1332 non
1365 1277 1514 1349 patiuntur
1535 1276 1656 1333 excludi.
1671 1277 1806 1333 Nesciunt

122 1371 222 1428 tendat
235 1387 334 1427 verum
355 1385 416 1425 esse
431 1368 625 1441 quodfalsum
644 1373 695 1437 est,
712 1368 789 1439 quod
810 1369 866 1424 talc
885 1372 936 1434 est,
988 1373 1066 1428 enim
1080 1376 1187 1444 quanta
1201 1371 1237 1426 sit
1250 1370 1280 1425 in
1301 1371 1405 1425 horum
1421 1370 1631 1443 permutatione
1646 1369 1802 1438 diversitas,

124 1465 206 1538 quale
218 1464 242 1519 si
258 1464 321 1536 quis
343 1462 436 1518 obrius
458 1460 584 1517 sobrium
603 1477 632 1516 se
647 1464 736 1532 putet,
754 1465 782 1517 et
794 1465 861 1533 agat
872 1462 936 1533 qui-
986 1466 1094 1539 pariter
1107 1465 1185 1537 quod
1197 1463 1348 1520 consilium
1360 1464 1397 1520 do
1412 1464 1566 1536 unicuique
1577 1463 1709 1535 discenti,
1719 1463 1803 1519 liben·

124 1559 192 1614 dam
206 1560 309 1614 cuncta
322 1561 353 1612 ut
362 1555 467 1626 ebrius,
479 1554 607 1611 sobrium
619 1569 648 1609 se
660 1558 760 1609 tamen
771 1558 800 1609 ct
812 1553 873 1626 ipse
883 1571 936 1626 pu·
986 1564 1030 1615 ter
1042 1559 1170 1632 prrebere
1186 1574 1285 1613 aurem
1301 1557 1386 1613 verbo
1401 1557 1460 1627 Dei,
1479 1561 1507 1612 et
1529 1573 1594 1613 cnm
1616 1573 1715 1613 amore
1732 1556 1802 1612 veri·

122 1656 174 1718 tet,
188 1656 216 1707 et
228 1650 282 1707 dici
296 1668 313 1705 a
327 1648 437 1705 caeteris
449 1648 516 1704 velit
530 1665 537 1703 :
553 1648 592 1703 ita
606 1650 673 1702 sunt
685 1663 753 1719 ergo
770 1653 798 1704 et
811 1648 842 1702 hi
854 1647 937 1720 igno·
987 1652 1051 1707 tatis
1065 1651 1177 1707 Domini
1196 1651 1295 1707 audire
1311 1667 1375 1723 qnae
1399 1651 1531 1721 dicimus,
1544 1654 1577 1706 ut
1590 1667 1683 1723 mens,
1697 1650 1802 1723 optimo

122 1748 220 1800 rantes
245 1743 322 1815 quod
347 1758 447 1798 verum
471 1745 524 1809 est,
545 1740 669 1813 speciem
693 1743 792 1796 umen
818 1713 1096 1813 alicujusBsemine
1111 1750 1249 1817 suscepto,
1264 1760 1315 1817 per
1329 1744 1417 1800 bonos
1430 1747 1509 1799 actus
1522 1744 1602 1800 latos
1620 1743 1725 1799 alferat
1744 1744 1802 1799 lrn·

122 1837 247 1894 scientiae
269 1840 367 1892 tenent
389 1839 417 1891 et
438 1836 513 1890 mala
534 1833 613 1906 quasi
632 1833 708 1889 bona
728 1837 833 1907 gerunt
853 1839 937 1907 atque
987 1837 1503 1909 ctus.Namsimedocenteeaquee
1521 1837 1696 1893 adsalutem
1718 1838 1802 1909 perli-

121 1930 157 1985 ad
178 1929 336 2003 perniciem
357 1928 438 2001 quasi
460 1927 637 1983 adsalutem
661 1927 806 1995 festinant,
820 1932 938 2000 propter
987 1935 1066 1999 nent,
1088 1931 1216 2002 recipere
1238 1931 1303 2002 quis
1326 1930 1436 1998 abnuit,
1459 1934 1489 1986 et
1510 1929 1606 1985 animo
1624 1930 1722 2000 pravis
1741 1931 1802 2001 opi·

122 2024 200 2096 quod
214 2027 281 2080 ante
296 2021 395 2078 omnia
410 2020 624 2094 properandum
641 2023 684 2076 est
702 2020 739 2075 ad
758 2021 937 2092 agnitionem
987 2024 1119 2080 nionibus
1143 2027 1281 2096 occupato
1302 2023 1439 2079 obsistere
1454 2022 1565 2090 nititur,
1582 2039 1640 2077 non
1664 2038 1701 2078 ex
1714 2023 1802 2091 vobis,

24 2108 27 2112 ’
121 2117 258 2184 veritatis,
272 2122 304 2171 ut
315 2115 458 2187 possimus
478 2115 559 2185 quasi
574 2113 682 2168 lumine
702 2113 784 2169 nobis
806 2113 872 2170 inde
890 2131 936 2169 ac·
986 2117 1036 2173 sed
1051 2134 1083 2172 ex
1103 2116 1255 2188 semetipso
1278 2116 1393 2172 hebebit
1413 2115 1550 2188 pereundi
1575 2131 1701 2171 causam.
1718 2115 1806 2172 Debet

122 2226 206 2266 censo
219 2225 349 2265 errorum
364 2207 497 2263 tenebras
510 2206 660 2278 depellere.
987 2209 1065 2265 enim
1080 2209 1159 2280 josto
1178 2209 1288 2280 judicio
1303 2209 1466 2265 examinare
1487 2225 1551 2282 quae
1573 2208 1706 2279 dicimus,
1722 2213 1750 2265 et
1762 2209 1804 2264 in·

157 2303 269 2360 Grande
282 2301 360 2358 enirn
373 2300 483 2355 malum
496 2301 549 2366 est,
563 2302 595 2353 ut
613 2297 749 2368 diximus,
763 2299 936 2371 ignorantia,
986 2301 1116 2373 telligere
1132 2301 1199 2373 quia
1213 2302 1298 2357 verba
1320 2301 1465 2373 loquimur
1485 2301 1622 2370 vertutis,
1638 2305 1671 2356 ut
1685 2301 1805 2373 cognitis

122 2399 171 2454 sed
184 2393 517 2470 quiasubstantiamnou
527 2391 704 2447 habetlacile
717 2392 753 2446 ab
768 2392 938 2464 hisquistu·
987 2395 1031 2450 his
1054 2411 1118 2467 quae
1137 2399 1202 2449 sunt
1220 2397 1253 2449 ut
1283 2398 1360 2462 sunt,
1382 2394 1513 2450 inbonis
1540 2394 1649 2449 actibus
1676 2393 1805 2466 dirigens

122 2491 194 2546 diosi
207 2493 274 2545 sunt
286 2488 436 2560 effugatur.
454 2487 515 2540 Non
529 2484 607 2540 enim
620 2484 698 2540 aliud
711 2489 754 2540 est
765 2485 935 2557 ignorantia,
986 2488 1060 2542 viam
1070 2504 1149 2542 suam
1161 2487 1244 2560 regni
1256 2488 1394 2543 caelorum
1406 2487 1496 2560 possit
1512 2489 1654 2559 particeps
1672 2487 1803 2555 inveniri,

121 2584 176 2639 nisi
189 2601 248 2639 non
262 2580 426 2654 cognovisse
440 2578 516 2651 quod
530 2577 654 2650 expedit,
664 2577 715 2633 ubi
723 2580 820 2633 autem
836 2594 938 2650 cogno
987 2581 1138 2652 subjiciens
1154 2580 1207 2636 sibi
1224 2580 1319 2636 carnis
1333 2580 1486 2650 desideria,
1505 2585 1534 2636 et
1553 2581 1686 2636 dominus
1705 2596 1804 2636 eorum

121 2679 197 2733 veris
211 2675 286 2748 perit
297 2672 470 2746 ignorantia,
487 2670 578 2743 quaeri
601 2686 670 2742 ergo
692 2670 722 2726 in
744 2687 836 2742 agone
854 2671 939 2727 debet
987 2674 1088 2743 lactus,
1102 2677 1135 2729 ut
1153 2674 1193 2729 ita
1219 2673 1337 2729 demum
1360 2674 1445 2729 etiam
1468 2673 1529 2746 ipse
1550 2673 1599 2728 fiat
1618 2674 1806 2730 dominatoris

121 2770 247 2827 veritatis
269 2766 389 2838 agnitio,
404 2781 490 2837 qnam
513 2779 597 2819 nemo
620 2762 692 2817 alius
716 2763 861 2835 assignare
884 2780 935 2835 po·
988 2767 1118 2822 omnium
1135 2766 1265 2838 jucunda
1278 2768 1428 2838 possessio.
1442 2769 1514 2823 Nam
1535 2769 1584 2839 qui
1605 2773 1757 2839 permanet
1777 2768 1806 2823 in

121 2869 178 2919 test
198 2862 252 2918 nisi
274 2875 358 2915 verus
379 2858 530 2928 Propheta.
552 2857 617 2911 Haec
636 2856 770 2911 enimvia
790 2860 833 2912 est
851 2856 937 2912 vitam
986 2860 1062 2915 malo
1086 2864 1115 2915 et
1137 2875 1234 2914 servus
1256 2863 1298 2915 est
1318 2860 1397 2929 mali,
1418 2876 1475 2915 non
1497 2863 1591 2932 potest
1613 2860 1689 2915 efflei
1712 2861 1807 2932 portio

120 2938 937 3024 volentibusingredi,etsummumiterbonorumfoperum
986 2952 1064 3022 boni,
1087 2952 1176 3009 donec
1195 2957 1345 3024 permanet
1368 2953 1397 3007 in
1422 2954 1511 3021 malo,
1527 2953 1596 3025 quia
1616 2953 1653 3009 ab
1675 2953 1758 3025 intio,
1777 2958 1807 3010 ut

121 3047 307 3123 pergentibus
320 3045 356 3100 ad
370 3044 511 3100 civitatem
534 3041 641 3098 salutis.
662 3041 692 3098 Si
713 3043 777 3113 quis
799 3059 868 3098 sane
886 3059 935 3097 au·
988 3048 1054 3100 ante
1073 3046 1137 3116 jam
1161 3045 1296 3115 diximus,
1310 3046 1367 3102 duo
1389 3062 1478 3117 regna
1498 3047 1595 3104 statuit
1613 3048 1698 3116 Deus,
1711 3051 1740 3102 et
1754 3063 1806 3119 po·

122 3145 202 3200 diens
223 3154 390 3198 sermonem
409 3137 470 3192 veri
492 3135 641 3208 Prophetae
655 3135 724 3190 velit
740 3135 865 3206 recipere
888 3139 938 3191 aut
988 3142 1120 3194 testatem
1140 3138 1219 3194 dedit
1236 3138 1391 3210 unicuique
1406 3137 1568 3209 hominum,
1585 3143 1617 3194 ut
1631 3141 1707 3196 illins
1724 3142 1807 3213 regni

122 3237 237 3293 uolitet
251 3231 384 3304 amplecti
393 3247 465 3285 onus
479 3229 551 3300 ejus,
562 3228 592 3282 id
606 3232 648 3283 est
660 3228 797 3283 mandata
811 3229 875 3284 vita
888 3229 938 3284 ha·
986 3233 1037 3286 fiat
1048 3230 1143 3304 portio
1159 3230 1204 3285 cui
1222 3247 1252 3285 se
1267 3231 1304 3286 ad
1318 3231 1510 3287 obediendum
1522 3232 1583 3300 ipse
1596 3233 1760 3303 subjecerit.
1775 3236 1808 3290 ut

122 3330 172 3387 bet
185 3328 214 3384 in
227 3344 276 3383 sua
287 3327 434 3399 potestate,
444 3323 527 3378 liberi
542 3322 620 3377 enim
633 3337 731 3375 sumus
740 3322 859 3377 arbitrii.
867 3323 937 3377 Nam
987 3323 1055 3396 quia
1064 3323 1214 3378 delinitum
1227 3328 1270 3379 est
1283 3323 1359 3395 apud
1374 3324 1527 3379 Dominum
1545 3341 1602 3380 non
1614 3341 1696 3397 posse
1715 3342 1807 3381 unuin

122 3424 145 3481 si
159 3424 213 3479 hoc
223 3424 295 3478 esset
305 3423 337 3474 ut
348 3417 496 3473 audientes
506 3431 549 3482 ea,
557 3415 621 3486 jam
631 3430 691 3468 non
701 3414 840 3470 haberent
848 3415 879 3470 in
888 3432 939 3487 po·
986 3417 1135 3473 homiuem
1147 3417 1297 3488 utriusque
1309 3417 1392 3489 regni
1405 3434 1465 3472 esse
1481 3434 1605 3488 servum,
1619 3419 1699 3474 omni
1712 3419 1807 3475 studio

121 3520 223 3573 testate
237 3514 314 3570 aliud
327 3513 421 3567 facere
435 3526 522 3582 quam
535 3507 685 3564 audierant
691 3525 700 3576 ;
716 3507 757 3562 vis
777 3512 837 3563 erat
857 3523 937 3580 quee-
987 3510 1051 3566 date
1073 3525 1188 3581 operam
1209 3509 1239 3563 in
1261 3509 1328 3565 boni
1351 3510 1426 3582 regis
1450 3510 1545 3565 aulam
1559 3527 1592 3566 ac
1603 3511 1671 3582 jura
1685 3527 1806 3568 concur·

123 3610 312 3664 damnatura
331 3621 384 3677 per
398 3619 485 3675 quarn
507 3602 630 3657 liberum
648 3615 707 3655 non
729 3605 771 3656 est
790 3601 827 3656 ad
850 3603 937 3657 aliam
987 3619 1061 3658 rere.
1083 3604 1201 3674 Propter
1226 3603 1279 3657 hoc
1306 3602 1430 3674 denique
1455 3618 1539 3658 verus
1567 3604 1717 3675 propheta,
1739 3620 1805 3660 cum

123 3703 248 3775 migrare
272 3697 453 3766 sententiam,
471 3699 520 3751 aut
542 3694 565 3750 si
584 3711 682 3750 rursus
705 3694 939 3751 exaudientibus
988 3699 1062 3752 esset
1084 3711 1211 3767 praesens
1230 3695 1379 3751 nobiscum
1400 3699 1430 3750 et
1451 3696 1592 3767 quosdam
1615 3713 1649 3752 ex
1672 3697 1807 3753 divitibus

87 3838 90 3845 ι
123 3796 202 3852 nullo
226 3793 343 3849 omnino
365 3789 514 3862 reciperet,
539 3792 568 3844 et
588 3789 643 3845 hoc
666 3791 777 3844 naturae
801 3788 842 3843 vis
867 3793 937 3858 erat,
987 3783 1175 3861 negligentes
1188 3804 1256 3859 erga
1278 3788 1392 3843 Domini
1406 3788 1515 3844 cultum
1528 3790 1649 3859 videret,
1664 3790 1752 3862 huJus
1766 3791 1808 3846 rei

122 3906 188 3963 quae
202 3887 307 3960 aliquid
317 3901 410 3941 unum
427 3867 548 3955 'cogeret
567 3881 640 3950 lieri,
656 3886 685 3937 et
697 3880 778 3936 alteri
792 3880 866 3953 parti
882 3897 940 3935 non
989 3881 1029 3936 ita
1052 3880 1163 3953 aperuit
1184 3881 1345 3936 veritatem.
1363 3883 1478 3937 «Nemo
1500 3885 1601 3954 potest,
1618 3883 1719 3954 inquit,
1736 3883 1807 3938 duo-

122 3983 204 4040 daret
215 3983 319 4046 locum,
335 3994 412 4034 nunc
427 3980 523 4032 autem
537 3975 604 4046 quia
619 3974 740 4029 liberum
754 3973 901 4029 estanimo
910 3973 940 4028 iu
987 3974 1041 4028 bus
1055 3972 1178 4028 dominis
1190 3973 1306 4042 servire,
1321 3978 1350 4029 et
1363 3990 1420 4029 non
1433 3975 1552 4046 potestis
1564 3976 1688 4031 Domino
1703 3977 1807 4032 servire

124 4091 211 4147 quam
231 4072 299 4127 velit
320 4075 432 4142 partem
455 4067 597 4122 declinare
624 4064 767 4136 J'ndicium
790 4080 886 4131 suum,
912 4070 941 4121 et
988 4068 1018 4122 ct
1037 4081 1210 4121 mammonae
1233 4067 1305 4136 (buc.
1331 4083 1387 4137 xm,
1409 4070 1462 4139 lt),
1480 4090 1495 4119 n
1519 4084 1695 4139 mammona,
1714 4070 1808 4141 petria

124 4183 210 4239 quam
231 4162 392 4236 probaverit
422 4161 530 4230 eligere
553 4157 638 4227 viam,
661 4160 773 4212 constat
795 4157 941 4213 evidenter
988 4174 1178 4226 eorumvoce,
1194 4159 1304 4216 divitias
1320 4175 1430 4216 vocans.

124 4259 215 4314 inesse
221 4249 940 4324 hominihusarbitriilibertatem,igiturpriusquam
1024 4252 1073 4307 Hic
1086 4268 1156 4324 ergo
1170 4269 1254 4309 verus
1267 4254 1411 4326 Propheta
1426 4256 1469 4309 est
1483 4254 1551 4326 quia
1564 4255 1594 4310 in
1607 4255 1707 4310 iudaea
1721 4256 1808 4311 nohis

124 4352 221 4408 audiat
230 4349 293 4422 quis
303 4348 381 4421 quod
391 4347 416 4402 ei
430 4344 552 4417 expedit,
562 4347 673 4399 certum
686 4344 803 4416 estquis
816 4343 938 4416 ignoret,
989 4345 1132 4417 apparuit,
1152 4350 1186 4401 ut
1206 4346 1333 4415 audistis,
1353 4347 1403 4418 qui
1423 4351 1501 4402 stans
1522 4347 1634 4419 publice
1657 4349 1717 4403 sola
1743 4349 1807 4419 jus-

125 4442 408 4518 etignoransvult,'et
419 4439 560 4495 desiderat
570 4438 645 4510 quod
655 4454 713 4494 non
721 4437 835 4508 expedit
845 4453 939 4509 agere,
950 4438 981 4513 Ι)
991 4437 1071 4494 sione
1083 4437 1206 4494 iaciebat
1226 4454 1313 4494 caecos
1327 4439 1433 4507 videre,
1449 4439 1550 4495 surdos
1564 4440 1675 4507 audire,
1689 4441 1810 4511 fugabat

124 4535 326 4612 propterquod
336 4551 387 4607 pro
396 4534 451 4589 hoe
461 4531 678 4605 nonjudicatur.
688 4531 836 4586 Cumvero
845 4531 942 4586 audie·
992 4529 1146 4598 deamones,
1172 4530 1256 4601 aegris
1286 4530 1439 4586 sanitatem
1462 4532 1612 4601 reddebat,
1635 4534 1665 4586 et
1685 4532 1809 4587 mortuis

125 4633 163 4687 rit
178 4647 277 4687 causas
287 4628 391 4685 erroris
405 4627 448 4683 sui
462 4630 490 4682 et
502 4624 643 4681 rationem
653 4624 776 4679 veritatis
790 4624 940 4695 acceperit,
991 4623 1088 4693 vitam,
1103 4638 1225 4693 cumque
1242 4622 1315 4678 nihil
1335 4628 1408 4678 esset
1428 4624 1453 4679 ei
1473 4623 1646 4696 impossihile
1660 4625 1747 4679 etiam
1760 4641 1808 4679 co-

124 4723 221 4797 tunc1
230 4716 824 4797 0sipermanseritinhiserroribusquibus
833 4717 941 4772 dudum
991 4715 1142 4788 gitationes
1155 4714 1307 4770 hominum
1320 4716 1506 4787 praevidebat,
1519 4718 1596 4791 quod
1606 4718 1675 4772 nulli
1690 4721 1735 4772 cst
1746 4734 1810 4789 pos·

125 4819 217 4874 luerat
230 4817 403 4889 praeventus,
418 4817 493 4868 recte
509 4813 569 4883 jam
585 4809 729 4865 vocabitur
746 4809 782 4864 ad
800 4808 942 4880 judicium
991 4808 1072 4864 sibile
1090 4807 1144 4863 nisi
1158 4807 1208 4863 soli
1223 4810 1297 4875 lte03
1321 4808 1368 4864 hic
1392 4810 1581 4865 annuntiabat
1601 4825 1724 4882 regnum
1746 4810 1808 4877 Dei,

125 4911 243 4968 daturus
266 4925 374 4982 poenas,
392 4906 459 4979 quia
473 4905 538 4960 vitae
559 4904 644 4975 hujus
662 4902 786 4975 spatium
810 4903 885 4975 quod
906 4904 942 4959 ad
991 4901 1036 4957 cui
1055 4917 1106 4957 nos
1129 4902 1164 4957 de
1185 4901 1317 4956 omnibus
1344 4917 1409 4972 quae
1438 4901 1552 4958 dicebat
1573 4907 1712 4975 tanquam
1738 4918 1809 4958 uero

124 5005 197 5060 bene
219 5002 371 5058 vivendum
396 4998 508 5072 accipit,
530 4998 561 5053 in
585 4996 714 5052 ludibriis
737 4995 943 5068 consumpserit
990 4994 1139 5067 Propheta
1171 4994 1323 5061 credimus,
1348 4992 1512 5050 firmitatem
1533 4995 1599 5052 lidei
1623 4999 1728 5051 nostrae
1749 5011 1809 5051 non

125 5113 266 5154 errorum.
284 5095 337 5160 Qui
350 5110 419 5149 vcro
435 5092 554 5147 audiens
572 5091 633 5146 haec
646 5089 768 5146 libenter
780 5089 897 5160 accepit,
913 5092 942 5145 et
990 5088 1082 5142 solum
1099 5103 1134 5143 ex
1148 5087 1241 5143 verbis
1260 5088 1329 5158 ejus,
1344 5087 1393 5142 sed
1414 5104 1447 5143 ex
1465 5088 1598 5160 operibus
1619 5092 1808 5156 assumentes,

125 5188 302 5263 gratulanter
314 5187 455 5242 bonorum
469 5185 521 5240 sibi
539 5183 697 5239 doctrinam
717 5181 803 5236 fuisse
817 5179 941 5242 delatam
991 5180 1040 5252 qui
1054 5179 1129 5236 dicta
1147 5179 1218 5253 legis
1233 5196 1320 5252 quam
1340 5186 1405 5237 ante
1427 5183 1532 5237 multas
1552 5182 1751 5254 generationes
1773 5182 1811 5236 de

124 5282 250 5356 requirat
268 5279 405 5336 intentius
420 5284 449 5335 et
463 5279 570 5335 discere
589 5292 647 5333 non
666 5274 775 5331 desinat
794 5289 942 5346 usquequo
990 5272 1157 5345 poenitentia
1172 5272 1233 5344 ejus
1248 5278 1440 5346 exposuerant
1453 5275 1481 5329 in
1495 5275 1556 5346 ipso
1568 5274 1766 5345 designantur,
1780 5277 1810 5330 et

124 5379 285 5450 cognoscat,
300 5373 323 5429 si
339 5376 461 5428 estsere
476 5372 552 5428 aliud
568 5368 704 5426 seculum
730 5366 760 5422 iu
781 5382 838 5438 quo
858 5365 942 5421 bonis
990 5365 1146 5438 imaginem
1162 5368 1308 5437 gestorum
1328 5366 1423 5439 Moysi,
1441 5373 1469 5422 et
1487 5371 1554 5422 ante
1573 5366 1668 5438 ipsum
1684 5367 1807 5437 patriar-

123 5469 243 5542 praemia
255 5471 418 5541 praeparata
432 5468 498 5535 sint,
513 5469 615 5521 etcum
626 5465 718 5518 certus
732 5461 767 5517 de
779 5459 833 5514 hoc
844 5458 940 5526 luerit,
990 5459 1052 5514 chae
1061 5459 1145 5516 Jacob
1155 5458 1243 5531 ipsius
1252 5476 1305 5533 per
1315 5460 1412 5516 omnia
1424 5464 1524 5532 typum
1534 5459 1672 5515 terebant.
1683 5460 1809 5531 Tempus

123 5563 231 5633 gratias
245 5566 312 5636 agat
322 5564 391 5618 Deo.
404 5561 484 5626 Quod
499 5560 522 5615 si
536 5555 661 5613 veritatis
675 5555 772 5609 lumen
786 5551 942 5607 ostenderit
990 5567 1103 5625 quoque
1115 5553 1254 5610 adventus
1267 5554 1337 5627 ejus,
1351 5555 1405 5610 hoc
1418 5556 1461 5609 est
1473 5552 1567 5625 ipsum
1580 5552 1610 5607 in
1623 5567 1680 5624 quo
1690 5556 1811 5607 venerat

123 5652 274 5712 decutere
289 5656 395 5728 dirigat
417 5658 494 5709 actus
513 5667 578 5706 suos
600 5649 629 5703 in
653 5646 785 5702 omnibus
807 5643 941 5717 operibus
989 5646 1157 5716 predictum
1183 5647 1218 5703 ab
1242 5647 1286 5702 his
1307 5651 1425 5715 constat,
1449 5651 1478 5702 et
1502 5662 1588 5718 super
1613 5645 1709 5700 omnia
1729 5645 1808 5718 quod

122 5743 214 5814 bonis,
231 5763 354 5818 quorum
367 5747 420 5802 sibi
440 5746 469 5801 in
491 5746 587 5800 tuturo
608 5739 767 5796 mercedem
789 5741 941 5794 certuscst
990 5741 1062 5793 esset
1083 5755 1099 5792 a
1119 5739 1250 5811 gentibus
1273 5740 1475 5811 exspectandus
1496 5739 1582 5794 sacris
1601 5737 1704 5812 litteris
1725 5753 1806 5793 com·
