3870 6150
162 206 168 215 ἢ
204 255 269 312 {039
647 252 790 308 aalma.
812 253 855 306 ab
874 250 955 306 SAEC.
976 252 1020 306 lll.
1036 279 1068 289 —
1089 250 1208 307 lSlDOltl
1228 251 1441 309 huncaloms
1824 258 1884 310 loto

199 364 285 419 frater
303 362 476 428 charissime,
492 376 543 432 per
560 361 680 415 Gratum
704 358 904 415 charissimum
926 358 1016 414 comi·
1028 368 1058 442 Α
1069 361 1168 415 stolica
1175 361 1254 416 sedes
1262 359 1401 433 predicat
1408 377 1454 416 me
1466 361 1604 428 futurum,
1613 361 1644 415 in
1655 376 1715 431 qua
1725 364 1769 415 est
1779 361 1884 432 integra

200 462 267 525 tem,
283 459 311 511 ct
324 471 399 510 nunc
414 471 466 526 per
480 455 653 510 Germanum
675 458 703 508 et
723 455 865 510 loannem
887 468 1015 508 reveren·
1068 456 1179 510 devotio
1192 454 1360 510 Christianae
1382 454 1529 525 religionis
1551 459 1580 510 et
1597 454 1731 526 perfecta
1755 454 1882 520 soliditas,

113 603 117 612 ,
199 550 331 605 dissimos
341 548 488 621 episcopos
501 554 529 604 et
541 548 662 603 Felicem
677 552 705 603 ct
723 547 886 603 [hoscorum
901 547 1019 602 sanctis
1068 550 1242 621 promittens
1252 549 1281 602 in
1296 548 1425 620 sequenti
1441 554 1569 619 tempore
1584 550 1883 619 sequestratosacom·

199 645 288 700 simos
310 644 452 710 diaconos,
474 648 502 698 et
525 643 663 697 Blandum
687 642 884 714 presbyterum
907 642 1018 696 laetatus
1069 644 1206 699 munione
1231 643 1360 699 Ecclesiae
1382 642 1527 697 catholicae
1544 642 1572 697 id
1589 641 1677 698 estin
1690 641 1882 698 omnihusnos

200 756 263 794 sum
289 739 324 794 de
345 737 460 810 speciali
479 737 626 792 charitatis
647 741 746 791 restrae
772 735 919 791 sanctitate
940 734 1018 807 quod
1068 736 1882 808 consentientessediapostolicaeearumnomenintersa·

200 832 342 889 unitatem
351 832 597 887 sanctissimarum
605 830 656 886 Dei
665 830 852 885 Ecclesiamm
862 830 1018 885 secundum
1068 849 1116 887 cra
1125 848 1184 886 non
1194 830 1371 886 recitandum
1384 846 1443 885 esse
1457 831 1604 902 mysteria.
1619 828 1708 894 Quod
1723 829 1748 884 si
1759 829 1789 884 in
1798 830 1881 902 aliqua

201 925 582 998 veterumPatrumrequiris
591 924 814 994 traditionem‚et
823 923 1018 979 dilaceratores
1067 925 1241 997 professione
1261 940 1327 979 mea
1354 924 1467 980 deviare
1488 929 1648 991 tentavero,
1663 923 1712 978 his
1736 939 1807 995 quos
1827 940 1881 978 con-

201 1019 376 1076 rationabilis
394 1020 491 1092 gregis
511 1017 615 1076 Christi
631 1035 730 1073 amoro
752 1019 867 1090 pulsare
888 1017 1015 1073 festinas.
1067 1020 1199 1075 damnavi
1211 1023 1241 1074 et
1259 1035 1311 1090 per
1322 1019 1592 1074 condemnationem
1609 1017 1765 1090 propriam
1777 1034 1880 1072 consor-

201 1115 300 1170 Certus
315 1113 403 1186 igitur
418 1113 486 1168 scito
505 1129 557 1184 per
569 1112 677 1182 omnia,
691 1111 875 1180 sanctissime,
891 1111 957 1183 quia
972 1127 1016 1165 sc·
1067 1116 1126 1169 tem
1142 1112 1240 1187 259
1253 1129 1299 1168 me
1312 1129 1374 1168 esse
1386 1111 1531 1184 profiteor.
1549 1111 1620 1167 Huic
1634 1128 1706 1166 vero
1720 1111 1880 1183 professioni

202 1209 328 1262 cundum
342 1207 421 1280 quod
430 1206 509 1262 vobis
524 1206 624 1277 scripsi
638 1212 733 1261 tecum
747 1222 811 1261 cum
826 1204 945 1261 veritate
956 1221 1018 1259 sen·
1068 1207 1221 1280 subscripsi
1237 1224 1326 1262 manu
1341 1222 1403 1262 mea
1415 1210 1443 1261 et
1455 1205 1546 1262 direxi
1560 1221 1614 1276 per
1628 1207 1742 1277 scripta
1759 1204 1810 1260 tibi
1823 1207 1881 1260 Eor-

201 1302 274 1357 tiens
286 1318 386 1357 omnes
400 1318 417 1356 a
430 1305 458 1357 te
473 1300 639 1372 repudiatos
653 1300 801 1356 haereticos
813 1303 1016 1371 renu0,etego
1068 1301 1167 1356 misdee
1184 1304 1280 1357 sancto
1303 1305 1331 1357 et
1344 1299 1509 1356 beatissimo
1530 1299 1611 1354 fratri
1627 1302 1658 1354 et
1673 1314 1761 1371 papie
1780 1315 1880 1370 magna

204 1411 303 1466 pacem
324 1394 446 1466 diligens
468 1393 659 1449 sanctissimas
682 1394 730 1450 [tei
754 1392 899 1461 Ecclesiae,
914 1392 941 1448 id
964 1397 1016 1460 est,
1067 1396 1165 1450 Rome
1184 1410 1237 1465 per
1251 1393 1428 1465 supradictos
1448 1393 1623 1448 Gennanum
1641 1396 1671 1448 et
1690 1393 1880 1448 loannemre·

203 1488 358 1561 superioris
371 1493 469 1544 vestrae
483 1491 511 1544 ct
523 1488 643 1543 novellae
654 1487 736 1543 istius
751 1489 848 1543 Romae
858 1503 946 1541 unam
957 1502 1017 1542 csse
1067 1488 1207 1544 ncrabiles
1219 1487 1378 1558 episcopos,
1389 1487 1509 1542 Felicem
1521 1489 1550 1540 et
1558 1486 1736 1541 Dioscorum
1746 1484 1881 1552 diaconos,

202 1583 308 1656 accipio
320 1583 399 1638 illam
412 1582 510 1638 sedem
524 1581 644 1653 apostoli
658 1581 731 1636 Petri
748 1585 777 1636 ct
789 1581 869 1635 istius
887 1583 1018 1651 augustae
1067 1585 1097 1636 et
1111 1582 1250 1636 Blandum
1269 1580 1479 1652 presbyterum.
1495 1580 1529 1634 Et
1548 1579 1605 1634 alia
1624 1595 1722 1633 mann
1737 1595 1745 1633 ε
1759 1581 1880 1643 loannes,

201 1678 323 1732 civitatis
336 1693 423 1732 unam
439 1692 499 1731 esse
514 1675 628 1731 definio.
644 1674 782 1730 Omnibus
794 1675 863 1730 aclis
876 1674 1017 1728 assuetis
1066 1675 1261 1731 misericordia
1275 1674 1327 1729 Dei
1340 1673 1488 1746 episcopus
1500 1672 1828 1744 constantinopolitana
1841 1690 1882 1727 no

202 1772 280 1826 simis
306 1775 428 1843 quatuor
455 1770 581 1842 synodis,
605 1769 635 1823 id
657 1774 708 1835 est,
732 1769 854 1837 Nicoma,
875 1768 1016 1823 Constan·
1027 1737 1055 1809 B
1067 1769 1148 1825 vellae
1162 1770 1261 1824 llomae
1277 1767 1345 1822 huic
1357 1783 1404 1822 mc
1414 1766 1586 1838 professioni
1600 1766 1791 1822 consentiens
1803 1768 1882 1821 omni·

200 1865 319 1936 tinopoli
333 1871 362 1919 ct
374 1863 476 1936 Ephesi
491 1869 519 1919 et
534 1862 734 1929 Chalcedona,
749 1862 783 1916 de
797 1860 1016 1917 confirmatione
1065 1863 1118 1917 bus
1134 1860 1301 1934 supradictis
1324 1859 1478 1931 subscripsi
1501 1875 1588 1915 sanus
1613 1859 1645 1914 iu
1676 1859 1814 1915 Domino.
1835 1860 1882 1914 Ora

196 1958 267 2020 fidei
282 1958 409 2013 inst'tuta
431 1975 492 2012 csse
508 1956 641 2012 Ecclesiae
660 1955 791 2022 assentio,
806 1959 834 2010 et
856 1954 926 2009 nihil
947 1953 1015 2009 titu·
1066 1973 1118 2029 pro
1140 1955 1232 2025 uobis,
1256 1954 1432 2010 sanctissime
1454 1955 1484 2009 et
1503 1952 1671 2009 beatissime
1694 1953 1795 2009 frater.
1820 1953 1883 2008 Data

201 2053 267 2107 bare
281 2052 316 2107 de
331 2051 403 2106 bene
424 2051 558 2122 judicatis
578 2050 681 2122 patior.
704 2050 757 2105 Sed
773 2053 802 2107 et
816 2053 953 2104 conantes
968 2052 1018 2103 aut
1067 2065 1167 2105 mense
1189 2048 1298 2118 llartio,
1313 2048 1358 2104 die
1378 2064 1475 2114 xxvur,
1490 2047 1646 2102 indictione
1671 2064 1715 2115 11,
1729 2047 1882 2102 consulibus

202 2146 279 2200 nisos
287 2161 378 2215 usquc
391 2145 428 2199 ad
436 2161 527 2199 riuum
541 2143 652 2216 apicem
666 2143 834 2214 placitorum
847 2141 1016 2215 perturbare
1066 2143 1187 2199 Domino
1202 2142 1313 2199 tustino
1334 2142 1507 2213 imperatore
1522 2143 1651 2212 Augusto
1675 2144 1707 2195 et
1729 2141 1848 2197 Heradio
1860 2157 1882 2195 u

200 2240 293 2310 lapsos
309 2255 367 2293 esse
384 2255 401 2293 a
419 2242 518 2293 sancta
539 2238 591 2292 llei
607 2237 730 2309 generali
746 2241 775 2292 et
792 2235 945 2308 apostolica
965 2238 1015 2292 Ec·
1066 2255 1107 2293 cc.
1122 2253 1180 2292 aera
1192 2252 1235 2292 nc.

201 2333 284 2388 clesia
297 2332 364 2400 scio,
380 2337 408 2386 et
420 2332 477 2387 tuis
487 2331 581 2386 verbis
593 2337 671 2387 recte
684 2330 765 2386 dictis
776 2331 922 2386 evidenter
932 2335 1016 2386 utens
1066 2355 1189 2426 Epistola
1221 2353 1372 2410 pompm
1400 2365 1480 2423 papa,
1505 2351 1543 2406 ap
1565 2353 1702 2406 poam
1739 2356 1882 2424 ww,

202 2426 418 2498 perpraesentia
432 2425 536 2497 scripta
549 2425 610 2480 haec
624 2425 696 2493 dico,
709 2425 878 2496 quiaprima
891 2425 1018 2479 salusest
1101 2426 1236 2480 Militaaae
1256 2425 1381 2480 Ecclesiae
1401 2423 1434 2478 de
1451 2425 1636 2478 communione
1662 2425 1880 2496 Commottaopo-

200 2526 277 2576 recte
292 2520 360 2575 fidei
380 2520 510 2591 regulam
535 2519 687 2589 custodire,
705 2524 765 2574 eta
787 2521 903 2574 Petrum
928 2518 1016 2574 tradi·
1103 2499 1195 2552 mm
1207 2497 1339 2553 mm·

200 2615 278 2670 tione
292 2614 454 2670 nullatenus
475 2613 602 2679 deviare3
620 2613 685 2685 qnia
709 2629 767 2668 non
790 2616 882 2684 potest
903 2612 1016 2668 llomini
1102 2615 1173 2669 Vota
1183 2616 1282 2668 nostra
1297 2611 1467 2668 charitatem
1482 2615 1561 2666 tuam
1577 2611 1672 2666 latere
1694 2613 1840 2679 nolumus,
1852 2629 1883 2668 ne

200 2708 290 2764 nostri
304 2709 370 2764 Jesu
388 2708 569 2779 praetermitti
585 2706 727 2761 sententia
743 2707 862 2761 dicentis
879 2723 885 2761 :
904 2725 917 2757 ι(
933 2706 972 2760 Tu
988 2721 1017 2761 es
1067 2707 1116 2780 qni
1137 2705 1280 2778 particeps
1301 2704 1355 2760 fuit
1377 2703 1572 2760 sollicitudinis
1596 2705 1778 2776 gaudiorum
1798 2706 1883 2762 lmctu

202 2803 300 2856 Petrus
318 2804 346 2855 et
360 2816 447 2871 super
464 2800 539 2854 hanc
562 2804 675 2870 petram
698 2799 840 2855 aedilicabo
862 2798 1017 2854 Ecclesiam
1067 2801 1204 2856 reddatur
1220 2799 1349 2869 extorris,
1362 2798 1469 2893 etlideo
1481 2799 1834 2872 constantinopolitanam
1842 2802 1885 2855 Ec

203 2910 298 2948 ineam
312 2894 420 2965 (Motth.
437 2910 493 2960 rvr,
505 2895 557 2962 lt),
571 2915 584 2940 u
600 2894 662 2948 haec
675 2909 740 2964 quae
754 2892 829 2947 dicta
844 2896 911 2946 sunt
919 2908 1016 2947 rerum
1067 2895 1181 2951 clesiam
1194 2893 1229 2949 ad
1245 2892 1479 2949 communionem
1491 2898 1620 2948 nostram
1634 2894 1760 2950 rediisse
1770 2895 1884 2950 Domino

201 2986 526 3058 probanturellectibus,
539 2986 606 3056 qnia
619 2985 724 3042 insede
738 2985 1017 3057 apostolicainviole-
1066 2988 1240 3061 propitiante
1265 2986 1443 3043 tradentibus
1470 2986 1671 3057 significamus
1696 2989 1839 3060 alloquiis,
1862 2994 1885 3044 ct

201 3081 265 3135 hilis
278 3096 392 3150 semper
403 3079 545 3135 catholica
559 3080 717 3135 custoditur
726 3079 826 3151 religio
838 3096 844 3134 :
857 3078 918 3134 heac
929 3079 1054 3184 igiturc
1067 3081 1267 3138 mandatorum
1278 3097 1342 3153 quus
1352 3080 1453 3152 legatis
1461 3079 1565 3136 nostris
1573 3080 1711 3137 dedimus
1719 3083 1751 3137 in
1761 3083 1885 3138 omuibus

203 3175 282 3230 fides.
297 3173 353 3227 h'ec
366 3173 467 3228 cadere
482 3172 640 3244 cupientes,
657 3173 708 3228 sed
730 3174 846 3228 Petrum
866 3179 1017 3245 sequentes
1067 3176 1169 3231 seriem
1184 3175 1270 3229 fuisse
1293 3173 1476 3246 completam,
1490 3174 1526 3230 de
1541 3189 1598 3246 qua
1611 3180 1710 3246 parte,
1720 3180 1757 3232 ut
1771 3177 1808 3232 ed
1821 3177 1883 3231 dila·

202 3270 231 3323 in
246 3266 378 3322 omnibus
392 3267 547 3322 constitute
559 3267 830 3322 anathematizantes
844 3282 942 3323 omnes
957 3267 1014 3323 hae·
1066 3270 1191 3325 chonam
1202 3273 1281 3324 tuam
1293 3268 1405 3340 plenius
1417 3267 1550 3339 perfecta
1562 3267 1709 3339 gaudium
1717 3271 1883 3342 panepho,

202 3378 278 3417 reses
291 3366 319 3416 et
330 3361 472 3432 praecipue
485 3361 647 3416 Nestorium
663 3360 840 3430 haereticum,
857 3363 906 3433 qui
922 3377 1015 3433 quon·
1065 3363 1154 3419 libelli
1165 3362 1281 3418 loannis
1294 3362 1389 3417 fmtris
1398 3365 1426 3417 et
1436 3361 1650 3417 consacerdotis
1661 3365 1759 3420 nostri
1771 3365 1884 3436 episcopi

202 3457 268 3511 daur
277 3454 596 3525 constantinopolitana
610 3455 689 3509 urhis
702 3455 756 3510 fuit
769 3455 928 3527 episcopus,
940 3455 1016 3510 dam·
1065 3455 1371 3528 constantinopolitani
1377 3455 1515 3512 etJustini
1522 3456 1748 3513 clementissimi
1757 3459 1884 3531 principis

201 3552 301 3604 uatum
316 3549 344 3603 in
359 3548 476 3603 conciho
491 3548 631 3619 Ephesino
645 3565 661 3603 a
676 3548 760 3603 beato
780 3549 929 3605 Coelestino
943 3565 1017 3621 papa
1066 3550 1189 3606 Orientis
1216 3566 1361 3605 sacrarum
1387 3549 1548 3606 litterarum
1580 3553 1764 3624 exemplaria
1789 3553 1884 3626 pariter

201 3642 280 3697 iubis
299 3645 407 3712 ltomae,
424 3647 485 3697 eta
506 3642 664 3697 venerabili
685 3642 745 3697 viro
765 3643 868 3714 Cyrillo
884 3643 1016 3714 episcopo
1066 3644 1240 3699 credidimus
1259 3643 1438 3710 destinanda,
1451 3643 1613 3715 judicantes
1628 3646 1825 3704 nihilomiuus
1840 3663 1883 3719 per

201 3736 400 3792 alexandrina
413 3736 531 3791 civitatis
544 3739 573 3790 et
586 3752 720 3791 unacum
733 3737 782 3792 illo
796 3737 1017 3792 anathematiza·
1066 3737 1188 3794 Orientis
1202 3740 1298 3810 partes
1319 3737 1456 3810 plurimos
1477 3737 1627 3810 episcopos
1651 3740 1694 3796 sic
1712 3742 1825 3798 fecisse.
1838 3743 1880 3797 So·

203 3847 275 3898 inus,
286 3835 314 3885 et
324 3830 482 3899 Eutichem,
493 3833 522 3884 et
533 3830 698 3885 [hoscorum
712 3830 912 3885 Alexandrinae
923 3831 1017 3886 cirita·
1067 3839 1163 3904 peresi
1175 3835 1208 3887 ut
1220 3849 1237 3886 a
1250 3831 1333 3888 nobis
1355 3831 1583 3903 competentibus
1607 3834 1750 3904 precibus
1763 3837 1880 3892 dirinim

203 3923 1017 3996 tisepiscopum,damnatuminsanctasynodoChalcedo·
1067 3929 1183 3982 exorata
1195 3925 1339 3992 concedat,
1354 3930 1492 3997 quatenus
1515 3925 1550 3981 de
1571 3925 1698 3983 aliarum
1714 3946 1827 4002 quoque
1840 3931 1880 3985 Ec·

201 4017 284 4073 uenai
299 4034 385 4090 quam
399 4021 569 4072 venerantes
590 4018 736 4090 sequimur
755 4020 784 4072 et
804 4018 1014 4090 amplectimur.
1065 4020 1214 4076 clesiarum
1230 4019 1476 4091 redintegratione
1491 4020 1688 4091 gratulemur.
1702 4024 1744 4079 Ea
1753 4039 1877 4095 remque

201 4113 269 4176 Ouae
289 4127 411 4182 sequens
426 4114 551 4166 sanctam
566 4111 709 4182 synodum
723 4111 868 4167 Nicaenam
884 4113 1017 4182 apostoli·
1066 4114 1227 4184 significare
1241 4113 1412 4180 curavimus,
1423 4113 1453 4168 in
1464 4129 1565 4169 eorum
1580 4116 1768 4173 sacerdotum
1780 4117 1877 4189 quifra-

202 4203 359 4260 camfidem
373 4204 551 4275 praedicarim
566 4204 610 4258 his
620 4205 825 4275 conjungentes
835 4204 1015 4261 Timotheum
1066 4207 1194 4262 ternitati
1214 4212 1271 4262 tuas
1284 4206 1370 4262 vicini
1390 4211 1457 4263 suut
1471 4206 1585 4262 curabis
1602 4211 1741 4280 perferre
1760 4210 1874 4266 notitiam

204 4297 790 4369 parricidam,hellurumcognominatum,
799 4299 1017 4355 anathematiza·
1066 4306 1099 4356 nt
1111 4306 1138 4357 et
1150 4301 1203 4373 ipsi
1216 4302 1252 4356 de
1269 4300 1372 4356 effectu
1386 4305 1473 4356 tanta
1486 4301 1528 4357 rei
1544 4301 1655 4372 gratias
1668 4304 1816 4360 nobiscum
1828 4319 1871 4358 ooe·

202 4408 277 4461 mus,
292 4392 321 4445 ct
337 4390 424 4462 hujus
437 4389 608 4463 discipulum
627 4396 656 4446 et
671 4406 821 4463 sequacem
836 4391 867 4447 in
882 4393 1016 4449 omnibus
1066 4394 1145 4450 lestis
1163 4394 1364 4450 misericordiae
1387 4393 1532 4450 beneficiis
1553 4395 1664 4452 referre
1687 4414 1747 4454 non
1769 4401 1869 4454 cessem.

201 4489 316 4542 Petrum
329 4484 552 4541 Alexandrinum
562 4484 694 4541 similiter
704 4484 934 4543 condemnantes.
946 4492 1016 4543 Ana·
1026 4481 1055 4554 D
1067 4488 1142 4543 Deus
1155 4493 1183 4543 te
1196 4487 1369 4542 incolumem
1382 4487 1532 4557 custodiat,
1547 4489 1640 4544 frater
1657 4491 1828 4547 charissime.

200 4580 419 4635 thematizamus
447 4578 579 4634 similiter
605 4579 739 4635 Acacium
772 4580 917 4651 quondam
943 4581 1014 4637 Con·
1066 4607 1131 4661 pem
1150 4605 1187 4659 ad
1201 4607 1330 4660 mmmm
1352 4607 1505 4675 episcopum
1527 4605 1561 4660 pe
1583 4605 1696 4664 directi,
1712 4609 1837 4665 mmm
1850 4608 1868 4657 p

200 4674 458 4745 stautinopolitanas
468 4672 544 4729 urbis
552 4674 728 4745 episcopum,
740 4674 907 4745 complicem
917 4690 1016 4731 corum
1366 4677 1423 4730 oioc
1434 4679 1583 4732 commissa.

201 4768 229 4821 et
242 4783 391 4838 sequacem
406 4768 522 4835 factum,
536 4783 589 4821 nec
603 4783 661 4821 non
679 4769 709 4821 et
720 4772 953 4837 perseverantem
967 4784 1013 4823 eo·
1101 4768 1290 4824 Dilectissimo
1312 4768 1392 4824 fratri
1403 4770 1504 4825 losum
1516 4770 1670 4827 tlonursns.

201 4876 265 4914 rum
285 4860 480 4915 communioni
496 4863 524 4915 et
541 4860 763 4932 participationi.
786 4861 914 4924 Quorum
936 4862 1014 4917 enim
1102 4861 1863 4938 Fecitdilectiotuaremcharitatietildeicongruenteu

201 4953 263 5022 quis
276 4953 512 5009 communionem
525 4954 707 5026 amplectitur
715 4969 814 5009 eorum
828 4954 950 5011 similem
963 4956 1014 5012 ad·
1066 4961 1096 5012 ut
1103 4956 1256 5011 adrentum
1266 4972 1350 5012 suum
1359 4956 1395 5010 ad
1403 4956 1514 5012 ltaliam
1521 4956 1605 5012 nobis
1613 4957 1734 5016 dhectis
1740 4958 1864 5016 litterisiu·

195 5046 404 5117 judicationem
420 5047 449 5102 in
464 5047 701 5104 condemnatione
714 5049 908 5121 consequitur.
924 5049 1015 5105 Simili
1065 5050 1183 5117 dicaret,
1197 5053 1225 5105 et
1237 5066 1301 5121 quae
1313 5049 1343 5104 in
1359 5054 1386 5105 te
1400 5050 1437 5105 sit
1451 5066 1562 5105 summa
1579 5051 1725 5125 religiosa
1738 5050 1864 5110 voluntatis
1927 5118 1929 5127 Ι

199 5141 284 5196 modo
300 5145 328 5196 et
348 5143 463 5197 Petrum
481 5141 689 5198 Antiochorum
706 5143 933 5199 condemnantes
950 5160 1014 5199 ana·
1064 5142 1333 5216 ostenderethtque
1347 5144 1864 5216 uhnamadpleniorisalfcctussatiets·
1927 5138 1929 5153 '

198 5235 417 5291 thematizamus
431 5252 496 5291 cum
511 5236 680 5308 sequacibus
692 5237 759 5304 suis,
777 5241 806 5293 et
821 5236 953 5292 omuibus
967 5254 1013 5291 su·
1065 5238 1352 5310 tampraesentieetuae
1361 5238 1443 5293 nobis
1457 5238 1562 5310 gaudia
1573 5239 1778 5313 contigissent,
1786 5246 1814 5296 ut
1821 5252 1864 5312 grs-

198 5329 382 5401 prescriptis:
397 5329 475 5385 unde
491 5330 647 5401 probamus
662 5335 690 5386 et
705 5330 904 5402 amplectimur
913 5330 1014 5400 episto
1063 5330 1864 5409 tularemurnosetcolloquioetpoenitcutiafrui,qnamss

197 5423 237 5477 las
252 5439 351 5478 omnes
366 5424 443 5480 beati
456 5424 558 5480 Leonis
569 5441 651 5496 papas
664 5423 741 5479 urhis
755 5426 852 5479 noma
867 5439 938 5496 quas
950 5440 1013 5480 con·
1063 5424 1862 5502 musanteperscriptacomplexi,rcrumtamenprobesti‚

198 5515 308 5587 scripsit
322 5517 358 5572 de
372 5520 450 5574 recta
462 5518 529 5575 lide.
544 5518 733 5590 Quapropter,
744 5517 818 5572 sicut
829 5516 1013 5589 prediximus
1063 5517 1244 5572 dilectissime
1264 5518 1360 5587 frater,
1375 5534 1432 5590 quo
1450 5517 1646 5576 Christianam
1660 5520 1752 5579 fldem
1764 5533 1862 5578 reuers-

196 5611 381 5680 sequentcsin
390 5612 522 5667 omnibus
532 5611 630 5668 sedem
639 5610 871 5682 apostolicam,et
877 5611 1013 5682 proedica·
1063 5610 1715 5684 rtsaffectultumeaquaeadregulasl’utrum
1725 5613 1861 5689 perlinam.

195 5715 259 5755 nius
272 5703 370 5757 omnia
383 5721 447 5775 quae
463 5705 498 5759 ab
515 5705 575 5777 ipsa
596 5705 710 5760 decreta
724 5707 791 5758 sunt
808 5708 837 5758 et
856 5708 1011 5777 propterea
1061 5709 1091 5760 et
1102 5705 1137 5760 ad
1151 5704 1284 5760 mandata
1297 5704 1436 5760 catholica
1451 5705 1511 5761 sine
1524 5705 1621 5778 aliqua
1634 5709 1720 5781 cupis
1729 5711 1864 5780 mammet

193 5808 275 5862 spero
290 5796 319 5851 iu
331 5812 388 5851 una
409 5799 665 5856 communicatione
679 5798 824 5857 vobiscum
840 5814 927 5872 quam
942 5815 1009 5872 apo·
1059 5799 1138 5855 sione
1151 5814 1264 5854 servare
1276 5814 1402 5871 sperans,
1419 5803 1450 5854 ut
1462 5798 1626 5872 prorogetis
1645 5801 1824 5876 &sumimus
1835 5797 1862 5853 ul
