3870 6150
193 237 258 292 ιιιι
628 237 771 293 arnano.
792 237 837 293 ιιι
856 238 938 293 sne.
959 239 1002 293 ιι.
1018 239 1185 294 -ιιιιιοιιι
1204 237 1418 295 nanmrotns
1531 226 1538 231 '
1807 246 1870 302 ιιιι

187 343 348 415 prosilirent
360 342 551 414 iniquitatem,
567 361 624 398 non
639 345 716 400 enim
728 361 782 417 per
790 346 966 418 probabilem
976 347 1140 434 etAetiam
1157 363 1211 419 per
1233 346 1379 403 ministros
1401 364 1466 404 suos
1489 348 1624 420 intonuit,
1643 349 1745 406 diceus
1762 368 1769 406 ι
1788 375 1802 402 «
1816 354 1876 409 uiui

186 436 335 509 pristinam
349 435 510 491 doctrinam
527 437 582 492 hoc
593 437 712 506 iaciunt,
726 439 776 494 sed
789 442 822 495 nt
833 456 913 495 sitam
928 456 1004 496 exer·
1053 439 1210 496 vindictam
1224 457 1278 513 ego
1292 440 1448 497 retribuam
1461 441 1546 514 (stom.
1560 459 1611 510 ru,
1626 444 1688 514 {913
1705 465 1720 494 n
1736 461 1789 501 vos
1803 448 1874 502 euim

188 529 314 588 ceaulin
329 545 425 585 servos
442 530 493 587 Dei
511 529 673 587 vindictam.
690 531 832 604 Scriptum
848 536 891 588 est
902 533 980 589 enim
995 551 1002 588 ε
1054 532 1084 589 in
1101 538 1179 589 recta
1192 534 1248 589 ilde
1260 551 1292 589 ac
1304 550 1376 606 pura
1385 538 1414 590 et
1423 535 1501 592 bona
1512 537 1658 593 voluntate
1672 539 1831 596 succurrite
1840 542 1875 596 ri·

189 644 203 672 n
223 622 273 678 Via
288 621 368 678 stulti
382 628 460 679 recta
474 623 504 679 in
521 624 609 679 oculis
624 625 685 695 eJus
706 625 794 696 (Pron.
816 643 864 694 ιιι,
884 630 936 698 l5t;
952 630 1003 681 et:
1055 626 1159 694 eissim,
1175 643 1229 682 nec
1250 627 1352 700 aliquis
1367 630 1593 702 asupplemento
1609 631 1709 686 fratris
1733 633 1878 690 subtrahat

190 715 943 790 «Suntviaequaevidenturhominijustae,novissima
954 735 1004 775 au·
1055 736 1184 788 manum,
1200 721 1335 793 quoniam
1354 721 1384 777 in
1403 721 1467 792 hoc,
1487 724 1528 778 ait
1541 724 1692 796 Dominus,
1708 734 1878 799 cognoscent

187 814 247 865 tem
257 825 357 864 aarum
368 809 514 866 deducunt
522 810 560 865 ad
567 814 688 867 mortem
697 811 786 882 (Pron.
801 829 857 882 xiv,
868 815 1006 883 titanos
1055 830 1166 883 omnes,
1180 815 1248 886 qnia
1267 816 1325 871 mei
1340 815 1407 871 estis
1421 816 1560 889 discipuli,
1581 818 1604 874 si
1620 819 1812 876 dilectionem
1831 822 1877 877 ha·

188 902 265 958 enim
279 904 328 976 qui
341 904 402 959 haec
415 905 542 976 patimur
550 904 658 976 judicio
669 905 719 960 [lei
732 906 792 961 hac
802 921 947 962 reservare
956 907 1004 962 de·
1055 907 1173 963 bueritis
1188 909 1224 963 ad
1245 908 1377 966 invicem.
1392 912 1461 966 Data
1480 911 1599 968 Kalend.
1619 913 1778 984 Noramb„
1793 915 1877 971 indic·

187 996 296 1065 bemus,
319 997 368 1069 qui
382 996 485 1054 reddet
497 997 651 1070 unicuique
661 998 746 1070 juxte
766 1015 854 1071 opera
869 1016 930 1056 sua.
953 999 1007 1066 Qui
1056 1001 1132 1059 tione
1145 1005 1187 1056 ts.

462 1396 747 1492 lNGlPlUNT
793 1399 1371 1518 uuunutluuueouu
1415 1404 1595 1497 PAPAE.

366 1741 403 1796 De
418 1741 491 1795 tnnc
508 1741 640 1795 mersione
654 1739 833 1810 baptismatis.
1018 1742 1234 1825 Bsacramenta
1249 1739 1408 1811 signamus,
1420 1743 1450 1793 ut
1462 1739 1532 1794 dum
1540 1737 1627 1794 tertio
1644 1738 1683 1794 ab
1696 1739 1783 1811 aquis
1796 1738 1880 1794 intans

227 1852 472 1909 Reverendissimo
488 1856 518 1908 et
531 1853 709 1909 sanctissimo
728 1854 809 1911 fratri
824 1855 950 1911 Lmnnno
963 1869 1009 1908 co·
1060 1831 1201 1901 educlfflfa
1218 1832 1387 1888 mmmm
1398 1832 1522 1888 triduani
1535 1832 1678 1904 ῑθῙῘΨθ1ιίὶῆ
1694 1832 1877 1905 “primm

191 1947 322 2019 episcopo
335 1947 489 2004 Gnacomns
502 1964 601 2003 servus
613 1964 759 2005 servorum
774 1948 836 2003 Dei.
1155 1947 1221 2001 ltem
1236 1945 1274 2000 ad
1286 1945 1440 2001 leandrum
1452 1945 1609 2016 Spelnuem
1622 1947 1796 2017 episcopum.

227 2041 405 2112 Respondere
418 2041 545 2112 epistolis
554 2040 653 2097 vestris
663 2045 723 2097 tota
735 2041 892 2096 intentione
905 2041 1010 2096 voluis·
1096 2037 1259 2094 sanctitatis
1271 2042 1373 2094 vestrae
1392 2038 1502 2111 suscepi
1516 2038 1675 2111 epistolam
1687 2039 1783 2094 solius
1796 2039 1876 2094 cbari-

191 2133 313 2188 semnisi
322 2134 651 2204 pastoraliscnraeiteme
659 2134 1011 2202 laborattereret‚ntmihi
1060 2131 1126 2186 tatis
1139 2132 1252 2187 calamo
1265 2132 1414 2204 scriptam,
1425 2132 1553 2188 excorde
1565 2132 1648 2188 euim
1655 2132 1763 2205 lingua
1769 2133 1878 2189 tinxerat

190 2227 282 2298 ningis
294 2226 364 2283 flere
377 2227 467 2283 libeat
480 2244 567 2300 quam
587 2228 694 2300 aliquid
707 2229 811 2285 dicere.
825 2228 905 2293 Quod
918 2231 1011 2283 vestra
1060 2225 1136 2297 quod
1154 2225 1184 2281 in
1199 2226 1304 2281 charta
1324 2225 1429 2298 pagina
1442 2225 1625 2283 refundebat.
1644 2226 1719 2281 Boni
1737 2231 1832 2283 autam
1843 2244 1876 2282 ιι·

191 2337 305 2394 quoqne
321 2321 481 2377 reverentia
496 2321 598 2394 inipso
612 2322 774 2378 litterarum
787 2338 917 2378 mearum
932 2326 1011 2378 textu
1061 2319 1228 2391 pientesqua
1248 2319 1301 2374 viri
1322 2335 1387 2374 cum
1409 2318 1555 2390 legeretur
1572 2319 1749 2390 adfuerunt,
1768 2336 1875 2394 quorun

190 2415 343 2487 vigilanter
361 2415 511 2488 intelliget,
527 2415 642 2489 quando
665 2417 692 2472 ai
712 2417 893 2489 negligenter
911 2417 1012 2488 loquor
1061 2413 1156 2468 statim
1169 2413 1199 2467 iu
1213 2413 1432 2486 compunctione
1444 2413 1553 2469 viscera
1567 2419 1722 2471 commota
1738 2421 1815 2471 suut.
1828 2416 1875 2471 Cn·

191 2525 275 2581 quem
288 2509 473 2565 vehementer
488 2509 586 2581 diligo.
602 2510 698 2565 Tantis
723 2510 829 2583 quippe
841 2509 871 2565 iu
884 2510 939 2586 ¹hoc
951 2510 1012 2565 loco
1062 2506 1103 2578 pit
1124 2505 1244 2578 qiiisque
1264 2506 1369 2562 amoris
1390 2523 1478 2562 manu
1498 2506 1528 2562 iu
1551 2525 1603 2562 suo
1628 2509 1719 2564 corde
1737 2511 1768 2564 ta
1781 2525 1875 2582 rapere,

191 2602 389 2674 hujusmundi
408 2603 541 2659 fluctibus
555 2603 679 2675 quatior,
695 2607 727 2659 ut
741 2606 881 2660 vetustam
900 2620 933 2659 ac
945 2603 1009 2659 lati·
1061 2598 1130 2672 quia
1142 2599 1172 2654 in
1182 2599 1230 2655 illa
1245 2600 1363 2670 epistola
1373 2605 1429 2656 tuae
1443 2601 1547 2656 mentis
1560 2601 1755 2658 dulcedinem
1766 2607 1878 2658 nannet

191 2700 317 2752 scentem
331 2712 433 2753 navem
447 2713 536 2769 quam
550 2697 708 2768 regendam
717 2699 828 2753 occulta
840 2696 891 2752 Dei
901 2697 1012 2768 dispen-
1062 2691 1171 2760 audire,
1188 2693 1238 2749 sed
1252 2709 1376 2749 cernere.
1393 2694 1637 2750 accendebantur
1658 2698 1686 2751 ot
1711 2696 1878 2752 mirabaatru

193 2790 301 2845 satione
325 2790 456 2862 suscepi,
490 2789 526 2845 ad
550 2793 667 2862 portum
693 2790 818 2863 dirigere
847 2790 1012 2846 nullatanus
1062 2785 1176 2859 singuli,
1196 2791 1281 2859 atque
1302 2787 1362 2859 ipse
1386 2787 1462 2860 ignis
1474 2787 1656 2844 audientium
1671 2788 1878 2846 demonstrabat

192 2883 308 2953 possim.
322 2885 402 2939 Nunc
426 2900 460 2938 er
487 2882 597 2939 diverso
620 2882 723 2938 fluctus
743 2884 866 2939 irruunt.
885 2885 965 2939 Nunc
978 2900 1012 2939 er
1062 2881 1112 2952 qui
1125 2880 1210 2936 luerit
1222 2881 1310 2936 ardor
1322 2880 1441 2937 dicentis
1451 2899 1458 2949 ;
1470 2881 1523 2936 nisi
1533 2881 1613 2937 enim
1624 2882 1710 2954 prius
1722 2883 1757 2938 in
1772 2900 1801 2940 se
1815 2884 1876 2938 laces

191 2976 281 3031 latere
296 2975 403 3030 cumuli
423 2976 553 3046 spumosi
574 2976 661 3030 maris
680 2975 885 3032 intumescunt.
900 2977 1013 3032 Nunca
1063 2973 1192 3042 ardeant,
1210 2973 1298 3028 alium
1317 2991 1375 3030 uon
1395 2974 1581 3031 succendunt.
1601 2975 1647 3031 lbi
1658 2975 1756 3049 igitur
1769 2976 1877 3032 vidimus

192 3075 275 3141 tergo
284 3072 439 3140 tempestas
448 3068 618 3141 insequitur,
628 3069 759 3142 interque
773 3069 872 3125 omnia
881 3071 1013 3126 turbatus
1063 3070 1170 3140 quanta
1185 3067 1322 3123 charitate
1345 3071 1392 3124 tua
1416 3085 1498 3124 mens
1517 3068 1622 3125 arserit
1638 3086 1706 3142 qnae
1723 3071 1765 3127 sic
1779 3076 1807 3127 et
1819 3070 1878 3125 alios

193 3178 282 3234 cogor
294 3163 382 3218 modo
395 3163 470 3219 inter
483 3162 558 3235 ipsas
570 3163 711 3219 undarum
726 3164 816 3219 moles
828 3180 931 3220 navem
942 3163 1012 3220 diri·
1022 3121 1051 3198 c
1063 3162 1200 3223 accendit.
1226 3161 1314 3216 Vitam
1337 3177 1403 3218 vero
1427 3166 1559 3232 vestram,
1584 3163 1669 3235 cnjus
1696 3181 1755 3236 ego
1778 3179 1878 3236 semper

193 3273 270 3327 gere,
290 3257 375 3312 modo
389 3260 504 3313 cameto
520 3256 600 3313 navis
613 3257 700 3313 latera
713 3257 808 3314 minas
822 3256 963 3313 fluctuum
978 3275 1013 3314 ex
1063 3271 1128 3309 cum
1142 3271 1247 3328 magua
1256 3255 1439 3311 veneratione
1451 3256 1632 3326 reminiscor,
1640 3257 1769 3315 minima
1777 3262 1876 3321 norant,

193 3350 308 3423 obliquo
330 3350 481 3406 declinare.
498 3350 552 3407 Sed
567 3351 734 3422 ingemisco,
748 3351 918 3423 quissentio
934 3351 1013 3423 quod
1063 3349 1113 3404 sed
1135 3349 1176 3403 ais
1196 3348 1316 3405 altitudo
1338 3349 1427 3405 nestri
1448 3350 1543 3406 cordis
1565 3351 1660 3423 patuit
1679 3368 1716 3408 ex
1732 3352 1877 3409 humilitate

193 3444 360 3517 negligente
375 3460 420 3500 me
440 3445 541 3500 crescit
559 3444 671 3500 sentina
683 3445 829 3515 vitiorum,
845 3447 1014 3517 tempestate
1064 3443 1214 3498 sermonis.
1235 3443 1325 3498 Vitam
1338 3447 1435 3498 autam
1448 3460 1544 3500 meam
1560 3445 1675 3501 cunctis
1689 3462 1754 3502 esse
1766 3444 1877 3502 imitabi-

193 3538 306 3594 fortitar
318 3538 457 3605 obviante,
467 3539 528 3609 jam
541 3555 600 3610 prae
615 3538 768 3611 putredine
782 3537 966 3611 naufragium
975 3542 1014 3594 ta·
1063 3535 1121 3591 lem
1135 3536 1183 3592 illa
1196 3539 1288 3592 vestra
1300 3537 1418 3609 epistola
1432 3536 1568 3609 loquitur.
1588 3538 1645 3594 Sed
1664 3541 1752 3612 quod
1773 3556 1827 3596 non
1844 3545 1879 3593 est

194 3633 270 3687 bulae
286 3633 402 3699 sonant;
426 3630 499 3688 flens
522 3631 690 3688 reminiscor
715 3632 792 3703 quod
813 3632 922 3705 perdidi
941 3648 1014 3688 mere
1064 3629 1105 3684 ita
1120 3634 1152 3685 ut
1163 3630 1276 3699 dicitur,
1298 3630 1335 3685 sit
1351 3631 1391 3686 ita
1412 3631 1479 3703 quia
1497 3631 1614 3701 dicitur,
1629 3647 1667 3688 ne
1685 3634 1740 3705 qui
1753 3633 1879 3689 nousolet

195 3725 338 3797 placidum
352 3724 431 3780 littus
445 3724 773 3799 quietis,etsuspi1uudo
783 3728 890 3781 terram
900 3726 1012 3798 conspi-
1064 3723 1230 3779 mentiatur.
1244 3722 1285 3780 ltd
1298 3724 1358 3780 haec
1373 3727 1470 3780 autem
1482 3724 1607 3780 breviter
1620 3725 1779 3797 cujusdam
1791 3726 1880 3783 retcrb

194 3819 249 3887 cio,
261 3834 348 3891 quam
358 3823 456 3875 tamen
466 3834 563 3874 rerum
574 3819 682 3875 eventis
693 3818 909 3875 adversantibus
917 3823 1015 3875 tenere
1065 3817 1194 3873 mulieris
1207 3818 1291 3874 verba
1301 3818 1404 3890 loquor
1419 3837 1425 3875 ι
1439 3840 1453 3869 «
1468 3819 1557 3874 Nolite
1567 3835 1616 3874 ma
1627 3836 1736 3876 vocare
1746 3819 1878 3890 Noemi,id

194 3929 253 3968 nou
267 3928 393 3984 possum.
409 3912 439 3969 Si
461 3929 530 3985 ergo
544 3929 600 3979 mc,
614 3912 702 3968 frater
717 3911 892 3980 charissime,
910 3912 1014 3984 diligis,
1065 3916 1116 3980 ast,
1127 3911 1289 3982 pulchram,
1304 3911 1355 3967 sed
1368 3916 1466 3968 vocate
1476 3928 1522 3967 me
1536 3913 1657 3982 lteram,
1669 3915 1745 3987 quia
1756 3915 1878 3970 amaritu-

196 4006 239 4061 his
254 4009 310 4062 tuae
326 4006 398 4062 mihi
419 4006 556 4063 orationis
570 4006 600 4061 iu
617 4005 749 4062 ductibus
769 4022 889 4061 manum
904 4006 1013 4076 tendas,
1065 4003 1132 4060 dine
1146 4005 1230 4075 plena
1243 4020 1307 4059 sum
1323 4004 1414 4073 (unte.
1427 4022 1445 4071 1,
1454 4004 1515 4075 ιο);
1531 4026 1546 4056 ι
1560 4020 1668 4077 neque,
1685 4007 1764 4064 bone
1777 4008 1826 4074 ιιι,
1840 4006 1879 4061 bo

194 4116 252 4171 quo
267 4099 446 4156 laborantem
459 4116 506 4154 me
519 4099 646 4171 adjums,
661 4099 729 4172 quia
742 4115 775 4155 ex
788 4100 850 4171 ipsa
864 4099 924 4154 rice
936 4116 1014 4155 mer·
1066 4097 1112 4153 die
1122 4113 1175 4169 ego
1185 4113 1250 4152 sum
1259 4097 1306 4153 illa
1317 4114 1403 4169 ιιιιιιιι
1413 4098 1497 4154 nosti.
1508 4097 1642 4166 Omnino,
1651 4100 1759 4168 fateor,
1770 4099 1879 4157 ειιιιιιιι

196 4192 274 4247 cedis
295 4192 325 4248 in
347 4192 403 4248 tuis
424 4208 538 4264 quoque
563 4192 707 4248 laboribus
737 4193 875 4248 valentior
902 4193 1014 4249 existas.
1065 4190 1240 4262 proficiendo
1251 4190 1373 4246 interius
1382 4191 1481 4260 cecidi,
1490 4207 1598 4264 meque
1606 4193 1642 4247 de
1651 4209 1761 4250 eornm
1769 4207 1879 4250 numero

197 4285 316 4357 Explere
331 4290 427 4341 autem
444 4285 588 4356 loquendo
603 4286 765 4341 nullatenus
779 4285 859 4341 valeo
879 4286 1015 4358 gaudium
1066 4300 1126 4340 esse
1140 4284 1318 4356 pertimesco,
1336 4284 1488 4357 dequibus
1503 4285 1641 4358 scriptum
1653 4290 1722 4344 est:
1736 4311 1751 4340 «
1761 4285 1879 4360 lteJ'ecisti

196 4396 295 4436 meum
314 4379 390 4452 quod
409 4394 593 4434 communem
606 4378 697 4434 fllium
711 4379 868 4451 gloriosum
881 4380 1014 4436 Reccare-
1065 4394 1115 4434 eos
1131 4378 1200 4434 dum
1221 4380 1413 4435 allevarentur
1434 4379 1517 4448 (Psoi.
1539 4395 1622 4447 cxxii,
1641 4382 1697 4452 18).
1716 4403 1732 4431 ι
1758 4383 1827 4438 Cam
1845 4380 1879 4435 al·

197 4475 266 4531 dnm
279 4489 379 4546 regern
393 4472 706 4530 adcatholicemtidem
715 4473 902 4545 integerrima
914 4472 1176 4568 agnoviDlevatur
1198 4472 1276 4528 euim
1296 4471 1428 4544 dejicitur
1451 4473 1501 4544 qui
1528 4473 1690 4529 honoribus
1717 4475 1836 4547 proiicit,
1857 4480 1880 4527 at

196 4569 347 4625 devotione
370 4583 549 4624 conversum.
564 4567 651 4640 Ctrjus
671 4567 741 4624 dum
763 4567 834 4624 mihi
849 4568 1018 4641 perscripta
1067 4565 1193 4621 moribus
1215 4566 1301 4622 cadit.
1322 4568 1382 4638 Ego
1397 4566 1476 4653 euim
1491 4566 1549 4622 vias
1563 4567 1621 4622 mai
1635 4568 1741 4642 capitis
1759 4583 1879 4642 sequeus,

196 4668 286 4719 vestra
310 4679 408 4718 mores
427 4661 597 4733 exprimitis,
620 4678 718 4718 amare
745 4679 791 4718 me
816 4661 903 4718 etiam
930 4679 1016 4735 quem
1066 4674 1252 4732 summopere
1264 4676 1324 4716 esse
1333 4660 1513 4717 decreveram
1526 4660 1720 4733 opprobrium
1730 4663 1879 4726 hominum,

198 4755 293 4812 nescio
322 4755 438 4812 lecistis.
468 4756 523 4813 Sed
550 4754 619 4829 quia
645 4756 757 4828 antiqui
783 4755 872 4817 hostis
899 4756 1017 4813 insidias
1067 4758 1095 4808 et
1114 4752 1234 4824 abjectio
1247 4753 1337 4825 plebis
1353 4757 1439 4825 atqua
1458 4754 1488 4809 iu
1504 4754 1565 4826 ejus
1580 4758 1691 4811 sortem
1715 4773 1838 4823 currere,
1851 4754 1880 4809 de

197 4832 283 4916 scitis,
293 4849 545 4920 qnoainmbellum
557 4849 656 4905 durius
666 4854 767 4905 contra
777 4849 898 4906 victores
911 4866 1014 4923 propo-
1066 4862 1124 4918 quo
1140 4862 1254 4902 rursum
1272 4863 1324 4918 per
1337 4847 1517 4903 Psalmistam
1534 4847 1639 4904 dicitur
1655 4866 1663 4905 ς
1681 4872 1696 4898 «
1710 4850 1879 4908 Ascensusia

196 4943 248 5011 nit,
257 4959 333 4998 nunc
343 4944 552 5014 ergaeumdem
562 4942 1017 5001 filinmnostrumvestrasolerter
1067 4940 1878 5015 cordeejusdisposuistiinconvallelacrymamm,sutri·

197 5037 329 5093 sanctitas
347 5036 454 5108 vigilet,
471 5042 502 5092 ut
520 5038 595 5093 bene
608 5041 700 5110 coepta
715 5037 853 5110 perficiat,
867 5055 921 5094 nec
935 5056 965 5093 se
980 5038 1015 5093 dc
1067 5033 1168 5090 delicet
1180 5038 1260 5090 tanto
1274 5035 1472 5092 vehementius
1487 5035 1564 5091 intus
1577 5037 1781 5109 ascenderem,
1801 5053 1877 5110 quau

196 5130 327 5204 perlectis
339 5130 421 5186 bonis
437 5130 570 5201 operibus
583 5132 709 5200 extollat,
725 5136 756 5188 nt
769 5132 855 5188 fidem
870 5133 1015 5206 cognitam
1067 5133 1129 5188 tum
1138 5144 1189 5200 per
1203 5129 1306 5184 vallam
1318 5127 1508 5201 laerymarum
1520 5128 1591 5184 ioris
1604 5130 1746 5190 humilius
1754 5134 1877 5205 jacerem.

195 5225 261 5281 vitae
271 5241 386 5298 quoqne
399 5224 508 5279 meritis
520 5227 621 5295 teneat,
637 5226 740 5298 etquis
754 5226 854 5283 aeterni
869 5228 950 5300 regni
965 5243 1014 5282 cn·
1066 5226 1101 5278 at
1117 5238 1193 5277 nuuc
1205 5221 1328 5277 multum
1341 5222 1477 5295 deprimit
1491 5223 1584 5279 honor
1598 5239 1754 5298 onerosus,
1768 5224 1879 5283 cumin

192 5321 241 5391 jus
256 5319 302 5387 sit,
317 5319 452 5392 operibus
471 5319 610 5390 ostendat,
628 5326 769 5392 quatenus
783 5325 848 5395 post
863 5322 955 5377 multa
969 5338 1017 5375 an·
1068 5331 1196 5372 nnmerae
1207 5319 1401 5388 perstrepunt,
1419 5321 1524 5373 etcum
1539 5333 1601 5375 sese
1618 5318 1657 5376 a‘d
1673 5321 1766 5377 Deum
1780 5320 1879 5376 animus

196 5429 298 5468 norum
314 5412 455 5469 curricula
478 5413 512 5468 de
527 5428 618 5486 regno
633 5413 668 5470 ad
683 5430 805 5486 regnum
824 5416 961 5469 transeat.
976 5414 1016 5470 De
1066 5409 1182 5481 colligit,
1196 5409 1273 5466 hunc
1287 5410 1346 5465 suis
1357 5409 1527 5482 impulsibus
1539 5413 1619 5484 quasi
1640 5414 1879 5486 quibusdumglr:

196 5506 269 5561 trina
292 5522 358 5562 vero
383 5507 528 5563 mersione
550 5505 728 5579 baptismatis
752 5507 823 5563 nihil
851 5507 1015 5580 responderi
1066 5503 1120 5559 diis
1132 5503 1274 5571 scindunt,
1289 5502 1367 5559 nulla
1379 5504 1473 5561 cordis
1491 5505 1572 5578 quies
1586 5508 1648 5576 est3
1664 5506 1878 5580 prostratamiu

195 5599 288 5655 varius
302 5604 396 5672 potest
417 5617 502 5674 quam
518 5602 595 5674 quod
613 5601 668 5674 ipsi
680 5600 818 5669 sensistis,
833 5601 901 5674 quia
916 5601 944 5656 in
957 5617 1016 5657 una
1067 5597 1182 5665 intimis,
1197 5601 1225 5652 et
1243 5613 1301 5653 sua
1316 5596 1495 5669 cogitationis
1513 5599 1641 5671 pondero
1656 5600 1827 5676 depressam
1839 5602 1879 5654 aut

194 5693 249 5747 lide
262 5693 334 5748 nihil
346 5693 433 5751 officit
446 5698 550 5750 sanctae
563 5695 696 5751 Ecclesia
705 5695 882 5751 cousuetudo
893 5695 1012 5751 diversa.
1065 5707 1128 5747 rara
1138 5691 1228 5756 valde,
1241 5691 1291 5745 aut
1303 5689 1383 5746 nulle
1396 5691 1474 5746 hunc
1487 5691 1518 5747 iu
1531 5691 1707 5751 sublimibus
1719 5710 1814 5768 peuua
1824 5707 1878 5747 oon

193 5786 248 5841 Nos
256 5790 350 5843 alitent
361 5787 439 5860 quod
449 5788 531 5847 tortio
539 5789 698 5861 mergimus
708 5788 849 5846 biduanae
858 5789 1013 5862 sepulturae
1065 5782 1261 5862 templationis
1274 5784 1355 5841 terat.
1370 5786 1476 5858 Torpct
1489 5784 1604 5858 ignavia
1618 5803 1715 5863 maus,
1725 5793 1755 5847 at
1765 5788 1875 5845 circum
