3870 6150
62 278 132 329 roao
677 260 1121 333 omuerauuuconuiouo.
1680 281 1746 334 roro

54 385 140 450 coelo,
164 383 254 448 Pater,
279 379 402 434 Verbum
423 382 452 434 et
472 379 603 451 Spiritus.
620 380 653 436 Et
666 379 698 437 ιιι
711 386 769 437 tres
784 397 876 437 unum
887 385 1073 468 Aseculum,
1096 400 1190 456 neque
1213 384 1341 457 adjectus
1362 389 1405 440 est
1427 385 1464 454 ei,
1481 401 1575 457 neque
1597 383 1747 443 minuetur
1853 379 1857 383 ’

54 480 137 532 sunt.
154 496 168 529 ι
184 476 240 531 Nos
258 473 356 547 itaque
377 472 407 527 in
430 477 532 530 natura
550 473 672 543 deitatis,
695 474 762 547 quia
786 491 878 532 unuin
927 476 983 545 illi;
999 478 1061 549 ipse
1075 481 1117 534 cst
1131 478 1209 534 enim
1224 478 1358 534 dominus
1375 483 1512 535 creaturae
1526 495 1595 549 suae,
1612 479 1662 552 qui
1673 479 1746 538 nihil

55 574 128 626 sunt
152 572 236 626 Pater
258 571 287 624 et
309 567 405 636 Filius,
429 583 483 623 neo
495 569 608 624 Patrem
624 567 767 625 credimus
783 568 878 642 aliquo
928 571 1008 643 eguit
1022 572 1058 627 ab
1069 572 1175 644 aliquo.
1186 574 1220 628 Et
1233 572 1263 627 in
1276 574 1346 645 psal.
1361 588 1435 630 nxxu
1450 590 1457 629 :
1473 573 1571 639 «Quid
1584 573 1662 630 onim
1672 575 1745 631 mibi

57 667 190 736 tempore
203 662 388 735 praecessisse,
408 677 444 717 ne
463 661 554 733 major
566 662 603 717 sit
615 661 696 732 Filio,
710 679 763 719 uec
776 662 878 719 Filium
928 669 971 722 est
982 665 1012 720 in
1025 667 1107 736 coelo,
1124 670 1152 721 et
1165 666 1200 720 ad
1214 668 1241 722 le
1252 666 1321 739 quid
1332 667 1505 740 volnisuper
1517 671 1635 724 terram.
1649 688 1664 719 ι)
1679 670 1745 725 llaec

56 764 159 831 postea
179 762 278 812 nalum
301 771 371 823 esse,
393 757 423 810 ut
442 754 548 812 deitate
563 756 654 812 Patris
666 756 835 813 minoretur.
850 756 878 813 si
928 759 1025 815 omnia
1037 760 1139 815 Filium
1161 775 1220 815 non
1238 760 1404 817 inferiorem
1418 765 1521 817 natura
1535 760 1745 835 demonstrant,

57 851 180 925 nequalia
199 850 276 906 Patri
294 850 381 906 Filius
393 865 451 904 uon
466 854 517 920 est,
533 865 585 905 cur
597 850 638 905 ita
649 850 685 907 de
696 850 746 906 illo
757 852 878 907 loannes
928 853 976 910 sed
993 853 1189 926 aequalitatem
1206 853 1321 909 deitatis
1337 855 1519 923 annuntiant,
1539 855 1676 928 quoniam
1695 856 1745 929 qui

56 947 234 1020 evangelista
252 949 370 1003 testatus
392 949 435 1002 est
450 962 457 1000 ε
474 947 635 1019 Propterea,
653 944 756 1020 inquit,
778 963 877 1020 perse·
928 950 1048 1020 utraque
1063 949 1174 1002 locutus
1189 952 1354 1015 astrorum
1369 948 1450 1019 dixit,
1465 949 1532 1022 quia
1545 950 1655 1006 Veritas
1666 965 1745 1006 men·

55 1042 222 1115 quebantur
231 1040 322 1097 tudrei
333 1041 430 1096 lesum
440 1043 470 1096 et
478 1040 644 1111 quaerebant
659 1057 724 1096 euru
736 1041 876 1110 occidere,
927 1042 975 1097 tiri
997 1058 1056 1097 non
1077 1040 1180 1114 potuit.
1204 1041 1317 1110 Taliter,
1341 1041 1430 1099 frater
1442 1041 1617 1113 charissime,
1633 1060 1747 1117 semper

54 1136 126 1209 quia
144 1152 204 1192 non
226 1135 319 1190 solum
336 1133 464 1191 solvebat
477 1134 645 1205 Sabbatum,
659 1135 709 1192 sed
722 1140 752 1191 et
764 1137 878 1191 Patrem
926 1152 990 1208 age,
1004 1138 1178 1207 ceterosque
1191 1151 1291 1192 omnes
1304 1151 1392 1209 agere
1409 1152 1507 1207 mone,
1523 1140 1554 1193 ut
1569 1137 1673 1194 abolito
1691 1139 1746 1194 hoc
1798 1158 1801 1164 ·

56 1246 146 1285 suum
155 1228 267 1285 dicebat
275 1228 375 1296 Deum,
385 1227 524 1299 aqualem
536 1228 756 1307 sefacienslleo.
766 1230 801 1284 Et
809 1230 878 1284 Pau·
928 1230 977 1302 qui
1003 1235 1087 1285 natus
1109 1229 1258 1286 videbatur
1280 1246 1390 1302 errore,
1406 1231 1438 1286 in
1451 1230 1567 1286 laudem
1583 1235 1612 1287 et
1626 1232 1744 1304 gloriam

56 1324 105 1379 lus
118 1323 264 1395 apostolus
280 1337 287 1377 :
302 1342 317 1372 a
336 1322 393 1377 Hoc
406 1321 510 1377 sentite
529 1321 559 1377 in
579 1321 671 1390 vobis,
684 1322 787 1394 inquit,
802 1322 879 1395 quod
929 1323 977 1379 Dei
984 1339 1036 1395 per
1044 1326 1137 1380 toturn
1149 1324 1290 1379 mundum
1302 1323 1479 1380 unasrdessit
1487 1328 1581 1380 etune
1589 1324 1748 1398 eademque

56 1421 87 1473 et
102 1417 132 1473 ιιι
145 1415 255 1472 Christo
270 1417 345 1471 lesu.
357 1415 411 1480 Qui
425 1430 491 1470 eum
503 1414 533 1470 in
547 1415 642 1472 forma
657 1416 706 1472 [lei
719 1422 795 1473 esset
807 1432 877 1473 oon·
928 1417 1075 1488 confessio,
1094 1439 1108 1468 a
1122 1423 1153 1473 ut
1168 1417 1198 1473 in
1210 1418 1325 1473 nomine
1334 1420 1400 1474 lesu
1413 1434 1500 1473 omne
1513 1434 1591 1490 genu
1607 1418 1747 1489 flectatur,

56 1511 186 1578 stitutus,
201 1527 257 1565 non
274 1509 405 1580 rapinam
428 1508 582 1565 arbitratus
598 1515 641 1566 est
662 1526 768 1566 essese
783 1527 876 1584 oequa·
927 1512 1094 1580 ooelestium,
1108 1512 1285 1568 terrestrium
1298 1515 1327 1567 et
1338 1511 1529 1583 infernorum,
1545 1517 1575 1568 et
1587 1513 1681 1569 omnis
1695 1513 1749 1569 lin·

56 1604 118 1659 lem
141 1604 208 1670 Deo,
230 1603 277 1658 sed
299 1601 485 1674 semetipsum
505 1602 659 1659 exinanivit
669 1604 793 1659 formam
805 1605 878 1660 servi
929 1622 985 1678 gua
1009 1606 1178 1662 confiteatur
1205 1606 1272 1678 quia
1297 1606 1435 1661 [lominus
1458 1608 1539 1663 lesus
1562 1607 1690 1664 Christus
1716 1607 1748 1663 in

56 1696 203 1768 accipiens
217 1696 348 1767 (Philipp.
368 1712 397 1763 ιι,
413 1698 449 1759 ὅ).
467 1717 480 1744 v
498 1696 532 1750 Et
551 1695 582 1750 in
602 1697 778 1754 Salomone:
798 1696 878 1763 «Qui
929 1699 1022 1772 gloria
1046 1703 1089 1755 est
1114 1699 1164 1754 Dei
1192 1699 1284 1755 Patris
1306 1700 1434 1771 (Philipp.
1458 1715 1488 1769 u,
1506 1702 1588 1773 10).»
1607 1704 1678 1758 bata

57 1790 162 1863 gennit
174 1806 221 1845 rne
235 1789 414 1862 requievitin
425 1789 605 1846 tabernaculo
621 1806 687 1847 meo
697 1791 789 1861 (Eroti.
804 1807 878 1860 xxiv,
889 1773 918 1846 B
929 1794 1024 1849 Nonas
1042 1793 1171 1866 Augusti,
1191 1793 1351 1851 iustiniano
1370 1797 1399 1851 et
1416 1794 1577 1865 athalarico
1596 1797 1628 1851 lV
1642 1811 1746 1852 consu·

59 1883 117 1941 tal.
134 1905 150 1933 s
173 1884 208 1938 nt
227 1882 309 1939 isaias
324 1900 330 1938 :
345 1883 423 1939 Sicut
446 1889 488 1940 est
508 1883 544 1938 ab
563 1884 658 1954 initio,
684 1885 724 1940 ita
746 1885 878 1958 usquein
928 1886 1012 1942 libus.

397 2300 606 2395 lNGlPlT
658 2303 931 2400 EPISTOLA
977 2306 1207 2401 AGAPlTl
1259 2306 1425 2400 PAPAE

146 2492 201 2557 Ad
212 2493 403 2560 antemium
424 2495 823 2580 Constantinopolitanum
841 2500 1026 2582 episcopum
1043 2501 1082 2565 de
1099 2501 1226 2565 duodus
1240 2502 1369 2565 naturis
1389 2502 1422 2565 io
1442 2519 1507 2564 ιιιιο
1527 2500 1666 2567 Christo.

98 2827 237 2882 doarrros
247 2827 371 2883 duranto
384 2826 518 2900 episcopo
534 2829 665 2887 salutern.
930 2833 1051 2905 apostoli
1075 2834 1243 2901 docuerunt,
1264 2839 1292 2889 et
1306 2835 1444 2888 hactenus
1458 2848 1559 2889 eorum
1575 2848 1751 2904 suorumque

98 2919 185 2976 idulio
209 2920 313 2992 gaudio
339 2936 431 2977 essem
456 2923 593 2994 repletus,
620 2924 644 2980 ai
657 2924 785 2982 tetalem
806 2926 882 2982 circa
932 2943 1125 2983 successorum
1145 2943 1276 3000 sequens,
1297 2930 1396 2983 sancta
1414 2927 1475 2982 baec
1490 2927 1617 2981 Romana
1637 2929 1667 2981 et
1680 2943 1749 2999 apo·

61 3013 194 3069 Ecclesiae
211 3030 312 3086 pacem
333 3018 363 3070 et
384 3015 583 3087 gloriosissimi
602 3017 786 3091 imperatoris
796 3025 882 3092 atque
931 3022 1029 3076 stolica
1043 3022 1165 3077 Ecclesia
1179 3021 1339 3077 doctrinam
1356 3020 1451 3076 tenuit
1464 3037 1498 3076 ac
1511 3023 1598 3088 tenet,
1613 3020 1711 3075 docuit
1723 3024 1752 3076 et

58 3106 162 3179 populi
177 3106 337 3164 doctrinam
348 3110 532 3181 reperissem,
545 3112 659 3183 qualem
676 3115 704 3167 te
715 3112 745 3167 in
758 3113 881 3185 prirnor·
892 3137 920 3214 C
932 3115 1022 3170 docet.
1036 3115 1183 3186 Siquidem
1196 3115 1273 3170 enim
1286 3115 1323 3170 ita
1336 3117 1404 3169 sunt
1413 3114 1556 3182 obcaecati,
1573 3117 1601 3168 et
1613 3113 1749 3169 alumine

59 3201 110 3258 dio
125 3216 187 3258 esse
198 3202 304 3258 audivi.
320 3203 376 3259 Sed
391 3220 467 3258 nuno
480 3205 548 3276 quia
560 3205 712 3261 didicimus
723 3222 740 3261 a
752 3221 883 3263 reveren-

60 3294 188 3351 dissimis
199 3296 336 3352 iratribus
348 3299 377 3353 te
389 3301 489 3353 contra
503 3301 612 3355 statuta
624 3299 742 3355 Petrum
757 3300 880 3373 impera·

61 3395 157 3446 torem
171 3394 200 3446 et
211 3390 337 3463 reliquos
350 3392 470 3464 populos
483 3391 596 3462 docere,
613 3393 654 3449 ita
667 3397 701 3449 ut
713 3399 819 3466 negata
832 3395 884 3450 hu·

59 3500 157 3540 manae
166 3484 259 3541 carnis
270 3490 356 3558 atque
366 3488 470 3542 animae
478 3487 597 3543 veritate
606 3490 719 3543 tautum
728 3487 882 3544 Dominum

61 3582 194 3635 nostrum
204 3580 301 3634 lesum
313 3579 456 3636 Christum
470 3579 555 3636 unius
567 3597 676 3637 asseras
689 3598 751 3637 esse
762 3584 881 3650 naturae,

62 3675 203 3745 tanquam
222 3673 308 3729 Verbi
329 3672 418 3730 deitas
442 3674 505 3745 ipsa
525 3691 555 3729 se
569 3674 600 3730 in
612 3691 728 3730 carnem
741 3675 882 3731 animam·

62 3782 121 3839 que
131 3766 259 3835 verterit,
285 3771 314 3823 et
334 3771 472 3840 tauquam
493 3768 606 3841 concipi
620 3784 652 3824 ac
671 3769 761 3838 nasci,
780 3769 883 3824 nutriri

62 3865 244 3930 clarescere,
260 3859 388 3933 crucifigi
405 3877 437 3916 ac
450 3862 534 3930 mori,
549 3861 662 3934 sepeliri
675 3878 707 3918 ac
721 3878 881 3934 resrugere,

62 3958 93 4011 et
104 3953 261 4011 ascendere
275 3954 307 4009 in
320 3953 435 4023 eoelum,
456 3955 555 4011 sedere
572 3955 609 4010 ad
621 3955 770 4012 dexteram
782 3955 881 4024 Patris,

62 4047 162 4105 venire
175 4049 210 4104 ad
222 4047 394 4119 judicandos
405 4047 481 4104 viros
497 4051 678 4119 emortuos,
699 4048 803 4105 divinae
819 4052 882 4105 tan·

932 3203 1057 3259 veritatis
1069 3204 1166 3271 alieni,
1187 3209 1220 3258 ut
1234 3203 1318 3258 Verbi
1332 3203 1382 3258 Dei
1396 3220 1413 3258 a
1433 3207 1561 3274 tempore
1581 3202 1751 3257 incarnatio·

932 3298 977 3352 nis
992 3298 1135 3369 denegent
1147 3296 1308 3366 veritatem,
1324 3297 1476 3352 ostendant
1488 3297 1518 3351 in
1532 3312 1589 3368 quo
1605 3295 1658 3350 sibi
1672 3297 1750 3350 Chri·

933 3391 1055 3447 stiannm
1070 3406 1177 3446 nomen
1187 3393 1336 3462 usurpent,
1347 3393 1375 3444 et
1384 3407 1448 3445 curn
1459 3389 1614 3461 Evangelio
1625 3389 1751 3444 veritatis

932 3502 989 3557 qua
1012 3484 1121 3541 ratione
1143 3484 1326 3549 concordent,
1355 3484 1377 3538 si
1400 3499 1451 3556 per
1477 3481 1598 3553 Virginis
1623 3486 1748 3554 parturn,

933 3584 982 3635 aut
994 3595 1058 3634 caro
1070 3579 1132 3634 sinc
1145 3578 1261 3646 deitate,
1275 3582 1325 3632 aut
1337 3577 1427 3632 deitas
1441 3582 1482 3632 est
1497 3579 1558 3633 orta
1575 3576 1636 3630 sine
1652 3592 1748 3630 carue.

933 3673 1012 3729 Sicut
1027 3674 1104 3727 enim
1125 3671 1224 3743 negari
1246 3687 1302 3726 uon
1328 3675 1418 3742 potest
1430 3669 1614 3742 (evangelista
1627 3669 1749 3739 dicente)

933 3766 1009 3840 quod
1024 3766 1147 3821 Verbum
1162 3781 1228 3820 caro
1241 3764 1350 3820 factum
1363 3769 1406 3820 est
1417 3768 1446 3820 et
1460 3763 1595 3819 habitavit
1609 3764 1639 3818 in
1654 3763 1748 3829 nobis,

933 3862 973 3915 ila
987 3860 1089 3931 negari
1101 3876 1160 3915 non
1177 3863 1271 3931 potest
1293 3858 1383 3927 (beato
1396 3857 1524 3929 apostolo
1538 3856 1626 3912 Paulo
1645 3857 1749 3928 praedi·

935 3955 1025 4024 cante)
1040 3953 1116 4026 quod
1128 3954 1202 4009 Deus
1213 3955 1277 4008 erat
1290 3952 1318 4007 in
1332 3951 1454 4019 Christe,
1469 3951 1611 4006 mundum
1624 3951 1749 4006 reconci-

935 4049 1006 4104 lians
1028 4047 1091 4103 sibi.
1113 4047 1182 4112 Quae
1198 4048 1293 4101 autem
1312 4044 1503 4101 reconciliatio
1517 4061 1577 4099 esse
1591 4046 1752 4116 possetque

62 4145 126 4198 tnm
150 4140 303 4198 voluntatis
322 4141 408 4198 fuerit
427 4158 492 4214 quae
514 4141 586 4196 nibil
608 4142 715 4198 honam
733 4142 763 4197 in
778 4158 808 4198 se
821 4143 883 4199 sine
933 4142 1062 4197 humano
1086 4139 1186 4212 generi
1207 4139 1445 4212 repropitiaretur
1471 4138 1555 4205 Deus,
1583 4136 1606 4192 si
1627 4136 1751 4193 hominis

61 4236 158 4292 carnis
177 4235 285 4307 recepit
307 4235 436 4303 veritate,
460 4251 525 4308 qnae
548 4240 650 4291 natura
669 4235 747 4292 unita
771 4239 883 4292 naturae
933 4251 1047 4290 causam
1066 4234 1207 4290 mediator
1223 4233 1273 4289 Dei
1292 4235 1320 4290 et
1333 4233 1485 4289 hominum
1498 4248 1556 4287 non
1569 4231 1750 4303 susciperet?

61 4330 153 4386 Patris
178 4335 281 4385 natura
306 4332 350 4386 est
371 4328 492 4400 Spiritus
513 4329 603 4386 sancti
623 4329 767 4401 simulque
780 4329 884 4402 impas-
933 4330 993 4394 Qua
1014 4345 1082 4385 vero
1103 4327 1215 4385 ratione
1230 4327 1378 4383 veritatem
1394 4326 1558 4383 mediatoris
1572 4325 1681 4397 implet,
1697 4324 1753 4379 uisi

60 4423 164 4493 sibilia,
177 4422 321 4496 simulque
336 4422 578 4479 incommutabilis
592 4423 776 4495 sempiterne
790 4422 883 4479 Trini-
933 4422 984 4494 qui
1002 4422 1032 4477 in
1045 4423 1139 4477 forma
1155 4421 1204 4478 Dei
1218 4420 1337 4493 aequalis
1358 4425 1401 4475 est
1419 4420 1505 4487 Patri,
1522 4419 1552 4474 in
1570 4419 1663 4473 forma
1679 4418 1751 4473 servi

60 4519 129 4574 tatis
152 4516 274 4573 indivisa
292 4516 397 4586 unitas,
410 4520 439 4572 et
453 4517 538 4572 unius
552 4516 707 4573 voluntatis
722 4516 883 4589 equalitas,
893 4510 923 4584 I)
934 4515 1076 4588 particeps
1096 4518 1171 4569 esset
1190 4518 1219 4570 et
1241 4514 1340 4580 nostri,
1356 4519 1388 4568 ut
1398 4511 1497 4567 mortis
1508 4511 1653 4567 vinculum
1667 4509 1752 4565 unius

64 4612 140 4668 nude
160 4611 185 4666 si
208 4610 313 4682 aliquis
334 4609 418 4666 malae
440 4610 594 4666 voluntatis
616 4610 681 4680 hoc,
702 4612 753 4666 aut
762 4609 885 4667 infidelis
934 4608 1166 4682 prevaricatione
1186 4610 1365 4663 contractum
1385 4605 1471 4660 unius
1492 4609 1595 4673 morte,
1611 4604 1661 4676 qui
1676 4604 1752 4658 solus

63 4706 185 4779 quisque
197 4704 327 4761 desciscit
337 4720 374 4760 ne
385 4704 568 4759 convincatur
577 4703 712 4759 deitatem
723 4703 885 4776 passibilem
936 4703 1019 4758 morti
1042 4701 1114 4757 nihil
1138 4701 1247 4767 debuit,
1269 4699 1449 4754 solveretur?
1470 4697 1577 4753 Eliusio
1592 4697 1670 4754 enim
1681 4697 1752 4769 justi

63 4800 171 4857 sentire
188 4803 275 4871 atque
295 4799 458 4867 mortalem,
476 4803 505 4853 et
521 4802 618 4854 mmen
631 4797 715 4853 Verbi
735 4796 884 4864 incarnati,
935 4796 1082 4869 sanguinis
1096 4795 1200 4852 Christi
1216 4800 1274 4850 tam
1289 4793 1344 4848 luit
1364 4792 1442 4847 dives
1464 4792 1499 4847 ad
1522 4792 1657 4863 pretium,
1680 4793 1713 4847 ut
1729 4792 1752 4846 si

64 4894 94 4950 id
114 4897 159 4950 est
180 4892 264 4949 Verbi
285 4896 314 4948 et
335 4891 428 4947 carnis
448 4907 536 4947 unam
554 4908 638 4947 ausus
659 4890 883 4963 sueritpronun·

62 4989 134 5044 liare
146 4989 290 5057 naturam,
309 4985 460 5042 manifeste
485 4986 514 5040 in
534 4989 664 5057 apertam
678 4989 708 5040 et
719 4985 784 5040 ideo
797 4983 886 5040 odibi·

63 5082 121 5138 lem
135 5079 239 5137 transit
247 5079 403 5148 insaniam,
417 5079 466 5151 qui
480 5079 669 5135 mediatorem
687 5079 737 5134 Dei
750 5083 779 5135 et
791 5077 885 5133 homi·

935 4891 1104 4947 universitas
1126 4889 1304 4961 captivorum
1325 4886 1354 4941 in
1368 4871 1582 4958 redemptorem
1597 4902 1682 4942 suum
1695 4902 1754 4941 ems·

935 4986 1025 5054 deret,
1042 4984 1151 5039 nullum
1162 4981 1270 5038 ‘diaboli
1281 4979 1426 5035 vinculum
1442 4980 1596 5046 retineret,
1616 4980 1752 5052 quoniam

935 5078 1009 5135 sicut
1021 5078 1167 5150 aposolus
1180 5076 1241 5131 ait:
1259 5097 1273 5125 a
1289 5075 1342 5130 Ubi
1360 5074 1516 5130 abundavit
1534 5078 1691 5145 peccatum,
1709 5089 1753 5129 su·

62 5191 136 5232 rrum
164 5175 261 5230 lesum
287 5173 431 5230 Christum
460 5173 636 5229 simulatorie
669 5173 760 5229 credit
789 5171 886 5228 omnia
936 5170 1141 5246 perabundavit
1161 5174 1191 5225 et
1208 5168 1301 5241 gratia
1318 5169 1343 5239 (1
1358 5171 1425 5226 itm.
1443 5185 1462 5235 ι,
1479 5168 1531 5238 til.
1548 5188 1562 5216 ιι
1579 5168 1685 5222 Etcum
1700 5166 1752 5220 suh

62 5270 169 5343 egisse,
181 5283 349 5324 necverum
363 5267 393 5324 in
406 5267 641 5339 christocorpus,
653 5265 703 5322 sed
715 5267 886 5339 phantasma
937 5265 1046 5339 peccati
1070 5263 1238 5337 proejudioio
1261 5262 1321 5318 nati
1346 5265 1519 5334 potestatem
1540 5257 1702 5330 acceperint
1717 5259 1752 5313 ad

60 5365 126 5437 ejus
137 5361 399 5434 eorporisspeciem
413 5361 501 5417 oculis
513 5361 679 5433 apparuisse
692 5358 883 5416 cernentium.
932 5359 1074 5432 justitiam
1093 5356 1273 5426 renascendi,
1294 5355 1414 5412 validius
1426 5355 1533 5410 factum
1545 5356 1587 5407 est
1598 5351 1705 5407 donum
1718 5351 1752 5406 li-

58 5459 131 5525 onae
144 5455 297 5528 impietatis
310 5455 460 5512 mendacia
472 5455 609 5528 quoniam
622 5455 692 5510 olim
709 5453 780 5510 lides
790 5453 886 5508 catho·
935 5453 1053 5510 bertatis
1066 5468 1153 5525 quam
1170 5451 1300 5507 debitum
1312 5449 1466 5506 servitutis.
1484 5447 1577 5510 Quam
1589 5442 1685 5516 itaque
1701 5444 1755 5500 sibi

59 5552 120 5608 lica
138 5550 306 5620 detestatur,
323 5554 352 5605 et
364 5549 432 5605 talia
446 5549 637 5605 assertionum
653 5546 801 5619 sacrilegia
814 5562 884 5603 con·
936 5548 966 5603 ιιι
987 5548 1073 5620 hujus
1090 5545 1259 5602 sacramenti
1275 5542 1405 5617 presidio
1417 5555 1499 5612 spem
1515 5538 1689 5610 relinquunt,
1704 5539 1754 5611 qui

60 5643 200 5702 cordibus
214 5660 267 5717 per
279 5645 372 5700 totum
384 5642 524 5699 mundum
538 5643 686 5698 beatorum
699 5641 815 5697 Petrum
831 5640 885 5694 du·
936 5641 967 5697 in
980 5641 1123 5698 salvatore
1140 5644 1237 5696 nostro
1255 5639 1364 5709 negant
1378 5632 1496 5690 humani
1515 5631 1641 5704 corporis
1656 5631 1755 5688 verita·

58 5741 135 5795 dum
147 5742 214 5793 sunt
226 5738 361 5794 damnata
375 5738 532 5804 sententiis,
550 5752 607 5791 non
625 5735 745 5791 dubium
766 5737 810 5791 est
822 5750 887 5791 eam
937 5735 1017 5792 tem?
1027 5735 1129 5791 Dicant
1138 5751 1195 5806 quo
1207 5730 1344 5789 sacrificio
1354 5725 1605 5798 reconciliati,quo
1614 5725 1755 5798 sanguine

60 5850 119 5891 nos
139 5831 227 5889 iidem
251 5831 407 5906 praedicare
423 5835 508 5906 abrae
523 5829 679 5888 detondere
692 5844 779 5903 quam
798 5828 887 5886 sancti
938 5832 1005 5885 sunt
1017 5827 1180 5900 redempti?
1194 5849 1208 5876 «
1222 5825 1291 5893 Quis
1302 5825 1355 5892 est,
1367 5825 1399 5880 ut
1411 5819 1560 5895 apostolis
1570 5820 1621 5894 ait,
1636 5819 1753 5894 quitta-
