3870 6150
609 256 1055 318 nacamtuuucoucacno.
1625 248 1677 319 111

103 374 175 416 rrum
196 359 270 417 unde
290 361 486 420 abscesserunt
501 366 562 422 loca
581 366 711 423 funditus
729 385 808 424 revo-
821 369 905 456 Auis
919 370 1051 443 populus,
1063 371 1151 424 Amen
1166 367 1677 442 (1111111111,1711Τ111111311111

103 470 268 528 [uacunque
281 458 443 515 conditione
455 462 601 532 tenrporis,
614 467 662 517 aut
676 462 752 529 dolo,
761 465 811 518 aut
861 469 1068 536 presumuntur
1077 463 1184 535 absque
1196 464 1373 536 ultionc,nec
1379 467 1564 520 exerceantur
1570 465 1677 538 absque

103 549 221 617 oleant
236 551 340 605 virtute
351 552 502 624 majorum,
513 559 561 608 aut
569 571 620 625 per
629 572 810 627 quascunque
859 574 909 612 sna
921 557 1112 612 damnatione.
1124 559 1226 612 Pacem
1239 562 1268 614 et
1279 574 1337 614 non
1350 559 1496 628 damnum,
1509 560 1558 614 aut
1567 558 1677 630 injusti·

103 658 108 696 1
125 659 225 699 causas
244 661 290 700 res
312 647 451 713 Ecclesiae,
467 648 508 701 rel
523 649 664 719 proprias,
678 654 727 704 aut
741 650 808 704 suh·
859 651 929 706 tiam
944 651 1063 723 alicujus
1077 650 1225 706 sectamini
1242 651 1362 707 invicem
1380 655 1409 706 et
1421 652 1452 706 in
1466 668 1576 708 omnes.
1596 651 1673 709 Veri·

110 739 344 811 suasperdidisse
351 746 515 809 noscuntur,
523 747 590 796 anto
601 743 808 799 accusationem
858 748 948 800 tatem
963 747 1059 800 autem
1070 744 1205 801 facientes
1214 745 1244 799 in
1254 745 1401 815 charitate,
1410 762 1569 801 crescamus
1583 744 1612 801 in
1624 746 1674 801 illo

103 835 225 900 ,11111111
246 834 283 888 ad
304 833 435 904 synodon
449 836 628 890 vocatiouem
649 853 760 904 eorrrm,
781 842 810 892 et
858 855 911 909 per
925 837 1023 893 omnia
1036 838 1085 910 qni
1099 841 1142 892 est
1156 840 1241 909 caput
1254 838 1392 906 Christus,
1404 854 1437 892 ex
1448 854 1504 909 quo
1513 842 1605 895 totum
1615 856 1675 896 cor·

103 971 106 982 .
121 928 173 983 Est
186 928 273 982 etiam
294 928 324 982 in
347 929 471 1000 antiquis
487 929 617 984 Ecclesia
631 932 743 985 statutis
758 930 807 985 dc·
857 949 912 1005 pus
922 936 1103 1005 compactum
1115 935 1143 986 et
1152 947 1316 987 connexum
1325 948 1377 1003 per
1386 947 1500 986 omnem
1510 932 1674 1003 juncturam

103 1065 106 1084 ‚
123 1025 159 1076 nt
171 1022 221 1093 qui
239 1022 331 1076 aliena
344 1022 454 1077 invadit
469 1040 527 1077 non
545 1027 627 1078 exeat
640 1024 806 1096 impunitus,
858 1026 1127 1081 subministrationis
1139 1025 1296 1081 secundum
1307 1025 1503 1098 operationem
1517 1025 1547 1080 in
1562 1042 1675 1082 mensu·

103 1115 364 1187 multiplicatione
378 1117 474 1170 omnia
489 1118 628 1172 restituat.
645 1118 725 1173 Unde
739 1123 768 1172 et
778 1119 807 1173 in
856 1136 919 1174 ram
940 1119 1163 1191 uniuscujusque
1188 1118 1320 1190 membri,
1336 1123 1526 1190 augmentum
1546 1121 1674 1192 corporis

103 1208 290 1280 lioscriptum
301 1215 343 1264 est
353 1227 359 1265 :
369 1211 468 1275 «Quod
479 1212 501 1265 si
512 1211 619 1282 aliquid
630 1212 805 1282 defraudavi,
856 1212 922 1269 facit
933 1213 964 1268 in
980 1213 1198 1269 aedificationem
1219 1213 1263 1268 sui
1281 1213 1311 1268 in
1332 1213 1478 1269 claritate.
1500 1214 1538 1270 lle
1558 1217 1671 1281 caetero,

103 1303 286 1376 quadruplum
303 1306 373 1372 (1111.
391 1320 446 1372 ru,
459 1305 495 1373 8).
508 1326 522 1355 »
537 1306 573 1360 Et
587 1305 617 1360 in
632 1306 743 1377 legibus
758 1323 808 1361 111
857 1306 1023 1375 charissimi,
1040 1307 1162 1378 gaudete
1177 1310 1206 1361 et
1219 1306 1338 1379 perfecti
1352 1311 1449 1377 estote,
1470 1306 1671 1363 exhortamini.

103 1401 172 1452 etum
186 1396 347 1461 habetrOui
357 1414 418 1452 rem
430 1399 551 1471 subripit
563 1400 697 1466 alienam,
709 1400 749 1454 illi
762 1418 808 1455 cu·
858 1401 934 1455 tdem
949 1400 1048 1474 sapite,
1063 1417 1163 1472 pacem
1176 1401 1288 1471 habete,
1301 1404 1330 1456 et
1340 1401 1412 1457 fleus
1420 1400 1497 1474 pacis
1509 1406 1537 1456 et
1550 1401 1673 1457 dileetio

103 1490 216 1562 direpta
230 1490 314 1546 estin
327 1492 479 1564 decuplum
492 1495 753 1565 quaesublatasunt
766 1511 807 1549 re
856 1495 900 1549 nis
921 1494 977 1549 erit
996 1494 1150 1550 vobiscum.
1166 1494 1304 1550 Dominus
1323 1493 1465 1551 custodiat
1477 1510 1527 1550 ros
1545 1496 1574 1549 11
1585 1511 1671 1561 nune,

109 1584 145 1639 Et
159 1585 190 1638 in
205 1585 269 1656 lege
286 1585 382 1641 divina
396 1587 522 1659 legitur:
540 1587 629 1661 541
646 1588 807 1643 Maledictus
856 1590 885 1644 et
899 1589 929 1644 iu
944 1588 990 1643 die
1009 1587 1184 1644 aternitatis.
1206 1592 1307 1645 Amen.
1330 1589 1400 1645 Data
1424 1605 1453 1646 rx
1476 1586 1576 1645 Kalen.
1594 1587 1673 1645 Octo

103 1677 423 1750 ¹uitransfertterminoa
433 1682 557 1753 proximi
563 1683 657 1738 1111111
665 1681 804 1738 dicetom-
855 1681 925 1753 bris,
938 1683 1099 1739 Comtente.
1113 1698 1153 1738 ce.
1170 1682 1279 1742 consul.

103 1985 415 2058 [1111181011
438 1987 605 2058 EUSEBII
631 1988 762 2060 PAPAE
784 1986 1003 2061 EPISCOPIS
1026 1987 1227 2058 THUSCIAE
1250 1987 1306 2058 ET
1329 1987 1583 2058 CAMPANIAE.

103 2160 219 2217 1111111111
243 2165 396 2233 fratribus,
422 2165 560 2221 universis
587 2166 725 2238 episcopis
753 2163 1060 2249 persscousideranda
1081 2169 1110 2220 et
1132 2163 1265 2232 carenda,
1287 2167 1316 2219 et
1336 2165 1395 2218 tam
1415 2165 1534 2235 proptor
1555 2177 1603 2218 eos
1622 2163 1670 2235 qui

103 2255 172 2311 riam
184 2261 213 2312 11
226 2257 373 2313 thusciam
388 2260 557 2326 constitutis,
574 2261 720 2315 Eusenrcs.
855 2258 1094 2330 semetipsos,nut
1114 2258 1278 2330 cupiditate,
1293 2259 1343 2312 ant
1360 2256 1484 2323 avaritia,
1505 2259 1554 2312 aut
1566 2255 1673 2312 invidia

103 2348 191 2404 lictus
205 2352 342 2406 hominus
356 2354 427 2408 fleus
442 2358 547 2421 noster,
563 2355 614 2426 qui
627 2371 679 2426 per
691 2354 803 2410 miseri·
854 2355 974 2427 perdere
988 2355 1146 2410 moliuntur
1160 2356 1205 2421 tue
1215 2353 1244 2409 in
1257 2353 1399 2427 profunda
1418 2353 1561 2421 labantur,
1578 2357 1627 2408 aut
1641 2353 1672 2408 in

103 2460 111 2497 1
123 2461 206 2500 suam
219 2446 375 2501 Romanam
388 2448 541 2502 Ecclesiam
554 2448 631 2503 beati
643 2449 803 2520 Petri,apo-
853 2449 920 2503 talia
933 2447 1057 2504 incidant
1076 2448 1158 2515 mala)
1172 2464 1258 2519 quam
1272 2452 1390 2520 propter
1408 2451 1601 2518 persecutores
1618 2448 1670 2502 lic-

103 2553 120 2592 u
147 2539 306 2611 principis,
331 2541 487 2596 sacerdotio
517 2542 636 2610 ditarit,
666 2542 804 2614 nobisque
855 2542 946 2597 clesire
960 2557 1163 2613 servorumque
1179 2541 1250 2613 ejus,
1271 2540 1556 2613 quijuxtareritatis
1573 2556 1671 2595 vocem

103 2634 297 2688 constrandam
319 2635 391 2689 circa
404 2652 455 2690 nos
477 2640 593 2707 propter
615 2636 803 2692 universalem
854 2635 949 2690 oculos
968 2635 1104 2690 habentes
1125 2651 1182 2690 non
1197 2633 1303 2702 vident,
1326 2637 1355 2688 et
1368 2649 1450 2689 aures
1464 2633 1671 2689 habentesnon

103 2741 159 2797 [ure
174 2727 255 2782 nobis
277 2734 392 2799 propter
407 2728 587 2799 privilegium
611 2729 635 2800 ej
641 2729 738 2785 usdem
752 2732 801 2785 Ee·
853 2729 985 2798 audiunt,
999 2745 1051 2784 nec
1061 2728 1226 2800 intelligunt
1238 2744 1302 2800 quae
1314 2728 1430 2799 placent
1440 2729 1510 2797 Deo,
1521 2729 1671 2800 sequentes

103 2819 233 2875 iteritatis
241 2820 366 2889 indulsit,
374 2825 406 2876 ut
417 2823 464 2894 qui
476 2824 654 2878 cohaeremus
670 2823 803 2878 firmitate
854 2822 1024 2879 inomnibus
1035 2822 1218 2894 apostolicam
1226 2821 1366 2894 regulam,
1377 2826 1406 2877 ct
1415 2821 1600 2893 praedicantes
1609 2823 1671 2894 ejus

103 2928 234 2985 urgemur
246 2916 460 2986 qnoqnerotira
471 2917 801 2989 jrreunditatceolloquii,
854 2917 953 2972 omnia
975 2918 1126 2973 constituta
1150 2917 1186 2972 ob
1211 2916 1367 2972 custodiam
1391 2916 1600 2988 episcoporum,
1621 2916 1671 2987 qui

103 3006 169 3061 ilius
190 3008 258 3062 duni
280 3025 330 3079 per
352 3010 511 3064 litterarum
528 3011 686 3066 ministeria
704 3011 740 3065 ad
755 3028 804 3066 ros
853 3010 994 3066 columna
1008 3010 1140 3066 Ecclesia
1162 3027 1179 3065 a
1201 3011 1259 3064 Deo
1285 3009 1352 3065 dicti
1374 3012 1441 3065 sunt
1457 3011 1486 3063 et
1502 3013 1670 3066 ceterorum

103 3102 304 3172 pertendimus,
323 3103 409 3157 ctiam
429 3104 514 3158 eorda
532 3110 624 3159 restra
638 3105 672 3159 ad
689 3105 802 3177 religio·
852 3104 1176 3160 verorumsacerdoturn
1186 3102 1334 3160 firmantes
1345 3119 1415 3158 caua
1427 3105 1543 3159 Petrum
1554 3105 1669 3173 statuta,

104 3193 178 3248 ltum
199 3195 360 3264 apostolicis
375 3197 618 3252 admonitionibus
639 3199 801 3267 incitemus,
853 3198 1003 3254 statuimus
1021 3198 1125 3254 iterum
1140 3214 1206 3253 curn
1226 3197 1359 3253 omnibus
1378 3197 1427 3269 qni
1440 3197 1587 3252 nobiscum
1605 3202 1671 3253 sunt

102 3304 110 3341 1
136 3287 297 3342 dilectionis
326 3293 429 3344 nostra
460 3291 518 3361 spei
549 3291 693 3346 reddimus
726 3294 803 3347 velut
854 3292 1003 3365 episeopis,
1019 3292 1091 3348 sicut
1103 3293 1211 3347 dudum
1226 3292 1371 3347 decretum
1394 3291 1561 3362 reperimus,
1575 3295 1607 3345 ut
1621 3293 1670 3347 ho·

103 3396 124 3434 n
140 3381 281 3446 debitum,
295 3383 410 3453 plenum
425 3384 498 3438 circa
510 3385 597 3439 llerrm
611 3392 802 3441 monstremus
853 3386 975 3456 minida,
991 3385 1124 3455 malefici,
1140 3386 1226 3453 fures,
1236 3384 1374 3456 sacrilegi,
1385 3388 1523 3455 raptores,
1536 3384 1668 3452 adulteri,

103 3489 123 3529 1.
139 3475 298 3546 iungamus
317 3493 395 3548 ergo,
414 3479 587 3533 dilectissimi
604 3479 716 3546 fratres,
732 3496 801 3535 con·
852 3479 963 3549 incesti,
976 3479 1104 3545 venefici,
1120 3479 1252 3550 suspecti,
1265 3477 1420 3547 criminosi,
1434 3477 1590 3545 domestici,
1607 3494 1671 3549 per·

103 3570 119 3621 1
132 3567 260 3622 humiles
274 3586 381 3640 preces,
396 3576 421 3624 et
439 3571 527 3626 ileum
548 3575 677 3626 nostrum
702 3573 759 3628 oris
774 3544 917 3645 ethnri,
928 3573 1014 3645 etqui
1025 3576 1138 3644 raptum
1149 3572 1289 3640 fecerunt,
1303 3571 1459 3627 rellalsum
1471 3570 1668 3627 testimonium

103 3662 221 3733 resp-mis
239 3664 428 3734 supplicantes
446 3665 511 3736 jugi
535 3665 736 3737 deprecatione
749 3684 800 3739 po·
852 3667 992 3736 dixerunt,
1009 3683 1058 3721 seu
1073 3666 1122 3737 qui
1136 3665 1172 3719 ad
1194 3664 1347 3737 sacrilegos
1370 3664 1536 3737 divinosque
1548 3681 1667 3720 concur-

103 3797 106 3818 ‚
119 3758 154 3809 nt
168 3755 345 3811 institutione
360 3761 389 3811 ct
402 3774 489 3829 opere
502 3759 542 3813 illi
553 3759 633 3830 cujus
644 3776 704 3815 esse
715 3777 803 3816 mem-
852 3764 951 3815 renrut
971 3760 1134 3830 similesque
1155 3773 1254 3813 eorum
1276 3757 1439 3812 nullatenus
1459 3758 1495 3812 ad
1518 3758 1669 3813 accusatio·

103 3848 188 3917 imus,
210 3851 378 3918 1111111111,
405 3868 456 3906 nec
481 3869 609 3924 unquam
633 3853 668 3907 ab
688 3854 735 3909 illa
758 3855 801 3911 via
851 3871 918 3910 nem
932 3854 977 3908 vel
990 3853 1027 3908 ad
1041 3852 1238 3907 testimonium
1252 3854 1337 3907 erunt
1353 3849 1534 3919 admittendi,
1548 3851 1615 3922 quia
1627 3851 1669 3905 in·

103 3942 188 3997 ristus
198 3949 241 3998 est
250 3944 331 3999 derio
343 3947 457 4001 tramite
470 3947 657 4014 declinemus,
673 3965 709 4002 ne
722 3948 757 4003 ab
768 3966 801 4004 eo
850 3949 941 4004 fames
956 3951 1022 4002 sunt
1035 3950 1063 4002 et
1079 3946 1155 4018 juste
1168 3945 1336 4018 repellendi,
1355 3945 1422 4016 quia
1436 3944 1550 3999 funesta
1562 3948 1668 4000 1111111

103 4052 157 4092 rem
170 4054 223 4091 nos
236 4038 323 4109 impie
347 4040 543 4111 relinquimus,
560 4041 723 4096 deseramur
735 4042 800 4098 inti·
851 4058 961 4098 eorum.
975 4042 1080 4097 Vocem
1095 4041 1171 4095 enim
1185 4039 1329 4095 funestam
1346 4039 1376 4094 iu
1390 4038 1523 4093 omnihus
1538 4038 1667 4093 interdici

103 4129 166 4192 ¹tuod
178 4147 244 4185 cum
258 4133 372 4203 superni
385 4133 489 4187 1111111
499 4134 645 4189 anxilioea
655 4134 735 4189 nobis
748 4152 799 4206 po·
851 4137 943 4208 potius
966 4152 1051 4210 qnam
1073 4133 1166 4189 audiri
1190 4133 1312 4206 oportet.
1335 4132 1494 4188 Periculum
1511 4147 1580 4203 ergo
1593 4132 1669 4204 quod

103 4224 162 4281 ione
177 4225 353 4297 contingere,
363 4227 386 4281 si
397 4228 550 4298 apostolica
560 4228 705 4299 dogmata,
715 4228 737 4283 si
749 4230 800 4284 Pa·
852 4230 1012 4286 doctoribus
1028 4228 1159 4284 imminet
1178 4242 1360 4299 summopere
1380 4242 1496 4297 semper
1508 4225 1666 4281 carendum

103 4318 201 4373 nudato
211 4336 364 4390 servamus,
373 4321 440 4376 dicit
450 4321 527 4377 enim
537 4322 674 4377 Dominus
684 4325 798 4378 noster:
851 4327 930 4378 estet
942 4322 1154 4389 declinandum,
1169 4325 1198 4378 et
1209 4322 1249 4376 illi
1264 4325 1331 4376 sunt
1343 4338 1360 4374 a
1372 4320 1479 4376 eunctis
1492 4319 1624 4391 portandi
1641 4325 1670 4375 et

103 4411 169 4484 iligit
180 4429 405 4481 mc,scrmonem
421 4433 517 4470 meum
534 4417 666 4484 servabit,
678 4421 707 4472 et
721 4419 802 4472 Pater
851 4417 1037 4483 custodiendi,
1045 4417 1156 4471 dicente
1167 4416 1288 4471 Domino
1300 4432 1307 4470 :
1322 4437 1336 4464 1
1347 4415 1427 4479 Quod
1438 4413 1488 4468 nni
1498 4430 1534 4468 ex
1543 4413 1668 4468 minimis

103 4504 176 4577 uiget
190 4523 266 4567 crim,
283 4514 311 4561 et
330 4509 365 4562 ad
380 4526 445 4564 111111
462 4511 618 4577 veniemus,
635 4514 664 4566 et
675 4512 799 4567 mansio·
851 4511 922 4566 meis
936 4511 1049 4579 fecistis,
1064 4511 1136 4565 mihi
1157 4509 1263 4564 fecistis
1279 4509 1386 4580 (natet.
1401 4524 1465 4574 xxv,
1479 4508 1534 4577 to).
1546 4527 1560 4557 u
1575 4506 1669 4562 Prima

104 4599 141 4653 nd
160 4617 225 4654 eum
251 4601 386 4655 faciemus
400 4604 488 4672 (Joon.
504 4621 557 4671 1111,
573 4607 627 4674 131.
644 4627 657 4654 e
681 4606 715 4660 at
736 4606 801 4661 licet
851 4605 927 4661 enim
947 4603 1021 4659 salus
1043 4608 1087 4658 est
1108 4607 1193 4658 recta
1216 4602 1283 4657 fidei
1304 4601 1419 4673 regulas
1441 4599 1590 4668 custodire,
1607 4604 1668 4654 eta

103 4692 166 4748 sint
179 4695 353 4764 generaliter
366 4696 439 4750 dieta
452 4696 591 4765 sufficere,
608 4703 641 4753 111
656 4699 699 4752 rel
714 4699 798 4753 decli·
851 4697 1008 4753 constitutis
1026 4700 1140 4752 Patrnm
1164 4696 1326 4750 nullatcnus
1350 4693 1472 4749 deviare.
1496 4693 1552 4749 Nec
1574 4695 1667 4764 potest

103 4791 202 4854 errata,
214 4787 258 4841 rel
268 4788 460 4863 custodiamus
474 4791 619 4858 catholiea,
639 4791 674 4846 ab
687 4794 799 4863 aposto·
851 4791 964 4847 Domini
973 4791 1063 4847 nostri
1074 4792 1138 4845 lesu
1158 4789 1262 4845 Christi
1274 4786 1455 4860 praetermitti
1470 4786 1608 4842 sententia
1623 4786 1666 4841 di-

103 4896 126 4933 111
142 4896 301 4952 eorumque
314 4884 520 4940 successorihus
543 4885 673 4940 norimus
695 4886 798 4940 eonsti-
809 4918 839 4989 D
851 4885 940 4940 centis
952 4904 958 4940 :
972 4907 986 4934 «
1001 4887 1041 4942 Tu
1064 4901 1093 4938 cs
1108 4885 1208 4939 Petrus
1226 4888 1254 4937 ot
1269 4897 1355 4955 super
1367 4881 1442 4935 hanc
1456 4885 1569 4952 petram
1581 4880 1668 4935 aediti-

103 4974 302 5031 =riminationes
317 4978 451 5032 adversus
469 4979 597 5034 «lectores
619 4994 676 5032 non
696 4978 800 5033 debere
850 4979 920 5034 cabo
932 4978 1083 5034 Ecclesiam
1097 4993 1191 5032 meam
1207 4975 1385 5046 (1111111111,
1400 4973 1474 5046 te),»
1488 4977 1517 5028 et
1528 4973 1590 5028 haec
1602 4990 1666 5045 quae

110 5084 162 5122 nec
177 5071 340 5140 peregrinio
350 5072 456 5142 judicia
468 5073 538 5135 beri,
554 5089 607 5127 noc
622 5087 799 5144 quemquam
850 5072 1001 5127 dictasunt
1019 5087 1116 5126 renim
1128 5071 1288 5144 probantur
1305 5068 1461 5154 aflectibus,
1475 5068 1543 5138 quia
1556 5066 1585 5121 in
1600 5067 1666 5122 sede

105 5162 209 5231 judicis
221 5165 358 5233 quamsni
368 5166 507 5219 sententia
518 5166 623 5220 dehere
631 5166 797 5237 constringi.
850 5164 1001 5237 apostolica
1015 5167 1095 5219 extra
1108 5164 1249 5218 maculam
1265 5178 1378 5234 semper
1394 5164 1437 5215 est
1457 5159 1595 5215 catholica
1610 5177 1667 5214 ser-

103 5255 166 5310 nim
192 5257 321 5311 Ecclesia
346 5259 472 5311 Christus
496 5264 547 5327 est,
577 5260 680 5314 Christi
702 5261 798 5313 autem
848 5263 913 5314 rata
931 5257 1039 5329 religio.
1059 5257 1132 5326 ldao,
1148 5255 1315 5327 charissimi,
1333 5259 1425 5309 atros
1439 5254 1521 5324 juxta
1540 5258 1666 5308 1111111111

103 5349 259 5403 inornatas
281 5354 356 5409 sunt.
373 5351 421 5420 qui
443 5352 502 5405 ricc
525 5352 627 5407 Christi
654 5353 799 5424 legatione
849 5351 1026 5425 Scripturam
1049 5350 1147 5406 discite
1169 5349 1348 5417 benefacere,
1368 5352 1397 5405 et
1416 5349 1493 5403 mala
1513 5346 1664 5411 declinare,

106 5442 180 5498 urin
197 5444 328 5497 Ecclesia.
343 5445 448 5499 ideirco
462 5444 600 5517 quidquid
612 5446 648 5500 ad
659 5462 757 5501 cortun
769 5445 800 5500 tit
849 5449 879 5500 et
889 5447 1005 5500 Petrum
1014 5444 1121 5515 regulis
1132 5442 1233 5510 imbui,
1242 5442 1459 5514 sicutseriptum
1469 5443 1529 5496 est:
1544 5437 1666 5503 «uiliter

103 5553 125 5604 1,
141 5535 178 5591 ad
192 5536 335 5590 Christum
349 5537 482 5609 pertinet,
497 5539 545 5609 qni
557 5538 645 5593 dixit:
659 5561 673 5588 a
684 5539 735 5602 Qui
749 5555 799 5594 ros
848 5538 936 5592 babes
948 5537 1022 5593 hene
1035 5536 1077 5592 fae
1089 5540 1196 5605 tecum,
1205 5540 1233 5590 et
1243 5535 1301 5589 Deo
1311 5534 1413 5606 dignas
1420 5531 1576 5588 oblationes
1585 5528 1664 5583 offer.

103 5645 130 5685 11
142 5629 238 5698 ondit;
254 5630 343 5700 etqui
358 5632 539 5702 rosspemit,
556 5649 601 5686 me
623 5631 742 5703 spernit.
766 5633 800 5686 Et
847 5622 1666 5703 blemoresto,quoniammoranontardat,ettestameutnm

103 5722 158 5777 ruit
172 5739 229 5792 mc,
248 5723 356 5794 spernit
371 5741 437 5778 111111
457 5725 504 5796 qui
521 5724 597 5778 misit
615 5742 661 5779 me
681 5725 797 5797 (111111,
848 5723 1016 5793 inferorum,
1032 5723 1101 5796 qnia
1116 5723 1341 5778 demonstratum
1364 5721 1407 5774 est
1426 5716 1487 5772 tibi.
1503 5717 1665 5772 Testamen-

103 5832 131 5883 ι,
142 5816 257 5883 tratres,
271 5817 410 5872 terribilia
418 5822 483 5872 sunt
493 5823 521 5875 et
531 5818 637 5890 oppido
647 5818 799 5892 diligenter
848 5821 910 5874 turn
919 5808 1683 5895 hnjosmuudimortemorictor.hntcmortembene
1696 5889 1709 5901 “
