3870 6150
604 296 841 360 ιιΕΟιιΕΤιιιιιιιι
861 303 1057 357 ebulblcllu.
1630 312 1682 365 noi

96 408 198 464 nedem
227 425 292 463 erun
320 411 400 464 Patre
433 410 609 478 substantie,
641 429 692 482 per
725 428 813 483 quom
824 411 1680 497 Aliternurunumbaptismaiuremissionempeccatorum

111 502 190 557 lacta
215 505 282 557 sunt
307 519 370 574 que
395 503 424 558 in
452 504 521 558 celo
541 509 569 557 et
588 520 652 575 quie
671 505 699 559 in
719 509 812 573 terra3
864 508 1056 575 exspectamus
1081 505 1319 559 resurrectionem
1344 511 1535 575 mortuorum,
1552 511 1581 562 et
1596 507 1681 563 vitam

96 600 179 668 apter
191 612 242 650 uos
265 596 395 651 homiues
415 601 442 650 et
465 601 582 668 propter
595 603 723 653 nostram
739 598 812 653 salu·
863 598 952 652 loturi
974 597 1086 665 seculi,
1111 599 1212 651 Anien.
1237 596 1357 652 Nomina
1372 616 1415 653 ca.
1438 600 1583 655 Nectarius
1605 602 1680 656 Con-

96 689 215 744 scendit
228 689 263 744 de
278 689 365 754 celis,
381 694 409 744 et
422 689 584 745 incarnatus
600 695 644 745 est
657 691 693 746 de
706 690 815 762 Spiritu
864 690 1142 760 stantinopolitenus.
1151 690 1316 745 Timotheus
1325 692 1510 761 alexandrie,
1521 693 1681 748 Dorotheus

97 822 104 851 ,
133 798 169 836 er
204 783 288 836 llario
322 783 436 855 Virgine
466 785 552 838 homo
586 786 685 850 lactus,
716 800 815 856 passm
864 801 880 836 a
910 782 1055 845 Corintho,
1087 782 1206 853 cyrillus
1241 783 1524 855 hierosolymitanus,
1557 785 1681 841 Calasius

97 875 232 929 bPontio
258 875 359 941 Pilato,
380 879 413 929 m
441 878 578 948 sepultus,
604 881 633 931 et
661 876 743 931 tertia
770 875 815 931 die
863 875 1052 941 cesariensis,
1083 875 1174 930 ldacer
1204 875 1401 947 lliericontius,
1429 877 1588 949 Dionysius,
1613 879 1677 933 bio-

97 967 159 1035 arit,
184 968 312 1023 aseendit
336 968 365 1022 iu
389 969 483 1035 eoelos,
504 969 586 1023 sedet
608 969 645 1023 ad
669 969 814 1025 dexteram
864 969 1030 1040 spolitanus,
1059 968 1219 1023 Priscianus
1249 968 1471 1040 Nicopolitanus,
1499 971 1678 1039 Saturninus,

111 1061 179 1116 inde
194 1066 331 1116 venturus
350 1065 392 1115 est
407 1078 472 1116 cum
488 1061 580 1132 gloria
591 1062 721 1133 judicare
738 1062 815 1117 vivos
865 1061 1059 1127 sebastienus,
1091 1061 1248 1117 auxentius
1286 1062 1532 1130 ascholonitanus,
1566 1064 1682 1119 Elianus

97 1156 176 1220 tum,
192 1154 272 1224 cujus
286 1155 366 1224 regui
382 1171 441 1209 nou
458 1155 513 1209 erit
532 1155 606 1210 linis.
622 1155 771 1210 Credimus
786 1155 815 1209 in
866 1155 1025 1221 Raniensis,
1039 1156 1135 1211 Zenon
1149 1155 1258 1226 Tyrius,
1277 1156 1379 1210 Paulus
1401 1155 1594 1227 sydoniensis,
1617 1156 1680 1212 bei·

96 1262 134 1302 rm
160 1251 303 1316 sanetum,
322 1248 474 1302 [lominum
497 1253 526 1303 et
549 1248 761 1315 vivificatorem,
780 1264 815 1302 ex
865 1248 932 1303 sbus
945 1248 1158 1314 aPtolomaide,
1171 1247 1527 1319 Philippnsltamascenus.
1539 1249 1682 1304 Varachus

97 1340 306 1411 ¹arocedentem,
322 1356 387 1396 eum
402 1342 486 1396 Patre
505 1344 534 1396 et
551 1326 815 1396 Filio'adorendum
864 1340 1074 1407 peneaclensis,
1099 1340 1273 1410 Timotheus,
1303 1341 1444 1410 Basilides,
1471 1341 1596 1410 Abhibu,
1624 1342 1680 1397 llo·

97 1433 320 1505 glorificandum,
335 1434 383 1505 qui
396 1435 506 1489 locutus
521 1437 564 1488 cst
577 1451 630 1506 per
641 1435 812 1507 prophetas;
865 1435 976 1490 chinius
986 1434 1170 1497 bracleeusis,
1185 1438 1214 1488 et
1227 1435 1332 1489 ceteri.

97 1527 264 1583 catholicam
274 1533 359 1598 atque
370 1528 555 1599 apostolicam
566 1514 851 1591 Ecclesiam;con·B
1234 1527 1318 1582 Finis.

551 1794 695 1861 lNClPlT
718 1795 895 1863 st'uobbs
918 1794 1128 1862 ernustus.

98 1961 129 2001 nr
142 1961 264 2001 sruonrs
279 1947 413 2002 Erursme
435 1965 515 2003 rmus
540 1947 729 2004 ducentorum
750 1948 810 2020 epi·
863 1947 1040 2019 predicaret.
1053 1944 1193 2002 Convenit
1205 1947 1302 2001 auem
1316 1944 1510 2016 haeesynodus
1520 1944 1678 2001 Theodosio

98 2054 157 2106 um,
173 2039 269 2095 habita
283 2040 416 2095 adversus
430 2041 590 2097 Nestorium
609 2042 811 2097 Constantino·
858 2040 975 2111 juniore
991 2039 1075 2095 tertio
1091 2038 1200 2094 decimo
1216 2041 1244 2092 et
1259 2037 1459 2093 Valentiniano
1473 2037 1559 2093 tertio
1573 2052 1678 2092 consu·

98 2132 813 2206 rumepiscopum,quipurumhominemersancta
862 2133 946 2201 libus,
962 2148 1018 2188 rere
1041 2146 1198 2188 cercurum.
1212 2130 1262 2187 Cui
1285 2128 1393 2201 synodo
1417 2128 1553 2201 presedit
1572 2129 1678 2185 beatis-

99 2240 114 2279 e
134 2225 220 2280 ldaria
240 2229 342 2280 natum
365 2227 493 2292 asseruit,
509 2233 539 2282 ut
554 2227 638 2282 eliam
661 2242 813 2298 personam
862 2224 950 2280 simus
962 2224 1106 2297 quondam
1120 2223 1240 2295 Cyrillus
1261 2221 1438 2276 Alexandriae
1458 2221 1615 2294 episcopus,
1630 2221 1680 2294 qui

98 2317 193 2383 ,aliam
216 2319 323 2373 iaceret
347 2319 469 2389 deitatis,
486 2337 538 2373 nec
559 2335 650 2374 uuum
669 2320 812 2375 Christum
861 2334 928 2373 cum
954 2318 1034 2373 omni
1063 2315 1183 2372 eoncilia
1207 2315 1242 2371 ad
1269 2314 1403 2371 eumdem
1429 2314 1587 2370 Nestorium
1618 2314 1681 2369 hec

99 2409 130 2465 bo
145 2410 191 2465 bei
206 2414 233 2464 et
249 2428 333 2465 earne
350 2412 476 2480 sentiret,
491 2414 540 2467 sed
555 2413 712 2484 separatim
726 2418 812 2484 atque
863 2413 1012 2484 synodalia
1025 2412 1141 2467 decreta
1154 2411 1322 2466 transmisit.

101 2504 145 2557 tim
174 2504 294 2559 alterum
323 2506 425 2559 filium
453 2506 512 2571 bei,
538 2506 660 2561 alterum
687 2505 813 2560 hominis

331 2763 541 2833 EPISTOLA
565 2765 766 2833 EPHESINI
790 2764 977 2835 CONClLlI
999 2763 1059 2831 ab
1081 2760 1343 2831 NESTORIUM.

102 2921 175 2991 gioso
191 2928 216 2975 et
242 2924 297 2976 beo
322 2925 436 2978 evitabili
462 2927 655 2981 consacerdoti
678 2927 813 2982 Nesrouro
863 2928 1037 2997 congregata
1053 2927 1105 2992 est,
1122 2922 1289 2995 presidente
1309 2919 1485 2975 sanctissimo
1499 2923 1528 2973 et
1545 2932 1677 2973 reveren·

99 3030 139 3080 ss,
159 3017 201 3069 vol
221 3017 381 3088 quicunque
410 3024 476 3073 suut
502 3020 577 3090 apud
599 3020 700 3090 llplresi
726 3036 811 3090 syuo—
863 3018 979 3073 dissime
1005 3019 1088 3072 Patre
1115 3024 1143 3073 et
1170 3014 1370 3071 consacerdote
1400 3017 1497 3068 nostro
1529 3011 1678 3067 Caelestino

862 3111 1005 3183 episeopo,
1029 3111 1074 3164 his
1103 3110 1213 3181 scriptis
1248 3107 1389 3180 synodicis
1420 3110 1448 3161 te
1476 3106 1562 3162 etiam
1594 3104 1679 3161 tertio

99 3202 243 3258 eseliator
256 3207 352 3258 noster
366 3209 463 3276 aperte
477 3207 661 3277 pronuntiet:
680 3207 733 3271 Qui
748 3206 810 3261 dili·
862 3203 1055 3271 convenimus,
1082 3201 1232 3258 consilium
1265 3201 1366 3257 danim
1396 3203 1430 3254 ut
1454 3216 1471 3254 a
1496 3200 1555 3253 tam
1585 3197 1680 3270 pravis

99 3299 165 3351 trem
193 3302 241 3350 aut
270 3303 392 3352 matrem
421 3316 507 3370 super
535 3316 581 3355 me
612 3317 668 3355 uon
698 3303 741 3355 est
766 3316 811 3355 me
863 3298 1005 3352 abstineas
1027 3296 1207 3368 dogmatibus
1232 3310 1295 3366 que
1320 3296 1348 3349 et
1370 3292 1475 3348 sentire
1500 3291 1680 3362 cognosceris

99 3406 112 3453 v,
127 3394 155 3443 et
176 3391 225 3460 qui
249 3390 341 3463 diligit
364 3392 453 3446 tilium
477 3397 527 3446 aut
545 3393 634 3447 liliam
659 3410 745 3466 super
765 3409 810 3447 nie
862 3396 891 3445 et
922 3390 1035 3447 docere.
1063 3388 1195 3460 llecipias
1218 3403 1284 3443 vem
1307 3386 1395 3441 tidem
1419 3390 1525 3440 rectam
1550 3383 1679 3439 Ecclesiis

99 3485 115 3536 ιι
131 3499 178 3537 me
194 3484 298 3554 dignus
316 3486 425 3555 [battle.
442 3503 468 3553 r,
485 3488 540 3557 ιιι),
555 3486 624 3557 quid
648 3503 698 3541 uos
721 3486 810 3557 patie·
862 3499 914 3555 per
925 3482 1102 3539 beatissimos
1123 3481 1263 3553 apostolos
1286 3484 1314 3535 et
1337 3478 1526 3551 evangelistas
1538 3475 1573 3531 ab
1596 3475 1678 3531 initio

100 3574 132 3645 [ui
154 3576 366 3647 deposcimura
385 3583 434 3632 tua
457 3578 596 3651 religione
622 3582 651 3632 ut
673 3583 701 3633 te
726 3594 812 3650 super
861 3576 1005 3645 traditam,
1032 3574 1081 3645 qui
1112 3578 1141 3629 et
1171 3573 1259 3629 oculis
1289 3572 1475 3644 inspexerunt
1499 3576 1529 3626 et
1553 3568 1677 3624 ministri

100 3684 137 3723 un
167 3669 341 3724 salvatorem
370 3671 500 3726 omnium
535 3671 711 3743 diligamus?
737 3670 809 3736 Quid
862 3668 943 3724 Verbi
965 3667 1050 3724 luisse
1069 3667 1276 3722 monstrantur.
1297 3664 1417 3730 Quodsi
1435 3664 1488 3718 hoc
1511 3662 1614 3733 religio
1629 3663 1679 3716 tua

100 3761 170 3817 robis
185 3763 215 3816 in
231 3764 275 3817 die
294 3763 394 3833 judieii
410 3764 545 3836 proderit,
560 3768 609 3819 ιιιιι
627 3782 714 3837 qaam
728 3765 809 3820 satis·
860 3762 952 3817 facere
962 3759 1113 3828 distulerit,
1124 3759 1204 3830 juxta
1219 3757 1384 3813 dilationem
1393 3755 1496 3812 litteris
1504 3754 1677 3826 prefinitum

100 3871 146 3910 em
167 3857 294 3925 reperire
316 3857 471 3927 poterimus
486 3862 603 3929 propter
617 3863 676 3913 tem
697 3858 809 3914 diutur·
861 3852 1032 3910 sanctissimi
1053 3857 1082 3908 et
1105 3849 1337 3907 reverendissimi
1357 3846 1567 3904 consacerdotis
1588 3843 1678 3901 nostri

100 3947 225 4003 ilentium
239 3948 273 4004 de
289 3949 432 4020 prolatisa
447 3953 474 4004 te
489 3957 586 4005 eontra
598 3967 664 4006 eum
677 3950 808 4023 blasphe·
861 3949 995 4002 Romane
1003 3946 1132 4019 praesulis
1142 3943 1271 4001 Ecclesia
1279 3940 1434 4010 Caelestini,
1446 3941 1519 3996 scias
1529 3942 1557 3996 le
1567 3938 1676 3994 nullam

100 4042 126 4096 et
136 4041 160 4096 si
175 4041 294 4112 quidem
305 4046 333 4096 te
347 4044 549 4098 tantummodo
565 4043 810 4112 locassemus
860 4045 967 4097 sortem
984 4039 1088 4096 habere
1102 4039 1262 4105 nobiseum,
1276 4053 1330 4093 uec
1343 4037 1440 4091 locum
1452 4037 1502 4090 aut
1515 4030 1674 4089 convivium

100 4134 255 4201 leentiens,
270 4136 431 4191 sollicitudo
453 4135 534 4191 nobis
557 4137 650 4192 minor
663 4137 808 4193 existeret.
860 4151 926 4190 cum
947 4133 995 4190 liei
1018 4132 1211 4189 sacerdotibus
1236 4134 1264 4186 et
1285 4128 1425 4202 episcopis
1449 4125 1589 4182 obtinere.
1615 4124 1675 4179 Nou

101 4243 150 4284 ero
166 4232 256 4283 totam
274 4230 507 4285 scandalizaveris
526 4230 689 4296 Ecclesiam,
705 4236 733 4285 ct
752 4230 808 4285 ler-
859 4227 936 4283 enim
952 4228 994 4283 ias
1008 4233 1051 4282 est
1065 4226 1175 4282 conteri
1191 4241 1250 4281 non
1263 4223 1355 4279 solnm
1375 4220 1515 4277 Ecclesiae
1525 4220 1565 4276 ita
1578 4215 1674 4274 turba·

100 4338 124 4377 m
136 4322 259 4378 insolitae
272 4323 419 4394 pravitatis
432 4329 460 4378 et
473 4340 553 4378 nove
567 4323 682 4379 heresis
692 4322 810 4378 misene
861 4325 903 4376 tas
924 4324 953 4376 et
969 4320 1171 4375 scandalizatas
1192 4315 1317 4391 populis,
1332 4315 1477 4387 iidemque
1489 4311 1675 4370 rectissimam

101 4414 206 4487 opulis,
217 4431 270 4469 nec
282 4419 392 4470 tautum
402 4416 509 4471 ibidem
523 4416 632 4489 positis,
644 4417 692 4472 sed
704 4415 810 4488 ubique
860 4414 992 4469 violatam
1010 4412 1241 4484 dissipatamque,
1256 4410 1326 4482 quin
1339 4408 1426 4464 etiam
1449 4422 1568 4480 gregem
1588 4418 1676 4476 quem

100 4508 223 4563 entibus.
254 4509 325 4564 Nam
354 4515 470 4565 tuamm
502 4510 713 4581 expositionum
745 4507 1001 4589 libriDcustodire
1025 4504 1176 4574 debueras,
1202 4503 1344 4575 siquidem
1372 4502 1456 4573 juxta
1484 4516 1537 4554 nos
1566 4499 1676 4552 ametor

101 4605 164 4656 ncta
181 4602 288 4672 vulgati
316 4608 392 4670 sunt,
413 4619 465 4674 pro
493 4606 588 4657 nostro
615 4603 727 4658 silentio
746 4618 811 4675 quiin
861 4600 930 4656 recti
940 4598 1079 4671 dogmatis
1088 4597 1249 4662 exstitisses,
1258 4595 1545 4652 sanctorumPetrum
1557 4587 1677 4661 vestigia

101 4694 167 4750 ultra
188 4695 231 4748 vel
254 4694 446 4750 excusationis
475 4712 568 4750 sermo
592 4696 737 4751 sullieiat?
757 4698 812 4751 Aut
863 4694 1094 4765 piaconseetaus.
1413 4676 1416 4683 ¹

101 4802 181 4843 »nou
195 4804 310 4843 necesse
330 4789 367 4843 sit
390 4789 554 4843 nicuriuisse
574 4789 675 4844 Christi
696 4788 812 4844 Domini

101 4879 186 4936 entis:
201 4901 215 4931 u
226 4882 288 4936 Non
301 4881 405 4953 putetis
416 4883 492 4954 quod
502 4882 628 4938 venerim
642 4898 739 4953 pacem
750 4881 812 4936 mit·
897 4880 1004 4935 Omnes
1011 4877 1106 4950 itaque
1113 4892 1184 4949 quos
1193 4874 1403 4948 proptertldem
1411 4869 1677 4942 tuereligioacom·

101 4978 218 5041 terram,
230 4992 287 5029 ιιοιι
297 4975 360 5030 veui
370 4992 471 5046 pacem
483 4975 663 5045 mittere,sed
673 4973 810 5046 gladium,
863 4973 1000 5029 munione
1013 4971 1141 5039 removit,
1158 4972 1207 5025 eut
1219 4969 1255 5024 ab
1268 4968 1369 5024 ordine
1383 4984 1433 5023 sno
1446 4964 1579 5039 deposuit
1593 4961 1678 5019 laicus

104 5067 144 5123 im
154 5085 286 5139 separare
299 5069 445 5123 homiuem
456 5070 589 5123 adversus
599 5072 710 5140 patrem
718 5084 811 5137 suum,
863 5070 893 5122 et
901 5066 1018 5122 clericos
1026 5065 1056 5121 in
1064 5069 1190 5120 nostram
1202 5061 1433 5119 communionem
1446 5058 1608 5131 recipimus,
1621 5072 1678 5112 nou

102 5178 123 5215 n
146 5162 280 5217 advorsus
303 5167 421 5217 matrem
441 5179 522 5217 suam
537 5162 627 5232 (ibid,
641 5163 696 5232 34.)
713 5182 726 5209 o
743 5162 813 5216 Nam
863 5159 942 5215 enim
953 5158 1065 5231 justum
1077 5162 1177 5213 esteos
1190 5157 1246 5213 tuis
1257 5156 1379 5212 decretis
1389 5151 1516 5226 opprimi
1532 5152 1676 5224 quinovc·

102 5253 196 5309 editur
210 5255 289 5317 sides,
312 5259 461 5326 parentum
485 5255 644 5310 reverentia
664 5255 741 5309 velut
765 5253 811 5309 iu·
863 5257 931 5310 runt
953 5257 1031 5309 recta
1054 5251 1171 5307 sentire.
1198 5250 1252 5315 Qui
1276 5248 1363 5306 etiem
1395 5245 1606 5303 benefacientes
1628 5241 1679 5297 tibi

102 5352 123 5403 et
143 5347 299 5419 periculosa
322 5348 486 5420 despicitur,
502 5352 531 5402 et
547 5364 629 5402 amor
649 5364 717 5419 erga
740 5347 813 5404 filios
863 5345 1081 5420 prudentissime
1114 5343 1291 5411 restiterunt,
1314 5343 1369 5398 hoc
1392 5341 1469 5395 idenr
1497 5351 1621 5408 nemque
1650 5334 1680 5388 in

102 5455 153 5512 gne
173 5441 290 5507 vitatur,
305 5441 340 5495 ad
366 5446 540 5512 postremum
564 5441 652 5496 etiam
669 5457 755 5513 super
767 5441 812 5513 ip·
864 5440 1082 5514 epistolaquam
1098 5437 1201 5494 misisti
1215 5437 1252 5492 ad
1273 5435 1425 5509 presulem
1448 5431 1550 5503 ample
1571 5430 1678 5493 Rome,

102 5548 249 5589 tammors
268 5535 361 5606 potius
378 5554 394 5588 a
410 5536 463 5606 piis
476 5535 543 5589 viris
563 5534 688 5606 cligitur,
702 5538 736 5590 ut
750 5550 811 5590 me·
864 5538 992 5590 sanctum
1023 5537 1051 5588 ct
1082 5531 1282 5604 coepiscopum
1319 5533 1449 5585 nostrumr
1487 5520 1679 5586 (telestinum,

119 5628 370 5695 resurrectionem,
386 5630 458 5684 sicut
481 5630 618 5700 scriptum
642 5632 694 5694 est,
715 5642 812 5683 conse·
865 5628 1023 5700 significare
1056 5625 1170 5681 curasti.
1205 5625 1267 5679 Non
1296 5625 1392 5678 eutem
1425 5617 1530 5674 suflicit
1555 5614 1598 5668 rel
1622 5616 1681 5668 tute

102 5736 122 5776 r
144 5721 238 5791 illem.
260 5738 289 5789 ιι,
306 5723 360 5793 35).
383 5724 450 5777 Eece
476 5723 569 5794 itaque
590 5725 617 5776 te
640 5721 727 5777 simul
749 5737 815 5776 eum
865 5716 1281 5794 religionituntummodolldei
1294 5705 1681 5788 symbolumcoullteriquod

107 5815 225 5887 synodo,
241 5831 305 5889 que
328 5816 402 5886 apud
429 5817 552 5895 urrriplaur
569 5816 668 5871 urbem
691 5816 815 5871 douram
867 5814 1029 5890 expositum
1056 5816 1099 5871 est
1120 5830 1173 5889 por
1195 5811 1280 5869 idem
1307 5813 1441 5883 terripus.
1456 5804 1575 5880 Spiritu
1599 5802 1706 5855 susem
