3870 6150
147 245 201 298 aaa

765 238 1001 296 tacueramus
1021 238 1213 295 conterno.

1784 246 1835 300 250

146 369 211 406 rum
227 348 413 405 stabilitatem
430 343 639 418 procurandam
654 348 761 404 fuerint
771 349 965 421 disponantur,
978 347 1301 438 Aphrygiummecnon
1310 351 1339 403 et
1349 346 1591 420 superhumerale,
1600 349 1835 407 videlicetlorum

143 446 255 516 justum
271 443 376 516 qnippe
390 444 433 497 est
445 447 475 496 ut
484 442 523 496 ibi
534 442 685 497 lexsancta
694 446 779 515 caput
788 445 969 516 teneatprin-

146 539 269 610 cipalus,
294 537 342 591 ubi
369 539 532 591 sanctarum
557 536 656 607 legum
679 536 825 593 institutor
843 537 969 594 Salvator

147 636 245 688 noster
257 631 374 686 beatum
385 632 500 685 Petrum
512 630 685 701 apostolatus
693 631 822 686 obtinere
832 631 969 703 pracepit

148 725 322 792 cathedram,
340 724 397 792 ubi,
412 729 441 778 ct
454 724 546 778 crucis
560 723 722 797 patibulum
737 724 890 792 sustineus,
903 726 968 781 bea-

148 823 183 874 tae
210 818 313 873 mortis
338 817 459 889 sumpsit
486 818 632 888 poculum,
658 818 758 889 suique
786 818 912 890 Magistri
940 823 968 874 et

150 912 262 968 bomini
277 912 404 966 imitator
417 911 559 982 apparuit.
577 912 610 965 Et
626 911 665 966 ibi
685 916 786 982 gentes
800 929 852 983 pro
865 912 968 967 Christi

152 1006 274 1062 nominis
286 1004 462 1060 confessione
477 1005 549 1060 colla
564 1004 679 1060 flerunt
688 1005 845 1062 ubieorum
857 1006 965 1075 doctor,

151 1100 246 1155 beatus
268 1100 373 1153 Paulus
392 1099 536 1170 apostolus
555 1114 608 1169 pro
628 1098 739 1153 Christo
760 1103 873 1154 extenso
895 1101 966 1154 collo

152 1193 288 1265 martyrio
300 1195 454 1248 coronatus
464 1195 516 1259 est,
529 1191 585 1246 illic
595 1208 685 1264 usque
694 1192 724 1246 in
737 1192 824 1247 fmcm
837 1199 967 1265 quaerant

153 1288 295 1342 doctorem
322 1286 370 1341 ubi
392 1292 522 1341 sanctum
537 1285 657 1340 doctoris
672 1285 791 1357 quiescit
808 1304 921 1359 corpus,
939 1293 967 1343 ct

154 1381 186 1434 ibi
201 1381 286 1453 proni
306 1396 338 1435 ac
355 1379 498 1434 humiliati
519 1380 638 1434 coelcstis
656 1380 730 1449 regis
751 1381 801 1435 Dei
820 1381 966 1437 salvatoris

153 1474 236 1528 nostri
251 1475 316 1528 lesu
336 1473 438 1530 Christi
460 1474 638 1528 famulentur
660 1473 765 1541 officio,
786 1474 834 1528 ubi
851 1474 967 1547 superbi

153 1567 253 1622 terreni
268 1567 346 1638 regis
364 1566 524 1621 serviebant
544 1566 675 1639 imperio.
697 1569 806 1623 interca
823 1585 907 1624 nosse
921 1586 967 1624 vo·

152 1661 240 1715 lunius
268 1676 384 1715 omnem
406 1661 545 1732 populum
568 1660 766 1716 universarum
787 1662 917 1733 gentium
933 1680 966 1718 ac

1018 441 1095 513 quod
1117 441 1263 512 imperiale
1284 442 1460 498 circumdare
1479 444 1582 499 assolet
1602 443 1716 515 collum,
1737 461 1837 500 verum

1019 535 1105 589 etiam
1117 538 1144 589 et
1158 534 1337 606 chlamydem
1347 552 1523 607 purpuream
1539 542 1625 608 atque
1641 537 1766 593 tunicam
1776 555 1838 594 coc·

1018 628 1139 699 cineam,
1157 630 1186 682 et
1199 628 1294 683 omnia
1312 630 1470 700 imperialia
1491 631 1669 701 indumenta,
1686 649 1737 687 sen
1750 635 1779 688 et
1792 633 1836 688 di-

1018 722 1158 794 gnitatem
1172 722 1363 793 imperialium
1379 724 1591 794 praesidentium
1610 725 1751 797 equitum,
1767 720 1835 782 con·

1017 815 1141 870 ferentes
1164 816 1250 871 etiam
1272 820 1300 872 ct
1322 816 1479 888 imperialia
1499 823 1619 889 sceptra,
1645 819 1785 891 simulque
1808 825 1837 876 ct

1017 912 1117 964 cuncta
1139 909 1222 981 signa
1248 913 1334 981 atquc
1355 911 1449 965 hanua
1468 911 1554 966 etiam
1575 915 1604 966 et
1623 912 1734 968 diversa
1755 930 1837 968 orna·

1016 1008 1112 1058 menta
1127 1002 1294 1074 imperialia,
1309 1009 1338 1060 et
1350 1021 1463 1060 omnem
1477 1005 1690 1077 processionem
1699 1007 1833 1078 imperia·

1017 1095 1052 1151 lis
1067 1097 1200 1151 culminis
1213 1101 1241 1153 et
1255 1097 1375 1170 gloriam
1388 1099 1537 1171 potestatis
1551 1103 1664 1154 nostra.

1053 1189 1116 1265 58
1131 1190 1204 1246 Viris
1223 1191 1300 1247 euim
1319 1191 1574 1259 reverendissimis,
1596 1192 1704 1247 clericis
1719 1193 1837 1249 diversis

1018 1285 1175 1354 ordinibus,
1185 1286 1277 1341 eidem
1291 1289 1477 1342 sacrosancta
1489 1288 1571 1343 Rom.
1581 1287 1709 1343 Ecclesia
1717 1287 1838 1344 servieu-

1016 1379 1091 1433 tibus
1102 1379 1171 1434 illud
1180 1379 1293 1434 culmen
1305 1380 1542 1453 singularitatem,
1553 1382 1714 1454 potentiam
1725 1386 1753 1436 et
1763 1398 1836 1454 prm-

1017 1472 1174 1528 cellentiam
1190 1473 1296 1528 habere
1311 1474 1464 1545 sancimus,
1481 1475 1560 1547 cujus
1580 1475 1772 1547 amplissimus
1784 1493 1835 1530 no·

1016 1569 1075 1621 ster
1088 1569 1202 1621 seramus
1212 1566 1324 1622 ridetur
1336 1568 1427 1640 gloria
1440 1569 1585 1636 adornari,
1599 1568 1628 1623 id
1644 1572 1687 1624 est
1701 1570 1836 1640 patricios

1015 1664 1101 1731 atque
1115 1659 1244 1715 consules
1257 1659 1342 1729 effici,
1358 1679 1471 1717 necnon
1482 1666 1509 1715 ct
1522 1663 1634 1717 caeteris
1647 1662 1835 1735 dignitatibus

151 1756 306 1822 nationum,
317 1771 370 1826 per
385 1759 478 1810 totum
498 1753 598 1809 orbem
618 1757 760 1809 terrarum
779 1758 964 1812 construxisse
976 1739 1003 1810 Β
1016 1753 1209 1825 imperialibus
1223 1771 1273 1810 cos
1291 1755 1541 1827 promulgantibus
1561 1756 1698 1811 decorari.
1718 1757 1753 1812 Et
1764 1757 1837 1812 sicut

150 1865 205 1916 uos,
219 1850 298 1903 intra
311 1848 448 1918 palatium
463 1851 592 1903 nostrum
608 1849 797 1905 Lateranense
814 1849 906 1905 eidem
914 1851 965 1905 sai·

1014 1848 1212 1918 imperialibus
1226 1847 1336 1918 militia,
1355 1849 1434 1903 itaet
1456 1849 1562 1904 clerum
1578 1853 1682 1904 sanctae
1699 1851 1836 1905 Romame

149 1941 232 1997 ratori
247 1945 347 1996 nostro
362 1942 481 1997 Domino
496 1943 561 1997 lesu
575 1941 685 1996 Christo
702 1942 850 1998 ecclesiam
866 1961 883 1998 a
897 1945 963 1998 fun·
1015 1940 1445 1997 Ecclesiaeamaridecernimus.
1455 1943 1837 2015 Elquemadmoduminrpc·

150 2035 286 2090 amentis
301 2052 368 2090 cum
388 2035 566 2108 baptisterio,
586 2039 615 2091 et
634 2036 784 2092 duodecim
800 2054 853 2093 nos
872 2038 965 2093 sciatis
1014 2034 1224 2106 rialispotentia
1232 2034 1332 2090 officiis
1342 2035 1459 2091 diversis
1470 2036 1834 2110 cubiculariorum,nempc

148 2129 251 2200 deeJ'us
262 2128 467 2197 fundamentis,
482 2130 638 2185 secundum
647 2147 799 2187 numerum
813 2131 965 2187 duodecim
1015 2128 1214 2197 hostiarorum,
1226 2133 1310 2201 atque
1322 2128 1451 2184 omnium
1469 2129 1657 2185 excubiarum
1668 2134 1782 2198 ornatu,
1795 2132 1834 2186 ita

147 2224 351 2294 apostolorum,
365 2224 503 2295 cophinos
519 2228 601 2280 terra
620 2228 766 2281 onustatos
783 2226 905 2297 propriis
918 2243 964 2281 as·
1015 2225 1043 2277 ct
1056 2226 1184 2277 sanctam
1199 2224 1359 2278 Romanam
1374 2223 1528 2280 Ecclesiam
1545 2222 1676 2280 decorari
1694 2225 1834 2294 volumus,

146 2322 273 2389 portasse
288 2317 426 2388 humeris,
438 2335 524 2390 quam
536 2321 745 2374 sacrosanctam
756 2320 910 2375 Ecclesiam
922 2337 965 2376 ca·
1015 2320 1044 2372 et
1057 2321 1089 2372 ut
1103 2317 1281 2389 amplissime
1296 2317 1459 2389 pontificale
1475 2318 1561 2373 decus
1582 2317 1764 2390 praefulgeat,
1787 2319 1835 2374 de·

147 2418 193 2483 put
207 2418 237 2468 et
250 2412 387 2466 verticem
401 2412 529 2467 omnium
544 2412 734 2468 Ecclesiarum
748 2414 879 2469 universo
895 2415 964 2470 orbe

147 2509 288 2560 terrarum
302 2505 367 2574 dici,
379 2506 444 2573 coli,
454 2506 581 2560 venerari
598 2523 631 2561 ac
646 2506 796 2579 praedicari
810 2507 962 2577 sancimus,

147 2599 213 2654 sicut
226 2615 281 2670 per
305 2598 361 2653 alie
384 2603 479 2653 nostra
501 2599 660 2670 imperialia
683 2601 796 2656 decreta
816 2601 963 2657 constitui-

148 2709 218 2748 mus.
236 2691 453 2749 construximus
467 2692 560 2765 itaque
584 2690 714 2748 ccclesias
724 2693 873 2751 beatorum
888 2695 962 2750 Petri

1015 2411 1158 2466 ceruimus
1174 2416 1201 2466 et
1213 2412 1267 2465 hoc
1283 2411 1417 2468 utclerici
1432 2412 1560 2483 ejusdem
1575 2416 1681 2467 sanctae
1694 2414 1834 2467 Romanas

1014 2505 1145 2560 Ecclesiae
1158 2505 1315 2576 manipulis
1331 2511 1359 2560 et
1369 2505 1593 2573 linteaminibus,
1605 2505 1633 2559 id
1643 2508 1685 2560 est
1697 2505 1835 2561 candidis·

1013 2598 1085 2655 simo
1101 2599 1194 2653 colore
1217 2599 1344 2654 decorari
1366 2615 1453 2671 equos
1473 2602 1501 2654 ct
1515 2599 1555 2654 ita
1567 2598 1702 2670 equitari.
1716 2600 1750 2653 Et
1762 2599 1835 2655 sicut

1012 2696 1110 2747 noster
1123 2695 1237 2747 senatus
1250 2692 1452 2748 calceameutis
1464 2693 1553 2747 utitur
1564 2709 1630 2748 cum
1640 2692 1792 2761 udonibus,
1805 2694 1832 2749 id

148 2789 172 2840 et
184 2786 276 2854 Pauli,
299 2786 458 2858 primorum
478 2786 684 2859 apostulorum,
702 2804 774 2859 quas
791 2805 861 2844 auro
879 2794 907 2844 et
921 2806 963 2844 ar·
1013 2789 1056 2842 est
1080 2786 1200 2842 candido
1224 2786 1391 2841 linteamine
1411 2787 1560 2857 illustrati,
1584 2791 1616 2841 ut
1640 2786 1712 2843 sicut
1733 2787 1831 2841 coeles-

148 2884 231 2950 genta
246 2879 489 2951 locupletavimus,
499 2880 547 2934 ubi
560 2886 588 2936 et
599 2882 786 2938 sacratissima
794 2899 893 2938 euuuu
903 2901 963 2938 cor·
1013 2880 1062 2948 tia,
1080 2880 1118 2936 ita
1137 2883 1166 2935 et
1183 2885 1296 2936 terrena
1311 2880 1348 2935 ad
1367 2880 1486 2935 laudem
1506 2880 1555 2935 Dei
1577 2879 1756 2936 decorentur.
1773 2882 1834 2936 Prae

148 2989 212 3043 pora
233 2990 300 3028 cum
321 2989 429 3044 magno
442 2973 550 3029 honore
565 2975 763 3046 recondentes,
781 2976 875 3032 thecas
890 2977 962 3048 ipso·
1012 2974 1144 3029 omuibus
1169 2977 1265 3029 autem
1288 2973 1433 3029 licentiam
1458 2974 1616 3029 tribuentes
1639 2974 1693 3045 ipsi
1719 2975 1834 3030 sanctis·

149 3084 206 3121 rum
219 3084 255 3122 cx
267 3067 373 3123 electro
386 3068 432 3124 cui
447 3068 525 3124 nulla
541 3068 678 3125 fortitudo
691 3071 826 3141 praevalet
837 3070 961 3126 elemen-

148 3166 240 3216 torum
256 3162 478 3231 coustmximus,
493 3165 522 3217 et
536 3179 650 3218 cmcem
666 3179 699 3218 ex
714 3179 785 3219 auro
799 3163 961 3237 purissimo,

151 3258 172 3308 et
183 3254 311 3326 gemmis
324 3255 536 3328 pretiosissimis
549 3272 601 3328 per
617 3257 743 3329 singulas
756 3273 855 3314 eorum
867 3259 963 3314 thecas

150 3351 301 3420 posuimus,
318 3352 347 3404 et
362 3350 448 3405 claris
469 3350 563 3406 aureis
585 3350 765 3407 confiximus.
788 3351 896 3417 Quibus
912 3369 964 3425 pro

152 3442 361 3500 concinnatione
378 3443 609 3514 luminariorum,
627 3445 837 3517 possessionum
856 3446 964 3519 praedia

152 3538 328 3606 contulimus,
342 3542 370 3593 et
384 3538 468 3593 rebus
488 3538 606 3595 diversis
626 3556 674 3595 eas
685 3540 849 3612 ditavimus,
866 3545 894 3597 et
910 3557 964 3613 per

155 3631 963 3704 nostramirnpcrialemjussiouemsacram,taminoriente

156 3737 230 3792 quam
244 3724 275 3779 in
291 3723 437 3780 occidente
451 3726 493 3780 vel
511 3726 597 3782 etiarn
610 3727 828 3799 septentrionali
843 3732 871 3783 et
881 3726 964 3783 meri·

157 3813 229 3871 diana
238 3817 334 3890 plaga,
347 3818 477 3875 videlicet
491 3820 520 3874 iu
532 3820 639 3888 tudes,
655 3821 771 3891 Gracia,
786 3820 863 3888 Asia,
873 3822 962 3878 Thra·

158 3908 199 3976 cia,
211 3911 306 3966 Africa
320 3916 350 3965 ct
363 3911 456 3981 ltalia,
474 3914 518 3968 rel
544 3913 659 3969 diversis
676 3914 776 3970 insulis
789 3918 885 3971 nostra
904 3915 962 3970 lar·

154 4000 233 4068 vitate
255 4004 297 4058 eis
319 4006 521 4074 concessimus,
541 4024 575 4064 ea
598 4025 713 4079 prorsus
731 4009 841 4064 ratione
863 4014 892 4065 ut
912 4025 964 4081 per

154 4106 249 4152 manns
271 4097 427 4154 beatissimi
448 4101 538 4156 Patris
561 4102 651 4157 ucstri
672 4102 799 4159 silvestri
820 4103 964 4175 pontificis

147 4200 393 4266 wccessommque
409 4195 505 4249 omnia
518 4195 715 4267 disponantur.
737 4197 867 4252 Gaudeat
887 4198 965 4252 enim

148 4286 366 4342 unanobiscum
381 4289 475 4343 omnis
495 4290 616 4361 populus
636 4293 665 4344 ct
684 4290 812 4362 gentium
836 4291 964 4347 nationes

143 4377 280 4434 universo
294 4380 363 4435 orbe
379 4384 521 4438 terrarum
537 4383 719 4439 exhortantes
741 4401 842 4440 omnes
860 4388 894 4440 ut
906 4385 963 4440 ileo

1013 3068 1085 3122 simo
1109 3068 1186 3122 Patri
1208 3070 1304 3123 nostro
1327 3068 1475 3135 Silvestre,
1498 3067 1575 3123 urbis
1598 3070 1698 3123 Roma
1725 3068 1833 3141 episeo-

1013 3178 1060 3234 po,
1076 3167 1195 3233 etpapae
1212 3167 1241 3217 et
1254 3161 1398 3232 omnibus,
1413 3163 1462 3234 qui
1475 3165 1540 3234 post
1554 3179 1619 3217 eum
1636 3162 1664 3217 in
1675 3179 1834 3218 successum

1013 3260 1041 3310 et
1073 3255 1219 3327 perpetuis
1257 3255 1433 3328 temporibus
1466 3255 1633 3312 advenerint
1662 3255 1834 3312 beatissimis

1013 3349 1196 3422 pontificibus
1205 3364 1257 3421 pro
1270 3350 1379 3406 honore
1399 3351 1429 3404 et
1443 3348 1533 3422 gloria
1546 3349 1650 3405 Christi
1669 3349 1719 3406 bel
1732 3350 1833 3420 nostri,

1012 3443 1043 3498 in
1079 3444 1182 3500 eadem
1215 3444 1266 3498 lici
1300 3460 1408 3517 magna
1439 3443 1578 3499 catholica
1613 3447 1642 3499 et
1680 3444 1835 3516 apostolica

1013 3537 1145 3605 Ecclesia,
1161 3554 1193 3592 ex
1205 3541 1312 3604 ¹nostro
1335 3536 1443 3609 judicio
1467 3553 1553 3609 quem
1574 3538 1699 3609 placatus
1718 3538 1834 3611 proprio

1013 3631 1130 3686 consilio
1153 3630 1287 3686 clericare
1309 3631 1447 3700 voluerit,
1471 3634 1500 3685 et
1523 3631 1554 3686 iu
1578 3648 1700 3687 numero
1722 3632 1835 3704 religio-

1013 3741 1109 3780 sorum
1122 3725 1291 3780 clericorum
1305 3740 1514 3780 connumerare
1528 3725 1641 3780 nullum
1653 3744 1686 3781 ex
1700 3725 1834 3782 omnibus

1012 3824 1235 3891 presumentem
1254 3818 1376 3889 superbe
1403 3834 1500 3889 agere.
1526 3819 1709 3874 [lecrevimus
1735 3820 1831 3892 itaque

1014 3916 1042 3968 et
1067 3913 1136 3981 hoc,
1171 3917 1203 3967 ut
1239 3912 1316 3969 idem
1348 3911 1519 3968 venerabilis
1551 3914 1633 3968 Pater
1659 3917 1757 3969 noster
1781 3914 1833 3970 Sil·

1013 4010 1125 4075 vester,
1169 4021 1299 4061 summus
1341 4005 1490 4078 pontifex,
1541 4007 1584 4061 vel
1632 4023 1732 4062 omnes
1772 4008 1834 4080 ejus

1014 4116 1186 4157 successores
1209 4099 1358 4172 pontifices
1381 4099 1522 4171 diadema,
1542 4100 1675 4156 videlicet
1698 4119 1833 4159 coronam

1015 4211 1104 4266 quarn
1126 4212 1159 4251 ex
1183 4196 1275 4268 capite
1299 4198 1396 4250 nostro
1420 4193 1463 4248 illi
1485 4195 1686 4264 concessimus,
1715 4214 1749 4252 ex
1765 4214 1833 4254 auro

1013 4288 1167 4360 purissimo
1193 4292 1221 4344 et
1253 4288 1376 4362 gemmis
1409 4288 1539 4361 pretiosis
1571 4289 1612 4344 uti
1640 4289 1780 4362 debeant,
1806 4295 1836 4347 et
1909 4360 1912 4365 ¹

1014 4399 1114 4438 eorum
1127 4381 1218 4455 capite
1231 4383 1266 4438 ad
1279 4382 1394 4438 leudem
1407 4382 1460 4437 [lei
1475 4398 1528 4454 pro
1543 4382 1653 4438 honore
1668 4384 1745 4440 beati
1757 4385 1834 4440 Patri

139 4475 243 4528 nostro
257 4479 286 4528 et
305 4475 437 4530 salvatori
449 4478 514 4532 lesu
534 4476 645 4532 Christo
665 4478 819 4534 immensas
834 4495 890 4533 una
910 4494 962 4533 uo·
973 4487 1003 4560 D
1015 4480 1137 4548 gestare,
1152 4477 1212 4549 ipse
1224 4492 1290 4531 vero
1303 4475 1485 4532 beatissimus
1498 4493 1574 4549 pape
1592 4494 1678 4549 super
1696 4494 1834 4535 coronam

130 4549 255 4622 hiscum
275 4568 402 4623 referatis
420 4571 535 4641 gratias,
557 4587 642 4643 quam
662 4572 721 4644 ipse
745 4573 865 4628 neusin
887 4572 963 4628 coelis

127 4646 268 4733 desuper
280 4667 309 4717 et
320 4662 350 4717 in
365 4666 439 4719 terra
452 4664 596 4733 deorsum,
612 4666 660 4737 qui
677 4683 739 4736 nos,
755 4684 805 4738 per
818 4684 883 4722 suos
896 4684 961 4722 san·

119 4750 205 4805 etos
219 4756 362 4826 apostolos
378 4757 504 4827 visitans,
525 4763 655 4814 sanctum
679 4760 855 4832 baptismatis
873 4777 964 4816 sacra·

119 4841 274 4904 ¹ratitum
290 4850 449 4923 percipere,
466 4856 495 4907 et
509 4853 635 4925 corporis
649 4854 772 4910 sanitate
787 4854 887 4928 dignos
898 4854 964 4911 effe·

119 4939 196 5009 Qit,
211 4960 261 5014 pro
275 4960 331 5016 quo
345 4946 526 5002 concedimus
541 4948 610 5019 ipsis
628 4949 731 5004 sanctis
753 4949 895 5021 apostolis,
912 4950 962 5005 do·

123 5031 232 5090 ruinis
249 5037 321 5092 meis
341 5038 511 5095 beatissimis
528 5042 611 5097 Petro
631 5045 660 5096 et
683 5041 778 5108 Paulo,
795 5046 823 5098 et
845 5058 898 5114 per
916 5059 964 5098 eos

122 5130 232 5185 e§tiam
247 5131 332 5186 beato
346 5132 477 5189 Silvestre
498 5136 574 5189 Patri
594 5140 689 5191 nostro
708 5153 821 5192 summo
836 5135 964 5208 pontifici

128 5227 179 5274 εἰ
191 5225 353 5281 universalis
372 5225 451 5282 urbis
465 5229 563 5284 chrre
584 5246 678 5301 papa,
698 5233 727 5285 et
748 5229 880 5285 omnibus
903 5230 965 5301 ejus

129 5318 354 5375 &accessoribus
367 5319 558 5393 pontificibus,
571 5323 619 5393 qui
628 5340 715 5395 usque
726 5324 756 5379 in
767 5323 853 5380 finem
863 5325 965 5380 muudi

132 5395 180 5463 in
192 5413 253 5468 sede
264 5413 341 5468 beati
353 5415 430 5470 Petri
446 5419 530 5470 erunt
544 5417 656 5484 sessuri,
679 5421 763 5490 atque
780 5419 815 5472 de
828 5419 964 5492 praesenti

135 5507 328 5563 toncedimus
350 5508 488 5580 palatium
512 5509 625 5581 imperii
659 5511 748 5567 nostri
776 5513 964 5568 lateranense

138 5599 224 5667 (ruod
238 5601 372 5656 omnibus
391 5602 421 5658 in
437 5605 495 5659 toto
509 5603 578 5658 orbe
594 5608 733 5660 terrarum
753 5606 906 5678 praefertur
921 5610 964 5662 at·

139 5705 204 5764 truc
216 5696 351 5767 praecellit
360 5697 485 5770 palatiis,
501 5698 602 5755 deinde
618 5699 757 5770 diadema,
773 5701 903 5758 videlicet
918 5717 964 5757 co·

145 5795 248 5847 aonam
260 5790 361 5867 capitis
375 5791 465 5880 nostri
477 5792 619 5881 amnique
631 5794 761 5871 pallium,
777 5795 822 5853 vel
838 5795 963 5872 mitram,

1015 4571 1162 4626 clericatus
1176 4586 1264 4642 quam
1278 4570 1352 4643 gerit
1362 4570 1399 4625 ad
1409 4569 1530 4641 gloriam
1541 4570 1618 4626 beati
1629 4571 1706 4634 Petri
1715 4573 1835 4629 omniuo

1013 4665 1075 4738 ipsa
1089 4681 1124 4720 ex
1140 4681 1209 4721 auro
1221 4682 1280 4721 uon
1299 4667 1342 4720 est
1359 4680 1460 4737 passus
1479 4663 1520 4719 uti
1540 4680 1655 4735 corona,
1677 4666 1833 4740 phrygium

1013 4759 1258 4831 quoquecandido
1274 4759 1368 4814 nitore
1391 4757 1575 4830 splendidum
1596 4762 1833 4820 resurrectionem

1014 4852 1192 4910 Dominicam
1207 4852 1372 4924 designans,
1389 4853 1450 4924 ejus
1462 4853 1651 4911 sacratissimo
1667 4856 1765 4913 vertici
1775 4874 1834 4913 me·

1013 4947 1210 5003 nibusnostris
1227 4946 1425 5019 imposuimus,
1445 4951 1473 5002 et
1490 4951 1619 5004 tenentes
1641 4949 1754 5008 frenum
1766 4951 1832 5025 equi

1015 5041 1099 5110 illius,
1115 5058 1166 5114 pro
1189 5040 1347 5096 reverentia
1368 5041 1445 5096 beati
1464 5041 1539 5097 Petri
1564 5044 1691 5100 stratoris
1708 5045 1833 5101 officium

1014 5135 1054 5190 illi
1072 5135 1263 5202 exhibuimus,
1286 5137 1444 5191 statuentes
1461 5136 1564 5191 eodem
1593 5135 1715 5211 phrygio
1732 5156 1833 5195 omnes
1894 5141 1896 5144 ’

1015 5230 1075 5301 ejus
1088 5245 1262 5285 successores
1272 5229 1455 5301 singular-iter
1465 5230 1507 5285 uti
1518 5230 1547 5284 in
1560 5232 1786 5302 processionibus
1795 5232 1832 5287 ad

1013 5323 1208 5379 imitationem
1222 5323 1335 5395 imperii
1344 5323 1445 5379 nostri.
1455 5324 1534 5379 Unde
1544 5328 1575 5380 ut
1583 5324 1752 5396 pontificalis
1760 5342 1832 5398 apex

1016 5434 1073 5474 non
1087 5418 1211 5485 vilescet,
1231 5417 1282 5472 sed
1295 5417 1387 5490 magis
1401 5417 1524 5489 amplius
1545 5434 1631 5490 quam
1651 5417 1757 5473 terreni
1774 5418 1831 5474 im·

1013 5511 1085 5584 perii
1098 5510 1243 5582 dignitatis
1252 5513 1280 5566 et
1288 5511 1387 5583 gloria
1396 5511 1524 5584 potentia
1531 5511 1687 5580 decoretur,
1701 5516 1832 5568 eccetam

1013 5605 1152 5678 palatium
1159 5610 1298 5676 nostrum,
1307 5609 1337 5660 ut
1342 5605 1512 5678 praedictum
1520 5611 1571 5672 est,
1583 5620 1725 5677 quamque
1733 5605 1833 5662 Rorna-

1013 5716 1059 5756 nae
1074 5699 1163 5771 vobis,
1180 5701 1209 5755 et
1222 5715 1322 5755 omnes
1334 5698 1420 5755 ltalia
1433 5713 1483 5753 seu
1501 5697 1720 5757 occidentalium
1736 5701 1831 5776 regio-

1013 5810 1097 5869 num,
1110 5791 1537 5881 provincias,lccaetcivitates
1547 5793 1865 5873 piautouaussxan
