3870 6150
93 283 163 339 1113
700 280 935 342 accamanus
954 285 1150 344 contremo.
1708 291 1776 347 1146

90 391 144 445 tibi
157 390 737 463 intimabitomniapraedicata,nemodum
749 393 911 467 transgredi
920 405 948 479 Α
960 396 1080 451 missum
1095 396 1232 452 delictum
1254 396 1348 452 diviua
1371 397 1462 468 gratia
1475 397 1656 470 exstinguere
1670 399 1775 454 valeat.

90 484 252 539 litterarum
265 500 458 541 cerneremur.
471 485 539 542 Data
551 487 583 540 ut
597 502 691 556 supra.
960 490 986 546 Si
1001 490 1080 545 enim
1094 490 1165 545 tales
1184 490 1340 562 quaerimus
1360 490 1397 545 ad
1416 508 1511 546 sacros
1531 491 1644 547 ordines
1658 507 1776 564 promo·

959 583 1074 650 vendos,
1090 583 1192 654 quibus
1213 585 1292 639 nulla
1314 601 1396 656 ruga,
1409 585 1577 658 nullumque
1597 586 1661 641 vitae
1682 589 1778 641 conta·

419 727 583 783 AMANDUM
960 677 1040 748 giam
1059 677 1224 748 prepediat,
1248 684 1356 750 quanto
1381 678 1481 750 magis,
1497 679 1521 733 si
1542 685 1606 750 post
1628 679 1779 736 ordinatio·

587 769 593 782 ⁴
959 787 1026 826 nem
1039 787 1119 826 suam
1133 770 1273 843 quispiam
1287 772 1317 825 in
1337 772 1418 843 lapsu
1435 772 1580 842 ceciderit,
1598 777 1627 827 et
1640 774 1775 845 praevari-

127 861 315 916 Dilectissimo
330 861 408 916 fratri
425 864 542 917 Αιιιιιιιο
557 862 705 918 munus.
958 864 1076 919 cationis
1098 869 1212 935 peccato
1233 864 1465 936 deprehendatur
1486 865 1634 934 obnoxius,
1656 866 1776 922 omnino

126 955 321 1009 Fraternitatis
331 957 387 1009 tuae
397 955 492 1010 studio
501 955 612 1026 pietatis
624 958 791 1027 congestam
806 955 908 1026 episto·
959 956 1170 1029 prohibendum
1194 962 1237 1013 cst
1260 973 1326 1013 cum
1353 958 1486 1014 manibus
1513 960 1670 1029 lutulentis,
1691 963 1778 1031 atque

90 1047 908 1121 lamsuscipientes,aniruosnostrosrelevarecognoscitur.
959 1051 1082 1123 pollutus
1096 1052 1266 1123 mysterium
1280 1057 1385 1107 nostrae
1406 1053 1504 1109 salutis
1521 1056 1660 1122 hactare;
1682 1054 1776 1125 sitque

89 1140 910 1215 Duippcqnoniamhujussaculitluctiragaeatquetrausi-
958 1144 1122 1216 hujusmodi
1136 1160 1249 1217 semper
1259 1146 1341 1217 juxte
1350 1161 1495 1202 sacrorum
1507 1162 1648 1203 canonum
1663 1148 1777 1204 decreta

90 1235 174 1290 toriae
186 1234 344 1307 despiciens
356 1235 567 1305 oblectationes,
581 1235 632 1292 illa
643 1252 708 1309 quae
726 1241 865 1309 perpetua
882 1240 910 1292 et
956 1238 988 1294 in
1006 1238 1057 1293 hac
1076 1239 1135 1293 vita
1148 1238 1305 1310 depositus,
1328 1244 1358 1294 ut
1377 1240 1412 1294 ab
1434 1240 1483 1295 illo
1507 1241 1556 1313 qui
1576 1241 1680 1297 mentis
1702 1241 1775 1296 inte·

88 1328 223 1384 subhmia
236 1328 313 1384 dona
325 1346 377 1401 pro
387 1329 507 1385 Domino
523 1330 580 1386 Deo
593 1334 693 1385 nostro
706 1329 851 1402 obsequiis
861 1328 910 1384 tri·
959 1332 1046 1387 rioria
1052 1337 1204 1402 scrutatur,
1215 1333 1387 1405 nullumque
1397 1333 1433 1388 de
1444 1334 1545 1390 ovibus
1552 1350 1647 1390 errare
1656 1350 1778 1407 congau—

88 1421 218 1477 bunntur
238 1426 374 1494 appetere
394 1426 503 1478 certum
529 1427 580 1478 est.
602 1424 641 1479 Ex
661 1422 799 1478 relatione
822 1422 910 1495 igitur
959 1424 1015 1494 det,
1036 1425 1105 1481 dum
1120 1426 1265 1498 aspexerit
1284 1427 1424 1483 sinceram
1443 1427 1640 1500 paenitentiam
1653 1428 1724 1499 ejus,
1747 1429 1778 1483 in

84 1515 169 1587 juxta
192 1519 323 1571 tenorem
349 1517 406 1571 tuae
431 1515 616 1572 fraternitatis
643 1516 785 1587 epistolae,
813 1515 910 1572 latoris
958 1518 1078 1574 terribili
1094 1519 1203 1590 judicio
1224 1520 1327 1575 haheat
1348 1519 1574 1576 reconciliatum.
1590 1521 1715 1593 ldeoque
1729 1522 1779 1577 ite·

89 1609 423 1680 praeentiam‚laborum
432 1611 549 1665 tuorum
559 1613 703 1666 cermmeu
713 1609 908 1682 cognovimns,
958 1628 1023 1666 rum
1045 1612 1193 1668 hortamur
1206 1612 1374 1669 charitatem
1395 1619 1486 1683 tuam,
1506 1615 1636 1686 exemplo
1653 1616 1779 1687 ejusqui

88 1718 124 1757 cx
153 1701 257 1775 quibus
287 1702 407 1759 coelestis
438 1702 539 1775 patria
568 1719 707 1771 assensu,
738 1702 909 1759 humilitatis
959 1706 1106 1777 pronubis
1121 1707 1178 1778 pati
1197 1707 1424 1777 etmerivoluit,
1442 1711 1589 1779 promptos
1606 1707 1777 1764 vosiucun·

89 1795 233 1851 mentibus
240 1801 326 1868 utque
334 1797 464 1854 contritis
473 1797 738 1870 corporibus,robis
748 1772 946 1854 futurorumB
959 1800 1010 1855 ctis
1019 1801 1080 1871 ejus
1095 1801 1216 1857 servitiis
1229 1817 1406 1873 permanere.
1419 1802 1514 1874 Neque
1535 1817 1586 1856 nos
1599 1802 1695 1873 pigent
1706 1804 1778 1858 tern-

89 1889 259 1961 gaudiorum
279 1891 425 1963 largienda
448 1895 517 1946 suut
536 1906 667 1947 munera.
694 1892 765 1946 Nem
788 1907 853 1947 cum
873 1891 910 1947 sit
959 1894 1223 1965 poralescruciatus
1236 1911 1288 1966 pro
1307 1895 1409 1951 Christi
1424 1895 1540 1952 nomine
1554 1894 1706 1962 sustinere,
1727 1895 1777 1950 sed

88 1982 162 2038 muli
187 1985 392 2056 comparationi
419 1985 538 2041 omuino
563 1983 773 2057 coaequandum
798 1985 910 2058 quoda
959 1988 1158 2044 emolumenta
1178 1989 1282 2044 futurae
1304 1989 1545 2045 remunerationis
1571 1989 1656 2061 hujus
1682 1989 1777 2044 saculi

88 2077 220 2133 Creatore
235 2081 331 2133 nostro
352 2095 405 2151 pro
424 2078 506 2134 honis
526 2079 647 2135 servitiis
664 2083 907 2151 recompensatur,
959 2082 1123 2138 vexationes
1142 2083 1266 2138 tolerare
1282 2082 1479 2154 persuadeant.
1495 2083 1638 2154 Scriptum
1653 2098 1777 2155 namque

146 633 326 689 ElellPLAR
345 633 521 689 EPISTOLAE
539 634 680 692 atatim
699 635 797 691 PAPAE
817 637 861 690 AD

89 2176 158 2231 duim
168 2175 248 2231 brevi
260 2179 346 2248 atque
360 2192 448 2247 parvo
462 2176 600 2250 temporis
612 2176 704 2249 spatio
718 2177 859 2233 finiuntur
869 2176 909 2232 la·

88 2269 182 2338 bores,
203 2286 274 2342 quos
288 2287 339 2342 pro
361 2270 511 2328 dilectione
535 2271 625 2344 ipsius
643 2271 827 2340 sustinemus,
841 2287 907 2327 cou-

89 2363 261 2420 sideratione
273 2363 415 2436 refrigerii
430 2381 483 2421 nos
497 2369 609 2437 oportet
630 2364 731 2421 libenti
752 2365 851 2421 auimo
864 2367 907 2421 to·

89 2456 182 2513 ferere
197 2458 346 2529 praeseutia
358 2458 424 2513 vitas
434 2458 589 2530 angustias.
603 2458 661 2515 Sed
674 2461 814 2530 quantum
828 2457 909 2514 nobis

89 2550 223 2606 laborum
232 2556 389 2607 vestrorum
399 2552 529 2625 operatio
541 2568 676 2625 magnam
688 2552 786 2625 gaudii
795 2552 909 2608 uberta·

89 2649 148 2700 tem
157 2645 276 2716 inducit,
289 2648 400 2702 tantum
410 2663 463 2719 pro
475 2646 579 2702 duritia
589 2646 765 2703 secerdotum
776 2645 869 2718 gentis
877 2646 909 2702 il-

89 2738 146 2793 lius
157 2739 343 2807 conterimur,
357 2739 433 2812 quod
448 2739 612 2811 postpositis
623 2739 719 2796 salutis
733 2755 793 2795 euoe
806 2738 907 2795 sutfra-

90 2832 154 2904 giis,
167 2839 253 2905 atque
263 2833 453 2905 redemptoris
463 2834 552 2889 nostri
561 2832 677 2888 servitia
687 2833 907 2903 contemnendo,

959 2181 1018 2232 est:
1032 2197 1046 2225 «
1057 2175 1129 2240 Quid
1143 2175 1299 2232 retribuam
1314 2176 1433 2232 Domino
1446 2192 1499 2248 pro
1513 2176 1646 2233 omnibus
1655 2192 1721 2249 que
1735 2192 1778 2233 re·

959 2269 1059 2325 tribuit
1071 2269 1165 2324 mihi?
1188 2269 1311 2326 Calicem
1330 2269 1461 2326 salutaris
1473 2270 1619 2342 accipiam,
1632 2275 1661 2327 et
1670 2285 1777 2327 nomeu

959 2362 1070 2418 Domini
1090 2362 1228 2419 invocabo
1250 2364 1332 2434 (Ρωὶ.
1347 2379 1410 2432 cxv,
1426 2365 1479 2434 11).
1497 2384 1511 2413 n
1535 2365 1658 2419 Tantum
1670 2365 1779 2420 euima

958 2456 1040 2511 nobis
1051 2456 1185 2528 exigitur,
1201 2459 1343 2528 quantum
1361 2474 1510 2528 possumus
1520 2458 1678 2514 tumulatus
1685 2457 1778 2513 nostri
1839 2502 1844 2508 .

959 2550 1094 2623 obsequio
1117 2551 1310 2619 commodare,
1327 2567 1449 2623 eumque
1462 2558 1576 2622 cimela,
1588 2568 1653 2624 quia
1664 2569 1681 2606 a
1693 2552 1777 2608 nobis

959 2644 994 2699 ed
1007 2645 1208 2701 confortandos
1219 2643 1403 2700 fraternitatis
1415 2649 1517 2702 vestrae
1524 2645 1634 2702 animos
1647 2650 1778 2718 poteraut

959 2737 1125 2804 ministrari,
1142 2738 1282 2810 largiente
1300 2755 1432 2811 supernae
1446 2738 1602 2811 majestatis
1614 2739 1775 2809 elementia,

958 2832 1036 2888 vobis
1050 2831 1159 2887 fuerint
1171 2831 1272 2903 procul
1285 2832 1372 2888 dubio
1386 2832 1582 2900 manifestata;
1597 2836 1684 2888 restat
1696 2834 1730 2887 ut
1741 2832 1776 2888 de

90 2924 221 2981 vitiorum
244 2926 391 2982 foetorihus
411 2927 608 2997 ingravantur,
621 2926 725 3000 quibus
743 2926 780 2981 ad
800 2942 909 2998 praepa·
958 2925 1029 2995 aliis,
1045 2942 1109 2998 quae
1124 2942 1176 2980 nos
1191 2942 1244 2997 per
1256 2942 1307 2981 sua
1320 2925 1426 2997 scripta
1439 2925 1592 2995 consuluit,
1608 2925 1777 2982 fraternitati

89 3019 208 3074 rendam
221 3020 351 3091 salutem,
363 3019 597 3092 quandoquidem
608 3024 721 3076 tantum
731 3036 784 3075 nos
794 3035 908 3076 necesse
958 3024 1057 3076 vestrae
1080 3019 1286 3091 significemus.
1306 3019 1455 3075 Credimus
1474 3019 1552 3075 enim
1564 3019 1601 3074 ad
1616 3036 1665 3075 vos
1679 3035 1777 3091 perve-

89 3115 133 3168 est
147 3113 317 3184 importunis
333 3112 585 3186 predicationibus
598 3113 750 3170 imminere
768 3118 946 3218 quantumc
959 3113 1043 3181 nisse,
1064 3113 1210 3186 quomodo
1228 3114 1258 3169 in
1273 3112 1491 3168 conturbatione
1504 3117 1589 3169 rectae
1603 3113 1681 3181 tldei,
1693 3118 1722 3169 et
1733 3129 1777 3169 ca·

91 3207 285 3278 nospsrfectae
296 3207 498 3279 negotiationis
507 3206 681 3263 creditorum
691 3206 773 3272 uobis
784 3208 906 3263 talento-
958 3206 1069 3263 thelicae
1084 3207 1215 3263 Ecclesia
1228 3206 1451 3277 conculcatione,
1463 3210 1531 3263 ante
1544 3206 1595 3262 hos
1608 3207 1672 3279 plus
1680 3207 1777 3263 miuus

90 3316 155 3355 rum
171 3300 296 3372 duplicat
310 3301 477 3379 assignatio,
486 3303 572 3374 atque
583 3301 737 3357 Dominicis
746 3301 863 3357 vocibus
871 3300 909 3356 ad
958 3300 1121 3373 quindecim
1139 3315 1241 3367 annos,
1254 3317 1271 3354 a
1285 3299 1396 3371 Sergio,
1412 3299 1482 3355 falso
1497 3300 1628 3371 episcopo
1641 3300 1778 3356 Constan-

89 3393 300 3466 suscipiendam
314 3395 375 3466 ejus
390 3393 521 3467 requiem
535 3395 686 3466 persuadet
698 3394 826 3450 assertio.
840 3394 909 3467 Sug·
958 3393 1155 3466 tinopolitano,
1179 3394 1209 3449 in
1229 3393 1334 3448 auxilio
1346 3393 1477 3448 habente
1498 3397 1567 3449 tuuc
1585 3394 1777 3466 imperantem

89 3490 202 3558 gestum
219 3490 262 3543 est
276 3503 401 3560 namque
415 3488 499 3544 nobis
521 3504 555 3544 eo
574 3487 651 3561 quod
676 3487 845 3561 presbyteri,
859 3502 908 3544 seu
959 3487 1128 3556 Heraclium,
1142 3487 1319 3543 exsecranda
1332 3491 1361 3542 et
1372 3486 1563 3542 abominanda
1577 3485 1693 3542 haeresis
1708 3488 1774 3560 pul-

88 3581 209 3644 diecoui,
232 3581 335 3655 aliique
350 3581 529 3638 sacerdotalis
551 3580 636 3638 oflicii
657 3586 722 3653 post
743 3597 808 3638 sues
829 3581 906 3637 ordi·
958 3581 1067 3651 lulavit,
1092 3586 1121 3637 et
1139 3581 1419 3653 apollinaristarum,
1442 3584 1472 3636 et
1491 3580 1719 3649 severianorum,
1747 3585 1777 3637 et

90 3675 220 3731 nationes
231 3674 261 3730 in
274 3676 384 3747 lapsum
399 3675 598 3748 inquinantur,
614 3680 643 3730 et
655 3675 909 3747 proptereanimio
958 3674 1238 3742 liutichiauisterum,
1253 3679 1339 3746 atque
1359 3673 1580 3730 Manichaeorum
1599 3691 1711 3731 errores
1729 3691 1774 3731 re·

89 3784 214 3824 moerore
233 3769 444 3825 fraternitatem
465 3768 596 3841 astringi,
620 3769 749 3841 velleque
768 3769 908 3839 pastorale
957 3773 1094 3835 novante;
1109 3784 1197 3840 quarn
1208 3784 1352 3824 successor
1366 3767 1428 3840 ejus
1438 3768 1562 3840 Pyrrhus
1572 3768 1705 3840 idemque
1713 3768 1775 3841 epi·

90 3862 262 3934 obsequium
283 3879 336 3936 pro
359 3878 461 3918 corum
474 3861 638 3918 obedientia
652 3862 804 3933 deponere,
820 3864 849 3918 et
863 3879 908 3919 vo·
958 3879 1070 3934 scopus,
1084 3862 1132 3936 qui
1148 3862 1312 3918 ambitionis
1333 3862 1408 3918 fastu
1431 3862 1776 3935 constantinopolitanam

90 3956 230 4013 eatiouem
243 3956 424 4030 episcopatus
448 3955 590 4012 laboribus
605 3955 723 4028 eligere,
745 3959 774 4011 et
796 3955 910 4012 silentiu
958 3955 1055 4012 sedem
1069 3956 1200 4028 arripuit,
1211 3957 1241 4010 iu
1257 3955 1382 4012 deterius
1396 3956 1482 4012 auxit.
1494 3957 1614 4029 Proque
1627 3971 1658 4012 re
1673 3956 1777 4028 sapius

90 4054 177 4124 atque
189 4051 248 4107 otio
260 4050 348 4106 vitam
361 4050 477 4123 degere,
494 4066 582 4122 quam
596 4049 628 4105 iu
640 4050 685 4105 his
693 4066 757 4122 qum
771 4049 908 4106 tibicom-
959 4050 1114 4122 apostolica
1142 4049 1223 4106 sedes
1243 4049 1483 4123 persuasionibus,
1512 4049 1776 4120 contestationibus,

91 4145 178 4201 missa
187 4150 254 4201 sunt
266 4159 444 4217 permanere,
455 4143 568 4200 dicente
580 4142 701 4200 Domino
712 4159 719 4199 :
730 4144 852 4200 «Beatixs
859 4143 908 4217 qni
958 4149 1042 4217 atquc
1051 4143 1299 4215 increpationibus
1312 4143 1445 4214 plurimis
1458 4143 1608 4199 admonuit
1619 4160 1668 4200 eos
1681 4149 1778 4216 quate·

90 4239 311 4312 perseveraverit
327 4238 458 4311 usquein
471 4237 560 4293 linem
572 4237 681 4309 (lfatth.
693 4254 721 4306 x,
733 4236 789 4309 22).
802 4237 908 4294 »Unde
959 4254 1013 4292 nus
1025 4237 1061 4292 ab
1073 4236 1273 4308 hujuscemodi
1285 4253 1382 4293 errore
1396 4237 1573 4303 recederent,
1584 4242 1613 4293 et
1626 4237 1664 4292 ad
1677 4226 1777 4294 lumen

90 4349 216 4406 nemque
230 4333 314 4390 beata
325 4331 546 4405 perseverantia,
560 4331 615 4387 nisi
628 4331 663 4387 de
676 4330 779 4387 virtute
794 4331 907 4404 patien-
959 4331 1070 4403 pietatis
1089 4347 1123 4387 ex
1138 4346 1194 4403 quo
1209 4331 1279 4403 lapsi
1294 4333 1363 4385 sunt
1376 4336 1545 4386 remearent.
1562 4332 1597 4385 Et
1613 4348 1673 4387 non
1686 4333 1777 4388 solum

89 4429 148 4497 tioe,
169 4429 238 4501 quia
259 4426 418 4483 secundum
448 4425 635 4499 apostolicam
664 4425 907 4497 praedicationem,
959 4424 1101 4497 quiahoc
1123 4423 1777 4493 facerenullatenusvolueruut,scdetnunc

91 4544 104 4571 a
120 4537 220 4577 omues
233 4519 283 4594 qui
292 4521 434 4577 voluerint
447 4520 476 4575 iu
491 4519 603 4576 Christo
615 4519 661 4591 pie
673 4519 767 4576 vivere
779 4518 948 4591 persecu-D
959 4532 1101 4573 successor
1132 4517 1193 4588 ejus
1224 4518 1326 4572 Paulus
1352 4519 1508 4572 temerator
1533 4515 1601 4572 fidei
1629 4516 1778 4589 episcopus

28 4646 31 4653 ,
89 4617 180 4672 tiones
202 4615 352 4688 patiuntur
366 4614 404 4687 (ll
418 4616 486 4671 lim.
501 4630 541 4682 ιιι,
562 4612 615 4685 lt).
632 4635 646 4662 n
671 4614 807 4686 ldeoque,
821 4614 910 4670 frater
958 4610 1293 4682 Constantinopolitanus
1313 4609 1392 4665 eliud
1413 4609 1536 4680 nequius
1557 4609 1730 4682 excogitavit
1746 4611 1777 4668 iu

89 4710 265 4777 charissime,
280 4726 341 4766 non
362 4725 411 4765 vos
433 4707 618 4763 afflictionum
638 4707 802 4764 amaritudo
822 4706 908 4780 apice
959 4704 1124 4777 prejudicio
1146 4704 1293 4760 catholicae
1314 4702 1379 4759 lldei
1401 4719 1553 4775 conamen,
1575 4704 1655 4775 quasi
1676 4721 1741 4778 quae
1761 4721 1779 4762 a

91 4803 195 4860 mentis
207 4805 307 4859 vestrae
323 4802 470 4875 proposito
483 4805 606 4858 coarctet
619 4801 761 4871 incedere,
782 4800 909 4858 conside
959 4798 1213 4872 praedecessoribus
1232 4798 1289 4853 suis
1309 4797 1442 4853 heretice
1454 4797 1581 4870 exposite
1600 4798 1717 4855 fuerunt
1731 4799 1779 4857 de·

91 4913 159 4953 raus
176 4902 284 4970 quanta
300 4913 352 4969 pro
366 4896 551 4964 absolutione,
573 4894 676 4965 nostri,
699 4899 728 4952 et
740 4894 909 4951 liberatione
959 4898 1080 4962 struens,
1095 4896 1123 4949 et
1141 4891 1320 4964 imperialem
1335 4896 1436 4963 typum
1457 4891 1594 4966 sacrilege
1609 4909 1679 4950 ausu
1691 4894 1779 4950 totius

90 4992 208 5048 Creator
234 4991 429 5063 Dominusque
456 4996 555 5047 noster
580 4989 741 5061 pertulerit,
770 4989 909 5061 quibusve
959 4987 1077 5058 plenum
1096 4985 1225 5059 pertidia
1248 5002 1265 5040 a
1287 4985 1509 5042 clementissimo
1529 4987 1659 5060 principe
1682 4992 1779 5043 nostro

91 5084 275 5143 coutumeliis
289 5101 318 5141 se
338 5085 520 5142 afficiendum
533 5083 693 5151 tradiderit,
708 5088 739 5138 ut
755 5099 806 5139 nos
820 5100 837 5139 a
851 5081 910 5138 vin·
959 5081 1021 5137 tleri
1035 5080 1187 5152 persuasit,
1200 5079 1231 5135 in
1251 5096 1309 5151 quo
1331 5080 1548 5153 promulgatam
1564 5086 1617 5149 est,
1632 5086 1664 5137 ut
1677 5096 1778 5137 omues

90 5181 161 5236 culis
174 5179 321 5252 potestatis
344 5178 492 5236 diabolica
515 5178 655 5235 liberaret
680 5179 835 5248 Propterea
849 5178 910 5233 nul·
959 5174 1058 5248 populi
1068 5172 1220 5232 Christiani
1230 5173 1348 5229 credere
1358 5174 1777 5246 debuissent3ideaqueneeesse

91 5275 202 5331 latenas
230 5275 260 5330 in
288 5273 454 5346 husjusmodi
477 5276 591 5346 peccato
615 5269 846 5342 delinquentibus
873 5270 910 5325 ad
960 5268 1121 5336 habuimus,
1135 5283 1172 5323 ne
1184 5284 1238 5339 pro
1252 5268 1377 5340 quadam
1385 5268 1563 5341 negligentia
1577 5273 1605 5322 et
1616 5266 1779 5325 animarum

91 5367 317 5424 destructionem
333 5382 474 5423 canonum
494 5365 626 5421 exhibeas
638 5364 873 5436 compassionem.
961 5361 1133 5418 detrimento
1148 5378 1212 5434 que
1226 5361 1308 5417 nobis
1323 5362 1484 5419 commissae
1505 5365 1573 5415 suut
1595 5360 1686 5431 eulpae
1699 5363 1779 5416 reatu

128 5463 200 5517 llam
211 5462 261 5534 qui
275 5460 365 5519 semel
376 5465 440 5535 post
452 5476 535 5516 suam
548 5458 759 5515 ordinationem
776 5457 806 5512 iu
828 5456 911 5528 lapsu
960 5456 1164 5528 astringamur,
1178 5460 1282 5512 coetum
1301 5454 1464 5527 generalem
1483 5452 1605 5508 fratrum
1626 5457 1655 5508 et
1675 5454 1780 5526 episeo-

92 5555 238 5627 ceciderit,
262 5555 396 5627 deinceps
416 5554 480 5627 jam
496 5550 640 5624 depositus
663 5551 727 5621 erit,
743 5550 911 5623 uultumque
959 5566 1063 5622 porum
1077 5556 1242 5607 nostrorum
1264 5549 1294 5605 iu
1316 5549 1371 5603 hac
1389 5547 1516 5601 Romana
1528 5546 1643 5602 civitate
1657 5563 1777 5619 congre·

92 5650 215 5720 gradum
228 5649 380 5707 sacerdotii
403 5647 509 5722 poterit
530 5645 658 5717 adipisci,
674 5645 725 5700 sed
739 5643 862 5700 sufficiat
884 5644 911 5701 ei
962 5640 1779 5716 geretluorumpraeseutiamemoratorumhaereticorum

92 5743 342 5801 lamentationibus
361 5742 534 5813 fletibusque
548 5739 678 5809 assiduis,
692 5753 840 5812 quousque
860 5737 910 5795 ad-
961 5735 1098 5794 scelerosa
1106 5735 1266 5807 conscripta
1274 5732 1436 5789 examinata
1447 5734 1533 5806 atque
1545 5732 1691 5791 denudata
1700 5739 1778 5805 suut,

93 5838 204 5909 vixerit,
228 5839 258 5894 ia
279 5839 379 5895 eadem
404 5835 571 5911 poenitentia
594 5833 760 5907 perdurare,
783 5836 817 5889 ut
834 5848 912 5891 coru·
961 5827 1710 5905 etapostolicomucrouc,l’atrumquedcfluitienibm
1718 5844 1778 5897 uuo
