3870 6150
133 235 195 290 leot
760 244 822 298 .El'l
841 243 998 302 CAROLINl
1017 248 1178 304 caralita.
1747 259 1812 313 1202

166 347 196 400 ln
210 362 296 401 sensu
310 345 394 416 parili
409 345 514 417 dogma
529 350 654 404 tonando
668 352 717 406 Dei
733 369 738 406 :

129 441 263 495 Personae
280 455 403 513 quormn
419 439 514 508 varim,
528 442 655 499 doctrina
670 445 719 500 sed
734 462 802 516 una,

165 537 244 590 Unus
256 535 384 609 utrisque
397 539 488 604 tenor,
502 552 562 592 una
574 539 717 611 sequenda
733 540 784 596 vie.

129 629 161 684 lli
176 629 255 701 quid,
268 630 312 685 rel
326 646 400 702 quae,
414 635 520 702 quauta
535 647 584 687 seu
597 632 640 688 rel
652 632 774 704 qualiter
786 636 845 708 egit

163 726 187 777 A
200 724 281 781 Patre
295 724 472 781 descendens
485 725 582 793 Natus,
595 727 700 800 ubique
713 728 828 786 docent.

128 817 198 872 llinc
214 817 337 874 hominis
350 818 444 890 primo
461 820 549 876 facies
563 822 725 890 ascribitur,
740 839 821 880 orsus

163 914 221 978 Est,
237 913 304 985 quia
317 917 359 968 sat
372 915 484 970 Domini
498 916 607 972 eeelitus
622 933 656 972 ex
670 918 782 974 Genesi.

127 1008 228 1062 Forma
240 1007 331 1063 leonis
344 1008 419 1064 inest
429 1009 549 1081 pulchre
562 1010 686 1067 formata
698 1013 835 1079 secundo,

165 1101 247 1166 Quod
260 1102 355 1173 tetigit
367 1119 433 1159 rura
446 1104 528 1160 devia
540 1121 609 1161 voce
621 1121 682 1161 sua.

126 1195 222 1250 liebus
234 1196 274 1252 ait
288 1196 375 1252 sacris
388 1197 532 1269 siquidem
546 1200 615 1272 quia
627 1201 738 1272 tertius,
753 1202 818 1258 inde

162 1292 242 1345 Nunc
256 1291 304 1346 olli
316 1291 423 1364 species
439 1291 616 1363 imprimitur
630 1295 710 1350 vituli

125 1385 200 1439 llore
214 1384 318 1457 aquilea
331 1386 465 1456 quoniam
484 1387 659 1444 transcendit
671 1389 761 1445 sidera
776 1395 906 1463 quartus,

160 1478 227 1549 Ejus
240 1478 276 1533 ob
290 1478 318 1533 id
333 1479 478 1550 specimen
494 1481 643 1537 stemnatis
655 1481 717 1554 ipse
733 1483 816 1554 gerit.

125 1571 193 1636 ocis
206 1575 236 1627 et
247 1571 417 1644 apostolicos
431 1573 518 1628 Lucas
539 1591 610 1646 qnos
631 1556 719 1632 edidit
732 1579 817 1632 Actus

159 1665 269 1733 Subdit,
284 1665 333 1721 ubi
347 1669 423 1722 totus
436 1667 589 1723 instruitur
600 1671 732 1741 populus.

956 366 986 440 Α
1031 358 1092 425 Ars,
1109 373 1223 427 genere,
1242 359 1366 431 eloquio,
1382 361 1417 427 vi,
1435 360 1557 432 ratione,
1572 363 1642 419 ricc.

997 449 1070 506 Utile
1081 450 1139 505 sive
1154 452 1258 509 decens
1272 469 1385 509 necnon
1397 456 1565 528 perstringit
1577 456 1739 515 honestum.

1032 543 1145 614 lmbuit,
1162 549 1290 614 exornat,
1308 547 1433 616 instruit,
1446 553 1552 618 armat,
1566 554 1653 606 amat.

996 638 1060 693 llaec
1073 639 1165 711 aperit
1179 643 1255 695 totus
1267 645 1417 714 postquam
1432 644 1585 701 mutaverit
1596 644 1671 700 orbis

1031 731 1104 797 Quid
1117 732 1154 788 sit
1165 732 1204 788 ibi
1220 734 1341 790 Ecclesia
1353 751 1420 792 mox
1433 737 1561 793 reditura
1572 738 1660 794 citim.

995 826 1093 881 Terret
1106 826 1146 880 ibi
1159 827 1266 898 plnres,
1282 829 1423 899 quosdam
1434 831 1576 887 demulcet
1591 837 1620 888 et
1631 831 1688 887 illie

1031 919 1096 974 Eixa
1112 920 1208 976 lutura
1226 926 1327 977 notans
1341 940 1393 979 nec
1407 924 1534 981 dubitata
1549 925 1679 998 quidem.

995 1015 1067 1069 Ante
1080 1017 1177 1070 tamen
1192 1018 1302 1071 reserat
1317 1017 1393 1071 clare
1409 1017 1566 1090 primordia
1580 1020 1681 1088 cosmi,

1030 1108 1064 1162 Et
1074 1123 1127 1178 per
1140 1124 1227 1180 quam
1245 1107 1321 1164 illius
1335 1126 1394 1165 esse
1408 1111 1460 1167 luit
1473 1112 1615 1184 sophiam.

994 1203 1024 1256 ln
1040 1201 1141 1274 primis
1155 1203 1216 1258 eceli
1236 1206 1377 1276 terreque
1391 1206 1534 1277 marisque
1549 1210 1669 1275 creator,

1029 1296 1118 1367 lpsius
1132 1301 1161 1352 et
1175 1298 1273 1364 Natus,
1287 1297 1408 1370 Spiritus
1425 1304 1511 1372 atque
1524 1301 1615 1372 agius.

993 1389 1081 1461 Hujus
1097 1391 1133 1445 ab
1149 1407 1233 1446 amne
1246 1391 1310 1447 tluit
1325 1392 1422 1448 divina
1435 1393 1551 1450 scientia
1566 1396 1632 1461 late,

1028 1483 1163 1540 Mundum
1177 1485 1319 1556 pestiferis
1333 1485 1491 1558 exspolians
1512 1489 1650 1556 tenebris,

993 1577 1113 1650 Quoque
1125 1578 1212 1633 modo
1227 1579 1355 1651 quisquis
1369 1584 1468 1635 caveat
1479 1581 1607 1637 munitus
1621 1583 1657 1638 ab
1671 1582 1759 1638 armis

1028 1671 1118 1727 Hostis
1131 1672 1254 1744 perversi
1268 1673 1323 1727 tela
1335 1672 1450 1729 inimica
1464 1674 1558 1730 nimis.

123 1759 275 1815 Catholicae
288 1760 355 1816 hinc
369 1764 481 1832 septem
494 1761 627 1818 redolent
641 1765 772 1820 mimbile
786 1767 902 1831 chartac,
951 1742 1179 1830 BQuadrivium
1197 1765 1291 1837 gignit
1305 1766 1415 1822 virtutis
1428 1767 1523 1824 nobile
1536 1785 1616 1837 sane,

159 1855 274 1908 Format
286 1854 455 1926 apostolicus
468 1873 538 1927 quas
552 1858 697 1929 operando
715 1861 814 1931 stylus.

123 1948 170 2002 llis
184 1948 295 2004 haerent
306 1947 349 2003 bis
363 1952 473 2021 septem
486 1950 563 2005 Pauli
582 1952 688 2024 scripta
700 1952 814 2022 deinde,

155 2045 230 2097 ,tnte
246 2042 344 2115 lupina
358 2044 404 2098 cui
418 2061 481 2113 vox,
497 2045 583 2100 modo
598 2045 683 2102 ovina
697 2047 795 2104 micat.

122 2138 178 2192 lloc
191 2137 337 2193 concludit
349 2155 420 2210 opus
429 2139 491 2210 jam
505 2139 575 2194 visio
589 2143 684 2196 sancta
696 2142 822 2211 loannis,

159 2231 232 2286 Visio
245 2235 341 2287 sancta
354 2232 422 2287 satis
436 2248 467 2287 ac
483 2235 671 2290 memoranda
685 2235 780 2291 nimis.

122 2327 185 2381 llaec
201 2342 274 2381 nova
286 2325 339 2382 rite
352 2325 420 2382 cluit
434 2325 519 2382 series
534 2327 685 2399 subjuncta
704 2329 802 2400 priori,

158 2420 262 2474 Umbra
272 2420 351 2492 prior
363 2436 488 2492 qnorum
503 2437 644 2494 causaque
661 2424 812 2494 posterior.

123 2515 196 2586 Ergo
210 2514 263 2569 iter
277 2518 320 2570 cst
332 2515 438 2586 duplex
451 2515 601 2588 utriusque
614 2515 731 2573 allectus
747 2520 776 2572 in
792 2535 848 2574 uno

157 2609 217 2672 Quo
230 2607 373 2664 tribuente
385 2608 468 2664 datur
481 2609 590 2665 scansio
606 2611 682 2665 celsa
694 2610 754 2682 poli
768 2629 775 2665 z

123 2702 171 2756 llic
184 2702 251 2774 quia
266 2701 370 2757 divitiae
385 2707 500 2759 aterne
514 2702 610 2759 vitalia
624 2719 722 2760 mense
776 2680 787 2700 ⁸

158 2796 280 2868 lmplcnt
294 2796 410 2851 omuino
425 2803 539 2853 nectare
556 2800 711 2869 perpetuo;

123 2891 182 2959 llic,
196 2889 336 2961 paradise,
351 2893 418 2945 tuus
431 2890 519 2945 nitida
533 2890 645 2946 ratione
659 2893 779 2962 patescit

158 2983 340 3039 llultimodus
352 2983 461 3040 fructus
476 2983 689 3056 melliferaxque
705 2987 791 3040 locus.

1027 1859 1217 1931 Terrigenum
1240 1860 1328 1915 mittit
1346 1877 1398 1932 per
1411 1862 1489 1932 quod
1501 1862 1532 1917 in
1547 1865 1622 1918 astra
1637 1880 1737 1933 genus.

991 1954 1056 2008 llaec
1070 1969 1155 2024 quam
1171 1953 1322 2025 multiplici
1335 1970 1467 2011 sermone
1480 1956 1603 2011 salubria
1616 1972 1728 2029 semper

1026 2047 1150 2103 attrahit
1166 2051 1252 2120 atque
1263 2054 1371 2119 monet,
1382 2049 1441 2105 sive
1454 2051 1599 2107 monendo
1609 2051 1702 2122 jubet.

991 2141 1055 2195 llrcc
1064 2141 1159 2212 jubet,
1174 2145 1235 2197 atra
1247 2141 1337 2224 bugat,
1354 2142 1457 2198 dehinc
1471 2144 1585 2200 fallacia
1598 2145 1688 2216 pellit,

1027 2236 1096 2290 Vera
1109 2251 1235 2307 superna
1251 2236 1330 2308 cupit
1349 2254 1355 2290 :
1371 2238 1432 2292 haec
1451 2237 1527 2308 facit,
1544 2237 1592 2293 illa
1605 2238 1687 2310 fugit.

990 2329 1074 2384 Exsul
1088 2328 1123 2383 ab
1137 2329 1235 2385 exsilio
1248 2330 1369 2403 dapibus
1383 2331 1491 2386 solatur
1504 2331 1617 2403 opimis,

1024 2425 1095 2479 Cum
1108 2421 1179 2494 legit
1193 2428 1243 2478 aut
1258 2424 1370 2495 relegit,
1387 2440 1510 2496 cumque
1526 2426 1631 2481 relecta
1645 2427 1725 2498 sapit.

989 2516 1054 2571 llrec
1067 2515 1144 2571 mala
1157 2517 1211 2572 vile
1224 2517 1303 2571 vehit
1314 2517 1446 2573 coeuntia
1459 2519 1597 2590 temporis
1613 2519 1708 2589 hujus,

1024 2611 1079 2665 Nec
1093 2609 1182 2681 digna
1197 2611 1312 2665 aeternis
1326 2610 1450 2667 aestimat
1463 2627 1523 2668 esse
1536 2611 1628 2681 bonis,

989 2705 1045 2757 hut
1061 2718 1095 2759 ea
1107 2719 1192 2758 cerne
1206 2704 1297 2772 timet,
1309 2708 1420 2760 tantum
1432 2705 1569 2761 formidat
1580 2722 1666 2762 ama

1023 2798 1166 2861 Quantum
1177 2813 1214 2853 ne
1231 2814 1290 2854 non
1303 2798 1341 2853 sit
1353 2798 1471 2855 coetibus
1483 2800 1513 2854 in
1530 2800 1650 2872 superis.

988 2890 1036 2945 llic
1050 2890 1188 2945 Dominus
1201 2891 1339 2963 loquitur,
1353 2892 1399 2946 hic
1413 2892 1503 2947 nosci
1516 2892 1599 2949 corde
1613 2893 1772 2966 loquamur,

1023 2984 1086 3048 Quo
1101 2983 1142 3039 nil
1155 2984 1248 3055 majus
1260 2983 1329 3052 adit,
1345 2984 1385 3039 nil
1398 2985 1442 3040 vel
1454 2984 1533 3041 adire
1548 2990 1649 3058 potest.

122 3079 171 3132 llic
186 3077 284 3132 sitiens
300 3083 411 3149 potum,
424 3077 551 3133 esuriens
563 3094 678 3150 panem,
692 3079 792 3134 anxins
805 3096 885 3153 seque
948 3077 1118 3190 CQuisquis
1139 3093 1169 3134 es
1183 3077 1339 3133 instructus
1353 3078 1507 3134 mundanis
1522 3080 1618 3136 usibus
1632 3080 1718 3145 hisee,

159 3171 298 3226 Laetitiam
316 3171 452 3239 inveniet,
468 3172 549 3226 laetus
562 3177 590 3227 et
604 3171 670 3227 inde
683 3170 742 3226 liet.

123 3266 186 3320 llrrc
199 3269 293 3319 tamen
307 3266 335 3320 in
350 3265 405 3321 hoc
418 3266 530 3320 mortali
544 3265 613 3321 dum
629 3282 747 3337 corporo
759 3266 886 3340 quisquis

158 3358 240 3428 [legit
258 3357 401 3430 habetque
416 3359 517 3429 magis,
532 3357 595 3430 plus
609 3359 645 3413 ab
659 3375 757 3416 amore
771 3360 847 3416 velit.

122 3451 167 3506 Sic
179 3452 202 3506 si
216 3451 296 3523 ligna
309 3451 402 3522 magis
414 3452 529 3518 dentur,
544 3452 635 3524 magis
649 3455 749 3508 mstuat
763 3452 847 3524 ignis.

157 3545 202 3599 Sic
217 3561 300 3617 mage
313 3546 381 3600 vina
393 3545 453 3600 sitit
468 3549 552 3618 prout
566 3562 648 3617 mage
661 3547 782 3618 quisque
802 3546 882 3602 bibit.

120 3641 192 3694 Cum
205 3655 273 3694 vero
287 3655 351 3710 spes
364 3655 410 3694 res
423 3639 518 3706 tuterit,
535 3642 602 3695 tune
616 3639 738 3710 pleniter
750 3639 855 3696 horum

157 3734 258 3788 Plenus
273 3736 385 3788 amator
399 3732 462 3801 erit,
473 3733 533 3804 jam
547 3733 665 3789 satiatus
679 3750 739 3788 ero.

1025 3171 1094 3237 Quis
1106 3171 1242 3226 Salomon
1258 3171 1361 3242 opibus
1375 3171 1459 3227 ditior
1473 3173 1600 3242 emicuit,

989 3266 1044 3320 tloc
1057 3280 1189 3320 concessa
1202 3263 1248 3319 cui
1262 3262 1339 3319 dives
1353 3264 1493 3335 sapientia
1506 3265 1582 3331 fecit,

980 3394 984 3398 -
1025 3357 1151 3431 Regibus
1163 3373 1196 3412 ac
1209 3358 1318 3413 eunctis
1330 3358 1407 3412 hunc
1420 3375 1456 3415 ca
1469 3359 1634 3430 preposuit.

989 3453 1029 3506 Tu
1041 3467 1156 3523 quoque
1172 3450 1221 3524 qui
1231 3466 1261 3505 es
1274 3449 1402 3517 humilis,
1413 3450 1550 3522 prudens,
1562 3451 1684 3508 intentio
1699 3456 1806 3519 sancta,

1025 3545 1058 3600 Sc
1073 3548 1190 3616 propter
1208 3543 1340 3614 sophiam
1357 3543 1457 3615 dilige,
1473 3560 1567 3615 posce,
1583 3560 1664 3617 cape.

989 3641 1092 3693 Annon
1108 3639 1172 3710 plus
1187 3638 1216 3693 id
1229 3653 1281 3710 pro
1294 3654 1352 3710 quo
1365 3637 1443 3693 aliud
1452 3638 1488 3693 sit
1498 3655 1584 3711 qnam
1600 3639 1673 3695 actio
1687 3655 1751 3713 que
1762 3639 1806 3694 sit.

1026 3730 1061 3804 Se
1075 3736 1174 3787 tamen
1190 3731 1251 3786 haec
1264 3731 1364 3803 sophia
1376 3732 1440 3802 plus
1452 3748 1505 3788 nee
1519 3732 1624 3789 habere
1637 3733 1718 3805 quiit.

120 3826 163 3882 sd
176 3826 254 3898 quod
267 3827 328 3881 hree
341 3826 453 3895 domus,
467 3827 527 3882 hece
541 3826 681 3894 doctmna,
697 3827 757 3883 hoec
771 3829 870 3884 semita
881 3832 941 3884 tau-
991 3827 1065 3897 Ergo
1078 3826 1150 3880 Deus
1170 3824 1271 3895 trinus,
1289 3841 1354 3896 pax,
1369 3841 1417 3880 seu
1431 3826 1571 3899 sapientia
1588 3843 1665 3895 vera,

835 3921 903 3993 [tum

155 4016 231 4070 llens
246 4016 330 4071 instet
343 4032 409 4071 vere
425 4015 477 4071 sub
497 4015 611 4070 deitatis
624 4033 688 4086 ope.

123 4109 296 4182 inphysicis,
312 4109 421 4182 logicis,
436 4109 525 4165 ctiam
546 4109 699 4163 moralibus
715 4109 796 4165 isthic

157 4205 260 4259 Omnia
272 4207 349 4272 sunt,
363 4203 460 4272 lector,
477 4203 506 4258 in
522 4202 658 4258 brevitate
671 4202 730 4258 tihi,

1025 3919 1101 3974 Ultra
1116 3934 1174 3974 non
1188 3918 1260 3986 laus,
1272 3935 1325 3974 ncc
1339 3918 1502 3974 versificalis
1517 3935 1599 3992 apex.

991 4012 1060 4068 Huic
1075 4012 1155 4084 operi
1170 4028 1278 4084 magno
1290 4013 1404 4085 magnis
1413 4015 1441 4067 te
1457 4013 1565 4069 nisibus
1576 4018 1666 4086 aptas,

1025 4107 1131 4180 lnclyte
1148 4123 1199 4163 rex
1211 4106 1318 4174 Carula,
1335 4106 1442 4162 lumine
1457 4106 1542 4162 chare
1556 4123 1652 4180 mago,

990 4203 1025 4256 Es
1039 4201 1174 4273 splendor
1187 4199 1296 4273 populi,
1312 4198 1485 4270 luxmundi,
1500 4199 1592 4272 gloria
1608 4201 1699 4273 regni,

123 4298 169 4352 llic
189 4298 234 4352 hic
247 4301 410 4368 argentum,
425 4312 537 4365 aarum,
553 4312 687 4367 gemma,
702 4297 824 4363 vascula,
839 4302 938 4364 vestes,
1026 4295 1059 4350 Et
1072 4294 1196 4351 bonitate
1212 4293 1299 4366 prior,
1315 4309 1366 4350 nee
1381 4293 1488 4365 pietate
1506 4295 1612 4365 minor,

158 4393 191 4445 Et
204 4390 343 4464 quidquid
357 4394 442 4446 terra.
457 4391 550 4445 carius
564 4405 624 4445 esse
638 4390 720 4444 valet.

122 4485 170 4539 llic
186 4487 215 4539 et
227 4484 272 4540 lex
289 4483 422 4555 pretiose.
439 4483 514 4539 Nihil
528 4483 671 4555 pretiosus
686 4483 734 4538 illa

157 4581 213 4632 lut
228 4581 280 4647 est,
295 4583 345 4633 aut
357 4578 443 4648 viget,
458 4581 507 4633 aut
524 4577 607 4644 ridet,
624 4577 715 4633 oletve
732 4592 818 4632 sacre.

120 4673 198 4726 lusto
208 4671 324 4742 jubens,
338 4671 445 4743 inJ'nsta
458 4675 567 4740 vetans,
583 4672 773 4727 malecuncta
786 4670 936 4742 repellens,

156 4769 294 4824 Omnibus
309 4767 395 4840 inque
409 4768 491 4823 bonis
505 4767 652 4824 nobilitate
669 4772 779 4839 potens.

122 4862 287 4929 lliscidium,
302 4863 392 4932 luror,
409 4863 460 4931 ira,
478 4862 570 4929 dolus,
589 4860 741 4928 discordia,
757 4861 819 4915 rixa

156 4955 280 5010 Concilio
297 4957 379 5028 Legis
393 4956 479 5027 hujus
494 4955 573 5025 obire
589 4960 709 5027 queunt.

122 5050 221 5105 Erudit
234 5049 370 5118 indoctos,
386 5049 524 5122 quosdam
539 5049 714 5122 sapientibus
728 5064 854 5121 aequans,

157 5144 316 5200 Contribuit
330 5144 432 5199 mediis
446 5144 553 5215 dogma
567 5143 666 5198 salutis
679 5143 729 5198 ita.

119 5237 219 5309 llagna
232 5237 304 5309 pluit
316 5237 440 5309 maguis,
456 5237 582 5310 disponit
598 5236 715 5309 parvula
727 5235 828 5309 parvis.

157 5332 203 5385 Est
217 5331 380 5404 inutraque
394 5333 483 5403 stylus
493 5330 613 5402 justitiae
627 5329 744 5386 validus.

120 5424 254 5480 Notitiam
266 5427 330 5481 lesu
345 5425 454 5497 prrebet
466 5424 604 5480 confessio
616 5423 732 5479 munda.

157 5521 251 5574 Exstat
263 5535 295 5574 ea
310 5536 346 5575 en
358 5518 466 5574 homini
480 5518 523 5573 lex
534 5518 699 5573 veneranda
712 5517 775 5572 sibi.

121 5613 217 5668 Exstat
232 5630 264 5667 ea
277 5630 313 5668 en
332 5611 442 5669 homini
456 5611 553 5667 lumen
567 5627 618 5682 per
631 5609 755 5682 compita
768 5609 868 5666 mundi

154 5706 281 5761 Terribili
295 5724 361 5762 voce
374 5709 423 5762 lux
437 5711 466 5762 et
481 5705 561 5777 origo
575 5703 629 5759 sni.

120 5799 235 5855 Artibus
248 5800 380 5871 ingenuis
395 5799 533 5872 praecellit
552 5796 666 5869 dignius
680 5795 741 5853 ista.

991 4390 1070 4444 Nunc
1083 4388 1168 4444 etiam
1181 4388 1291 4444 cunctis
1304 4388 1440 4459 praelatus
1456 4388 1561 4459 justins
1574 4389 1648 4443 aime

949 4486 979 4559 Ι)
1026 4483 1057 4535 ln
1072 4497 1178 4553 genere
1192 4480 1317 4535 humano
1333 4480 1407 4548 nisu,
1423 4496 1518 4553 opere,
1535 4484 1607 4548 arte,
1620 4481 1684 4536 lide.

987 4574 1020 4629 Vi
1033 4573 1131 4643 David,
1145 4573 1292 4629 intellectu
1308 4573 1441 4628 Salomon
1455 4572 1616 4640 benedicto,

1022 4670 1052 4723 ln
1067 4666 1161 4738 specie
1180 4666 1295 4738 loseph,
1308 4683 1357 4738 spe
1371 4666 1560 4738 induperator
1574 4682 1668 4721 ovans.

988 4761 1040 4826 Qui
1054 4777 1144 4830 mare,
1160 4761 1208 4832 qui
1221 4766 1337 4827 terram,
1352 4759 1403 4833 qui
1417 4762 1507 4816 totum
1521 4760 1647 4816 continet
1660 4761 1770 4828 orbem,

1023 4855 1061 4909 Tc
1071 4855 1230 4922 conservet,
1245 4859 1333 4921 amet,
1347 4853 1431 4909 ducat
1445 4853 1574 4925 adusque
1589 4854 1699 4925 polum.

989 4947 1029 5003 Sit
1044 4947 1094 5003 tibi
1107 4949 1209 5017 honor,
1225 4964 1289 5018 pax,
1305 4946 1388 5013 ordo,
1402 4946 1497 5016 decus,
1511 4947 1660 5019 patientia,
1673 4965 1804 5021 regnum,

1024 5041 1201 5113 Prosperitas
1215 5040 1317 5107 omnis,
1335 5045 1364 5096 ct
1376 5040 1436 5096 sine
1451 5040 1507 5096 fine
1520 5042 1590 5097 vale.

1193 5194 1224 5246 ln
1238 5193 1328 5258 fronte
1341 5192 1410 5248 Noui
1427 5193 1598 5248 Testamenti.

991 5325 1103 5381 Exsulta
1117 5327 1211 5380 laetare
1225 5324 1302 5393 setis,
1316 5342 1364 5382 rex
1385 5326 1490 5398 inclyte
1509 5324 1593 5380 David

1025 5418 1140 5491 Egregii
1154 5418 1211 5474 voti
1224 5435 1343 5492 compos
1356 5419 1462 5491 ubique
1476 5418 1527 5473 tui.

989 5514 1068 5568 Carle
1084 5513 1170 5568 decus
1182 5513 1277 5584 regni,
1290 5513 1337 5568 fax
1356 5511 1453 5577 cosmi,
1471 5509 1560 5582 gloria
1574 5510 1652 5577 cleri,

1025 5607 1155 5662 Ecclesiae
1167 5606 1262 5662 fautor
1276 5605 1443 5676 militioeque
1458 5603 1553 5659 decor.

989 5703 1030 5757 En
1041 5700 1101 5771 jam
1114 5699 1185 5756 lecta
1200 5698 1252 5755 tibi
1266 5697 1353 5753 series
1367 5699 1511 5752 transacta
1523 5699 1643 5765 vetusta,

1026 5793 1082 5849 Sed
1095 5809 1166 5849 nova
1179 5792 1232 5850 rite
1249 5806 1371 5865 sequens
1386 5789 1440 5846 ista
1454 5791 1577 5863 legenda
1589 5794 1677 5864 patet.
