3870 6150
125 250 176 305 599
564 245 705 302 APPEND.
725 246 769 302 ΑΒ
787 247 867 304 SAEC.
889 246 931 300 lx.
947 273 982 288 ·-
1002 244 1127 302 lslltoltl
1145 196 1358 301 mandaturus
1752 244 1802 301 600

124 346 657 424 heriepiscopisauctoritatecanonum
667 354 940 425 praecipitur,utper
949 369 979 443 Α
989 359 1148 422 extranens,
1163 369 1216 408 nec
1237 353 1366 424 proficiat
1380 350 1422 405 illi
1436 343 1547 406 bonum
1562 349 1631 405 fidei
1647 349 1692 406 vel
1713 351 1801 422 operis

123 448 178 502 hoc
200 449 229 500 at
249 445 382 500 discretio
408 445 548 517 graduum
571 451 601 500 at
624 445 770 519 dignitatis
792 447 938 519 fastigium
988 448 1166 514 adsalutem,
1180 446 1330 519 quitantae
1350 449 1378 500 et
1401 443 1530 499 salutaris
1549 443 1614 498 rita
1634 443 1800 500 destruxerit

122 539 227 593 summi
242 538 383 610 pontilicis
396 539 649 605 demonstraretur,
664 539 716 592 sed
730 555 822 610 nequa
842 556 938 595 coram
987 540 1140 595 tramitem.
1158 540 1248 610 Super
1262 539 1316 593 hnc
1329 538 1414 593 etiam
1431 535 1555 592 universi
1571 536 1686 591 Breticae
1697 537 1798 608 provin·

123 634 256 705 episcopo
266 631 350 687 licere
364 630 403 686 eis
418 632 447 685 in
460 631 658 704 baptisterium
668 631 794 699 introire,
805 649 858 687 nec
867 649 940 704 pra·
987 634 1037 688 cim
1050 633 1172 704 episcopi
1185 631 1349 703 congregati
1374 630 1510 685 eumdem
1524 629 1699 701 sacrilegum
1718 634 1795 686 coetus

123 731 201 780 sente
226 724 352 779 antistite
376 724 514 780 infantem
534 725 654 796 tingere,
679 728 728 779 aut
750 725 872 796 signare,
886 741 938 780 nec
988 726 1030 781 sui
1041 742 1199 782 eversorem
1211 743 1227 779 a
1239 724 1441 778 communione
1454 721 1642 794 suspendant,
1654 724 1682 776 et
1694 723 1792 778 contat

122 818 307 891 poenitentem
320 818 380 872 sine
394 820 536 889 praecepto
551 817 674 889 episcopi
687 819 730 872 sui
742 818 937 887 reconciliare,
988 835 1051 874 sum
1076 818 1281 873 monasterium
1306 833 1372 871 cum
1395 815 1478 871 rebus
1500 815 1558 870 suis
1581 817 1750 885 restaurent,
1768 821 1791 873 ut

121 927 174 966 nec
186 927 219 965 eo
233 917 371 982 praesente
387 913 598 965 sacramentum
613 910 740 981 corporis
753 916 781 966 et
794 896 939 983 sanguinis
989 912 1065 983 quod
1076 912 1163 983 impie
1179 928 1251 965 unus
1266 909 1444 979 subverterit,
1460 925 1560 964 omnes
1575 909 1742 963 reforment.

123 1003 225 1058 Christi
238 1004 386 1069 conticere,
400 1019 454 1058 nec
467 1019 500 1058 eo
523 1020 617 1057 corani
631 1003 720 1074 posito
737 1004 874 1075 populum
888 1004 937 1059 do·
1022 1007 1065 1060 XI.
1081 1004 1235 1060 Undecima
1253 1004 1364 1059 actione
1388 1003 1535 1057 communi
1548 1018 1692 1056 consensu
1706 1001 1787 1058 decre·

123 1112 195 1164 cere,
209 1097 254 1150 vel
269 1095 447 1162 benedicere,
462 1103 510 1151 aut
526 1097 657 1165 salutare,
673 1113 727 1151 nec
748 1096 861 1167 plebem
881 1097 938 1151 uti·
987 1100 1089 1168 vimus,
1105 1102 1137 1152 ut
1151 1096 1322 1152 monasteria
1333 1096 1478 1167 virginum
1493 1096 1523 1149 in
1536 1094 1685 1166 provincia
1703 1095 1787 1151 betica

122 1205 177 1260 quc
203 1189 355 1257 erlrortari,
380 1205 444 1259 quse
469 1189 566 1244 omnia
589 1190 629 1245 eis
652 1206 668 1243 a
694 1189 761 1244 sede
785 1189 939 1261 apostolica
988 1192 1193 1246 monachorum
1217 1189 1466 1245 administratione
1487 1205 1519 1242 ac
1540 1186 1676 1260 praesidio
1700 1187 1785 1258 guber·

122 1280 266 1353 prohibita
281 1297 340 1336 esse
352 1285 520 1336 noscuntur.
988 1289 1107 1353 nentur3
1121 1288 1189 1338 tunc
1211 1283 1289 1340 enim
1311 1282 1433 1337 salubria
1448 1280 1559 1336 Christo
1573 1280 1676 1335 dicatis
1688 1279 1786 1353 virgini

159 1375 224 1428 Vllt.
239 1375 343 1429 Octava
359 1374 493 1430 discussio
508 1375 613 1445 agitata
633 1380 676 1429 est
688 1375 723 1430 de
746 1375 872 1446 quodam
885 1377 938 1431 He·
987 1375 1335 1449 buspreebemus,quando
1342 1376 1483 1446 eispatras
1491 1372 1654 1445 spirituales
1663 1373 1787 1444 eligimus,

122 1467 200 1521 lisso
213 1483 245 1521 ex
253 1468 360 1522 familia
373 1468 545 1539 agabrensis
558 1467 795 1538 ecclesiae,quiab
806 1468 939 1540 episcopo
989 1485 1111 1542 quorum
1124 1487 1183 1524 non
1206 1470 1297 1523 solum
1321 1467 1520 1539 gubernaculis
1542 1467 1631 1535 tueri,
1649 1466 1700 1522 sed
1720 1466 1788 1520 etiarn

123 1576 173 1614 suo
187 1560 307 1614 traditus
321 1560 445 1615 libertati
458 1560 493 1614 de
511 1561 640 1615 libertate
655 1561 806 1614 confestim
820 1561 857 1614 ad
870 1576 937 1615 con·
988 1562 1123 1618 doctrinis
1145 1561 1276 1618 edificari
1299 1565 1425 1634 possunt,
1439 1576 1473 1615 ea
1485 1565 1583 1613 mmcu
1607 1558 1685 1613 circa
1704 1574 1787 1613 mona·

122 1653 254 1707 tomacie
267 1653 400 1707 morbum
416 1653 578 1719 transilivit,
592 1652 689 1723 sicque
712 1669 763 1724 per
776 1653 938 1723 superbiam
988 1657 1054 1710 chos
1072 1656 1184 1710 cautela
1197 1659 1315 1721 servata,
1330 1659 1361 1708 ut
1374 1653 1476 1709 remoti
1490 1651 1525 1707 ab
1540 1667 1644 1706 aarum
1659 1651 1791 1706 familiari·

123 1761 180 1799 nou
188 1745 412 1814 solumajosdem
418 1745 542 1818 episcopi
553 1745 687 1800 maleficis
700 1744 807 1800 artibus
818 1747 937 1800 salutem
947 1731 976 1804 Β
988 1751 1047 1803 tate
1061 1764 1112 1802 nec
1129 1764 1217 1818 usque
1230 1748 1265 1802 ad
1280 1746 1451 1802 vestibulum
1464 1745 1591 1800 habeant
1603 1743 1755 1798 accedendi
1763 1744 1790 1798 fr·

122 1837 335 1903 laderavoluit,
345 1838 488 1893 sedetiam
501 1842 653 1909 patronam
668 1838 816 1893 ecclesiam
826 1839 938 1894 liberta-
988 1841 1098 1895 miliare
1111 1815 1291 1910 permissum,
1306 1839 1353 1894 sed
1369 1854 1463 1910 neque
1477 1837 1611 1892 abbatem
1626 1836 1672 1891 vel
1685 1835 1790 1907 eumqni

122 1929 779 2002 tisimmemorpraedamnavithdversusquem
791 1932 937 2002 ingratum
987 1934 1140 2005 praeficitur
1161 1936 1240 1986 extra
1260 1947 1323 1986 eam
1344 1947 1409 2002 quae
1429 1921 1533 2001 praee'st
1551 1929 1632 2000 loqui
1651 1928 1789 2000 virginibus

120 2022 193 2077 actio
206 2039 347 2077 canonum
362 2041 395 2078 ac
409 2024 508 2094 legum
530 2023 684 2079 auctoritas
702 2023 778 2092 justa
795 2024 936 2094 dirigitur,
987 2026 1091 2081 Christi
1104 2025 1211 2096 aliquid
1224 2024 1300 2096 quod
1317 2023 1352 2078 ad
1367 2022 1579 2078 institutionem
1593 2037 1711 2076 morum
1724 2022 1789 2093 perti

121 2115 228 2171 scilicet
240 2117 271 2168 ut
290 2115 440 2169 immeritae
454 2116 592 2170 libertatis
614 2116 721 2170 damno
741 2115 887 2182 multatus,
902 2116 938 2172 ad
988 2122 1037 2172 net
1051 2118 1155 2185 licebit,
1171 2133 1264 2188 neque
1277 2132 1342 2171 cum
1356 2132 1389 2170 ea
1403 2115 1461 2170 sola
1474 2130 1538 2186 quae
1551 2118 1657 2185 praeest
1670 2114 1787 2186 frequen·

123 2207 265 2262 servitutis
280 2223 386 2262 narum
401 2211 559 2263 revocetur.
575 2209 684 2263 Talium
699 2208 776 2262 enim
789 2212 878 2263 status
889 2209 938 2281 qui
987 2217 1032 2266 ter
1046 2227 1093 2265 eos
1112 2209 1191 2281 loqui
1214 2214 1335 2280 oportet,
1350 2208 1399 2263 sed
1421 2208 1472 2263 sub
1493 2207 1661 2262 testimonio
1685 2207 1785 2261 dnamn

124 2303 222 2353 contra
237 2299 400 2371 episcopum
416 2317 499 2354 suum
513 2302 556 2356 rel
568 2304 720 2372 patronam
734 2300 881 2355 ecclesiam
894 2301 936 2355 ni·
987 2303 1031 2358 vel
1044 2303 1132 2357 trium
1144 2318 1285 2371 sororum,
1305 2302 1345 2355 ita
1358 2304 1390 2355 ut
1404 2317 1467 2354 rara
1488 2300 1525 2355 sit
1547 2299 1682 2368 accessio,
1697 2303 1724 2354 et
1738 2299 1785 2353 bre·

122 2395 224 2448 tuntur
237 2393 366 2448 decidere
380 2392 567 2464 potiusquam
579 2410 745 2448 conservare
757 2393 899 2461 convenit,
906 2396 939 2449 ut
987 2397 1028 2449 vis
1041 2395 1160 2450 omnino
1176 2395 1288 2449 locutio.
1308 2394 1388 2448 Absit
1410 2393 1487 2449 enim
1503 2397 1535 2448 nt
1553 2393 1709 2447 monachos
1720 2389 1783 2463 (quod

123 2501 246 2557 quorum
259 2485 374 2540 libertas
383 2486 540 2557 perniciosa
550 2491 592 2541 est
604 2487 640 2541 sit
650 2486 795 2541 salutifera
808 2487 936 2555 servitus,
988 2488 1073 2543 etiem
1089 2487 1196 2542 dictum
1209 2487 1289 2542 nefas
1301 2487 1352 2554 est]
1366 2485 1468 2543 Christi
1480 2485 1641 2557 virginibus
1654 2484 1783 2539 familiares

123 2579 156 2630 ut
169 2578 219 2648 qui
230 2577 378 2648 superbire
401 2579 531 2633 noverint
552 2579 657 2649 adepta
674 2578 804 2634 libertate
827 2573 938 2649 praediti
987 2597 1047 2637 esse
1066 2581 1194 2649 velimus,
1208 2581 1256 2635 sed
1277 2581 1357 2650 juxta
1381 2580 1455 2651 quod
1479 2579 1559 2650 jussa
1581 2578 1741 2650 regularum
1750 2575 1781 2631 rel

124 2669 235 2725 discant
250 2670 367 2726 obedire
384 2672 511 2742 subJ'ecti.
987 2689 1130 2728 canonum
1144 2673 1303 2728 admonent
1312 2672 1396 2743 longe
1409 2672 1544 2726 discretos
1554 2674 1642 2742 atque
1655 2671 1782 2741 sejunctos,

159 2765 202 2819 lX.
216 2764 298 2819 Nona
316 2764 428 2819 actione
450 2764 600 2820 didicimus
620 2764 759 2835 quosdam
782 2780 816 2819 ex
840 2767 937 2820 nostro
987 2772 1193 2822 cerumtamen
1209 2765 1325 2820 easdem
1339 2764 1539 2835 gubernaculis
1553 2763 1783 2834 deputamuscon·

123 2855 243 2927 collegio
257 2861 354 2912 contra
369 2873 463 2911 mores
477 2856 678 2912 ecclesiasticos
690 2857 776 2911 laicos
788 2857 893 2912 habere
907 2858 938 2912 in
987 2859 1137 2913 stituentes
1146 2861 1177 2912 nt
1186 2875 1261 2912 unus
1274 2856 1481 2912 monachorum
1495 2854 1783 2927 probatissimnseligr·

122 2949 207 3004 rebus
217 2949 318 3005 divinis
330 2950 500 3006 constitutos
513 2966 683 3005 oeconomos.
697 2950 817 3005 Proinde
830 2951 938 3022 pariter
986 2957 1042 3020 tur,
1059 2952 1139 3021 cujus
1156 2951 1281 3005 corrasit
1296 2949 1412 3020 praediis
1427 2965 1526 3004 aarum
1552 2949 1679 3014 rusticis,
1690 2948 1729 3002 vel
1745 2961 1783 3000 ur-

123 3042 276 3099 tractan'tes
301 3043 443 3114 eligimus,
466 3047 499 3098 ut
519 3043 717 3115 unusquisque
739 3047 869 3098 nostrum
894 3059 935 3098 se·
948 3086 975 3160 C
987 3044 1067 3098 banis
1079 3043 1237 3109 intendere,
1250 3042 1370 3096 fabricas
1392 3045 1547 3110 exstruere,
1563 3045 1593 3096 et
1604 3041 1627 3094 si
1640 3040 1706 3112 quid
1722 3035 1784 3093 aliud

122 3135 248 3190 cundum
258 3136 515 3191 calcedonensium
530 3141 643 3208 patrum
654 3137 767 3191 decreta
776 3152 808 3191 ex
822 3135 937 3206 proprio
988 3140 1030 3192 est
1041 3136 1078 3190 ad
1090 3136 1288 3191 necessitatem
1302 3133 1466 3189 monasterii
1475 3132 1637 3204 providere,
1652 3134 1684 3186 ut
1698 3126 1784 3187 Christi

123 3227 199 3282 clero
224 3245 403 3283 (economum
429 3229 481 3283 sibi
506 3230 671 3284 constituat.
700 3229 869 3284 indecorum
896 3230 939 3283 ast
987 3229 1101 3283 famular
1115 3244 1166 3299 pro
1176 3228 1279 3282 animae
1290 3244 1349 3282 sure
1360 3231 1472 3281 tantum
1481 3225 1604 3282 utilitate
1614 3225 1785 3292 sollicitato

123 3320 201 3374 euim
217 3320 320 3376 laicum
333 3322 468 3376 vicarium
483 3338 544 3376 essa
559 3323 693 3394 episcopi,
709 3328 736 3378 et
748 3322 896 3377 saculares
908 3321 938 3376 in
987 3321 1021 3376 lis
1035 3321 1136 3376 divinis
1151 3321 1284 3390 cultibus,
1298 3319 1488 3391 operibusque
1509 3318 1614 3373 sanctis
1640 3315 1787 3373 inserviant·

123 3413 240 3469 ecclesia
248 3414 389 3485 Judicare.
404 3417 434 3471 ln
448 3432 505 3470 uno
517 3416 594 3471 anim
607 3417 762 3487 eodemque
776 3414 867 3469 officio
880 3431 937 3469 non
988 3414 1059 3468 Sane
1073 3413 1160 3485 isqui
1174 3413 1210 3467 ab
1231 3412 1332 3466 abbate
1354 3412 1535 3483 proponitur,
1550 3410 1660 3481 jndicio
1680 3409 1718 3464 sni
1735 3404 1780 3477 epi·

123 3506 208 3560 debet
220 3506 382 3577 disparasse
392 3508 622 3580 professio,quod
632 3508 719 3563 etiam
728 3509 758 3562 in
771 3509 834 3578 lege
845 3506 939 3562 divina
988 3506 1066 3577 scopi
1081 3505 1291 3576 comprobetur,
1304 3509 1395 3559 restes
1408 3510 1505 3559 autem
1518 3503 1576 3557 illae
1590 3503 1688 3558 iisdem
1700 3499 1778 3557 facim

122 3598 290 3668 prohibetur
310 3599 420 3655 dicente
440 3602 555 3672 Moyse:
575 3622 588 3650 α
614 3602 676 3656 Non
698 3600 791 3654 arabis
816 3601 846 3654 in
867 3601 937 3655 bove
988 3598 1120 3670 aquibus
1134 3598 1286 3652 tuitionem
1305 3601 1478 3667 exspectant,
1493 3600 1522 3651 et
1535 3596 1571 3650 ab
1593 3595 1691 3650 iisdem
1708 3593 1776 3648 denuo
1816 3668 1818 3675 Ι

123 3690 209 3746 simul
225 3698 253 3747 et
265 3693 344 3748 asino
362 3693 449 3764 (Dent.
460 3711 529 3764 xxu,
547 3696 600 3764 10),
616 3715 629 3743 o
644 3693 673 3748 id
687 3696 729 3748 est
743 3693 873 3748 homines
892 3693 936 3748 di·
988 3694 1029 3761 (ιιι
1044 3691 1212 3762 preadictum
1226 3691 1277 3759 est)
1288 3689 1419 3744 laborum
1433 3689 1542 3744 fructus
1553 3691 1583 3742 et
1595 3682 1772 3758 procurationis
1813 3692 1818 3723 l

121 3801 210 3839 verser
223 3786 405 3857 professionis
420 3787 450 3841 in
466 3787 559 3842 officio
576 3803 633 3840 nno
648 3802 707 3841 non
720 3785 849 3840 sociabis.
858 3785 938 3840 Unde
987 3784 1155 3855 suffragium
1179 3788 1344 3855 recepturae.
1359 3782 1388 3838 Si
1407 3782 1454 3855 qui
1475 3786 1572 3836 autem
1597 3779 1772 3837 monachorum

124 3881 152 3932 et
167 3882 282 3948 oportet
297 3895 348 3933 nos
361 3884 390 3934 et
411 3880 513 3935 divinis
536 3880 615 3934 libris
639 3882 803 3933 sanctorum
824 3881 938 3933 Petrum
988 3878 1061 3932 hanc
1076 3877 1284 3932 ordinationem
1306 3881 1356 3930 aut
1369 3873 1593 3944 contempserint
1614 3877 1664 3928 aut
1681 3867 1772 3945 qualibet

123 3971 239 4026 obedire
260 3972 418 4042 praeceptis,
432 3973 637 4027 constituentes
651 3974 682 4026 ut
695 3971 726 4024 hi
738 3971 786 4043 qui
802 3970 832 4024 in
846 3970 937 4025 admi·
986 3970 1097 4025 inertiae
1110 3969 1295 4025 dissolutione
1308 3967 1494 4039 neglexerint,
1511 3965 1600 4021 sciant
1615 3966 1690 4038 quod
1700 3972 1770 4018 eorum

122 4063 339 4117 nistrationibus
354 4063 479 4118 acclesiae
491 4064 673 4134 pontificibus
683 4063 827 4118 sociantur
837 4062 940 4117 disere·
988 4064 1133 4118 temeritas
1158 4068 1242 4132 atque
1275 4059 1407 4132 superbia
1440 4057 1733 4115 excommunicationis
1749 4049 1772 4105 til

121 4170 187 4224 para
202 4170 260 4207 non
283 4154 414 4224 debeant,
429 4160 478 4210 aut
490 4172 542 4211 nec
561 4155 745 4226 professione,
759 4170 812 4209 nce
826 4154 937 4222 habitu,
988 4155 1138 4226 plectenda
1150 4170 1280 4210 censura.

123 4262 191 4299 nam
197 4246 339 4301 cohaerere
350 4251 379 4300 et
385 4248 521 4318 conjungi
529 4264 587 4303 non
595 4252 723 4318 possunt,
731 4247 835 4319 quibus
845 4254 873 4302 et
882 4250 939 4302 stu·
1023 4249 1076 4303 Xll.
1090 4247 1261 4303 Duodecima
1284 4247 1394 4302 achone
1406 4246 1552 4315 ingressus
1565 4247 1609 4300 est
1623 4245 1660 4301 ad
1674 4259 1718 4300 nos
1728 4253 1771 4314 qu

123 4319 169 4392 dia
177 4340 206 4392 et
214 4342 277 4391 vota
290 4338 399 4392 diversa
409 4344 482 4394 sunt.
494 4339 523 4394 Si
534 4340 596 4410 quis
606 4345 702 4393 autam
713 4341 939 4411 episcopnspcst·
988 4341 1054 4396 dam
1068 4357 1103 4396 ax
1118 4340 1219 4395 haeresi
1231 4341 1439 4410 acephalorum
1452 4340 1567 4395 natione
1579 4338 1677 4410 Syrus,
1686 4342 1715 4392 ut
1724 4344 1773 4390 aest

122 4430 175 4485 hae
188 4430 409 4486 ecclesiasticam
426 4447 489 4486 rem
503 4438 553 4486 aut
564 4448 615 4503 per
623 4432 749 4488 laicalem
761 4433 977 4515 procuratio-1)
987 4434 1025 4489 rit
1044 4434 1104 4505 ipse
1127 4433 1284 4505 episcopus,
1299 4433 1420 4487 dirarum
1446 4433 1476 4488 in
1502 4432 1614 4489 Christo
1635 4435 1774 4489 natrano

123 4541 190 4578 nem
203 4524 457 4580 administrandam
479 4526 606 4595 elegerit,
620 4530 670 4580 ant
693 4526 753 4580 sine
775 4525 939 4581 testimonio
988 4527 1193 4598 proprietatem
1208 4527 1364 4598 abnegans,
1374 4529 1403 4579 et
1414 4525 1550 4581 deitatem
1561 4524 1775 4596 passibilemast

121 4619 261 4673 ceconomi
273 4618 493 4690 gubernandam
510 4619 671 4689 crediderit,
682 4635 749 4674 vere
765 4623 796 4675 ut
808 4622 937 4674 contem·
988 4637 1064 4676 rens.
1078 4619 1165 4689 Cujus
1178 4620 1247 4674 dum
1260 4619 1364 4674 nostris
1379 4619 1509 4674 sensibus
1529 4618 1602 4673 tanti
1616 4616 1715 4673 erroris
1732 4623 1775 4668 cot

121 4712 186 4780 ptor
200 4727 349 4779 canonum,
363 4716 392 4767 et
406 4713 554 4769 fraudator
568 4713 823 4768 ecclesiasticarum
842 4727 939 4766 rerum
989 4712 1062 4767 fusio
1084 4710 1228 4782 patuisset,
1245 4711 1359 4783 prolatis
1373 4711 1414 4766 illi
1428 4711 1462 4766 de
1477 4710 1674 4767 incarnatione
1692 4694 1776 4764 nomn

121 4818 179 4856 non
193 4804 285 4858 solum
297 4821 314 4859 a
327 4805 437 4860 Christo
448 4807 483 4861 de
494 4806 580 4860 rebus
593 4822 751 4878 pauperum
762 4804 939 4877 judicabitur
987 4809 1050 4861 tesu
1065 4803 1170 4860 Christi
1185 4804 1361 4874 testimoniis,
1375 4807 1600 4876 sanctorumque
1613 4805 1725 4859 Petrum
1735 4807 1776 4853 set

122 4911 197 4958 rcus,
211 4896 261 4950 sed
273 4897 360 4951 etiam
373 4903 402 4952 et
414 4898 530 4953 concilio
540 4899 668 4953 manebit
680 4898 830 4954 obnoxius.
989 4897 1084 4954 tentiis
1099 4898 1233 4964 recitatis,
1248 4897 1326 4952 omni
1345 4912 1411 4952 eum
1436 4897 1538 4951 deinde
1563 4880 1777 4961 exhortatione&

157 4990 190 5043 X.
213 4989 327 5043 Decima
350 4990 462 5045 actione
489 4991 669 5062 poscentibus
694 4990 937 5045 monasteriorum
988 4990 1141 5046 varaefidei
1155 4990 1356 5046 rectitudinem
1370 4988 1537 5045 sacerdotali
1551 4989 1692 5045 modestia
1702 4982 1776 5042 inut-

122 5081 250 5152 patribus
263 5082 324 5152 pari
337 5083 479 5136 sententia
494 5084 656 5153 statuimus,
666 5087 700 5137 ut
710 5084 838 5138 coenobia
847 5099 940 5154 nuper
988 5085 1093 5153 vimus,
1106 5084 1155 5156 qui
1167 5081 1336 5138 salutaribus
1349 5082 1463 5137 monitis
1472 5083 1662 5152 pertinaciter
1672 5070 1777 5154 parmul·

123 5174 240 5229 condita
250 5173 279 5228 in
287 5175 431 5245 provincia
443 5175 634 5242 Baetica,sicnt
645 5181 672 5230 et
684 5175 733 5230 illa
742 5192 806 5247 quac
816 5181 883 5230 sunt
892 5193 940 5230 an·
988 5183 1031 5232 tos
1045 5177 1253 5246 diuturnosque
1266 5174 1412 5229 conflictus
1427 5173 1563 5244 retinens,
1577 5176 1694 5230 tandem
1712 5163 1780 5243 griffi

124 5267 205 5339 tiqua
220 5267 360 5322 immobili
374 5273 401 5322 et
414 5267 580 5323 inconcussa
592 5268 742 5323 stabilitate
755 5273 940 5338 parmaneant
990 5270 1085 5325 divina
1096 5269 1194 5324 doetus
1207 5284 1301 5323 coram
1317 5268 1424 5322 cunctis
1436 5266 1592 5322 esmnlibus
1605 5266 1780 5334 hemimprr

55 5430 59 5443 .
122 5351 255 5415 solidata.
277 5359 304 5414 Si
325 5360 389 5432 quis
414 5364 511 5414 autem
527 5360 615 5431 (quod
636 5360 719 5431 absit)
740 5362 880 5427 nostrum,
893 5360 939 5415 val
989 5363 1079 5434 priam
1092 5361 1239 5428 abdicavit,
1247 5361 1372 5432 duasque
1382 5363 1497 5415 naturas
1506 5364 1536 5414 et
1551 5374 1641 5414 unam
1653 5363 1782 5432 personam

123 5452 206 5507 nobis
220 5453 429 5508 succedentium
443 5454 622 5508 sacerdotum
634 5453 781 5524 quodlibet
794 5458 937 5508 monaste·
989 5456 1019 5511 in
1033 5472 1092 5510 uno
1108 5454 1266 5526 eodemque
1288 5452 1407 5508 Domino
1420 5456 1515 5508 nostro
1528 5453 1594 5508 tesu
1608 5452 1720 5509 Christo
1737 5458 1784 5503 cct-

123 5546 198 5599 rium
211 5546 300 5600 autri
323 5546 484 5619 cupiditatis
507 5545 734 5618 exspoliandum,
750 5552 800 5601 aut
824 5545 937 5600 simula-
990 5548 1079 5603 fessus
1099 5551 1152 5616 est,
1174 5546 1294 5603 credens
1315 5544 1517 5617 impassibilem
1540 5549 1676 5601 naturam
1694 5534 1786 5600 roiate

124 5637 200 5691 tione
213 5639 308 5710 aliqua
318 5639 428 5695 fraudis
439 5640 723 5707 convellendum,eut
732 5639 940 5695 dissolvendum
990 5644 1074 5712 atque
1087 5641 1117 5697 in
1128 5641 1186 5697 sola
1200 5639 1378 5695 humanitate
1390 5638 1545 5711 suscepisse
1555 5638 1788 5707 infirmitatem

72 5808 77 5817 .
119 5730 447 5801 tentaveritanathema
459 5733 577 5792 affectus
592 5738 717 5806 maneat,
726 5738 882 5807 etaregno
891 5733 941 5791 Dei
991 5734 1079 5792 sionis
1099 5737 1127 5790 et
1147 5733 1246 5791 crucis.
1273 5735 1430 5791 Conversus
1455 5731 1551 5806 itaque
1573 5735 1659 5808 atque
1680 5729 1791 5803 receptu
