3870 6150
558 220 797 288 ommatius
815 229 1008 287 cottuouo.
1576 224 1629 289 tlt

119 352 238 410 prorsus
272 337 412 404 exclusus,
444 336 611 392 monasterii
638 337 766 392 claustris
776 351 805 424 Α
815 354 874 394 nou
887 342 945 392 tarn
957 337 1031 391 bene
1041 337 1159 409 regendi
1172 337 1294 407 licentia,
1304 338 1628 411 quamsernansuetudo

103 430 220 487 eritsub
234 430 399 502 poeniteutia
412 430 609 485 retrudendus.
815 430 1000 502 impugnasse
1023 430 1169 501 probatur,
1194 432 1261 486 satis
1288 434 1328 501 (ut
1355 431 1516 503 opinamur)
1539 430 1581 486 illi
1600 435 1629 487 et

103 524 235 597 sperimus
248 524 389 596 quosdam
402 522 504 577 divinis
514 522 613 578 officiis
623 523 765 593 mancipe·
815 522 931 595 gloriosi
946 521 1083 594 principis
1106 528 1134 577 ct
1156 522 1270 579 decreto
1291 529 1394 580 sauctae
1419 523 1520 596 synodi
1544 523 1629 595 hujus

107 617 272 672 nescientia
284 616 414 672 socordia
429 615 541 687 plenos,
555 616 596 671 ita
607 615 765 671 litterarum
815 615 1021 671 contradictum
1042 631 1101 670 esse
1123 616 1329 688 conspeximus.
1356 619 1397 672 lta
1420 617 1498 673 enim
1515 622 1630 672 sanctus

103 726 142 765 nar
157 710 280 780 ignaros,
296 712 329 763 ut
349 725 402 765 nec
425 709 455 763 in
475 709 529 763 illis
549 707 706 779 probentur
721 707 764 762 in·
816 707 938 781 Spiritus
951 724 1004 779 per
1017 714 1152 781 utrasque
1165 708 1347 766 definitiones
1361 710 1523 765 mortalium
1541 709 1630 765 corda

103 806 259 875 npetenter
273 802 431 868 ordinibus,
446 802 495 872 qui
509 802 688 873 quotidianos
703 816 764 855 ver·
816 800 954 873 perflavit,
962 804 994 856 ut
1000 801 1076 856 vitali
1085 802 1154 858 llatu
1160 802 1310 858 verborum
1317 802 1504 874 imposterum
1514 818 1629 858 omnem

106 912 183 951 usus.
204 895 325 950 Proinde
339 895 456 950 sollicite
482 894 666 950 constituitur
679 898 765 966 atquc
805 899 947 951 exureret
960 895 1035 951 male
1049 894 1312 968 concupiscentium
1332 895 1441 951 rabiem
1454 897 1627 951 animorum.

103 1005 112 1044 r
129 995 163 1044 ut
181 990 276 1043 nullus
299 989 492 1060 cujuscunque
515 987 663 1060 dignitatis
676 987 764 1043 eccle·
815 990 916 1043 Actum
931 1004 1057 1060 namque
1071 995 1113 1045 est
1123 988 1336 1044 delinitionibus
1349 988 1417 1061 ipsis
1430 993 1471 1059 ut,
1486 989 1552 1060 quia
1567 989 1629 1061 pie-

103 1081 214 1153 cinceps
227 1082 370 1153 percipiat
386 1081 518 1152 gradum,
534 1081 584 1152 qui
598 1097 658 1136 non
672 1084 766 1136 totum
815 1080 880 1135 tatis
893 1081 996 1136 divinas
1008 1081 1039 1136 in
1053 1081 1465 1153 comprehensibilisnaturase
1474 1081 1630 1137 conditioni

103 1191 126 1246 r,
136 1175 180 1230 vel
195 1176 371 1230 canticorum
383 1174 524 1228 usualium
538 1178 567 1229 et
579 1174 764 1246 hymnorum,
815 1174 978 1229 mortalium
998 1174 1029 1229 in
1050 1175 1156 1230 unione
1179 1190 1306 1247 personas
1328 1173 1475 1247 conjunxit
1495 1174 1630 1246 mysterio

103 1268 179 1323 randi
193 1268 315 1339 perfecte
335 1267 445 1322 noverit
466 1267 709 1338 supplementum.
723 1267 766 1322 llli
818 1267 1021 1339 redemptionis
1032 1268 1177 1339 humane,
1194 1284 1247 1323 nos
1262 1283 1375 1340 quoque
1388 1267 1629 1340 membracepitis

103 1363 156 1428 iarn
170 1362 280 1416 honore
295 1360 441 1431 dignitatis
455 1361 626 1432 iunguntur,
647 1360 766 1431 hujusce
815 1360 901 1432 hujus
914 1365 942 1416 et
956 1361 1081 1433 perfidiae
1104 1362 1212 1417 malum
1233 1365 1262 1417 et
1284 1361 1550 1433 concupiscentiam,
1567 1375 1632 1432 quae

103 1455 228 1511 romnus
242 1454 367 1508 caecitate
380 1459 528 1520 vexantur,
545 1457 596 1507 aut
609 1455 710 1525 sponte
723 1469 767 1507 su·
818 1474 832 1504 «
844 1454 922 1510 radix
941 1454 1086 1511 malorum
1112 1459 1155 1511 est
1179 1455 1309 1511 omnium
1323 1455 1347 1526 (l
1360 1457 1429 1511 Tim.
1443 1471 1481 1522 vr,
1499 1454 1553 1526 lo),
1574 1475 1588 1504 »
1604 1458 1632 1510 et

103 1547 245 1602 sotionem
272 1547 429 1601 neccssaria
456 1545 648 1618 perdiscendi,
676 1551 724 1600 aut
749 1563 766 1600 a
818 1568 832 1598 n
868 1547 1018 1603 avaritiam
1062 1565 1127 1620 quer
1162 1547 1305 1604 invenitur
1341 1548 1459 1604 servitus
1488 1547 1631 1603 idolorum

117 1641 154 1696 ad
167 1640 280 1695 lectoris
292 1639 425 1694 exercitia
448 1643 589 1710 cogantur
602 1639 692 1694 inviti.
709 1638 764 1694 Ab·
817 1639 897 1712 (llpt.
910 1657 938 1711 v,
953 1640 979 1712 s)
993 1662 1008 1691 »
1022 1641 1086 1713 pari
1108 1641 1194 1696 simul
1208 1641 1276 1714 igne
1298 1659 1331 1697 ac
1354 1657 1494 1697 mucrone
1515 1644 1631 1713 totoque

103 1732 223 1805 quidem
237 1737 280 1787 est
292 1750 350 1802 eos,
372 1732 422 1804 qui
441 1737 558 1787 ceteros
584 1731 766 1803 simpliciores
776 1730 805 1802 B
817 1732 935 1791 artificio
957 1734 1092 1790 radicitus
1106 1734 1263 1790 evellamus
1275 1752 1308 1790 ac
1321 1735 1496 1791 desecemus.
1510 1734 1632 1791 Abhinc

103 1825 196 1882 ‚abent
210 1826 323 1893 docere,
337 1826 440 1897 quibus
451 1827 480 1881 et
490 1824 647 1896 disciplinae
661 1829 690 1879 et
703 1825 767 1880 vitae
817 1843 885 1900 ergo
900 1827 1034 1900 deinceps
1043 1829 1084 1884 ita
1096 1833 1181 1884 erunt
1189 1829 1219 1883 in
1232 1828 1315 1900 regni
1327 1828 1448 1900 gloriam
1457 1827 1633 1900 praeficiendi

103 1936 128 1975 sc
141 1920 230 1975 veluti
244 1919 388 1991 quoddam
412 1920 570 1991 speculum,
592 1919 628 1973 ad
649 1918 767 1989 alicujus
817 1925 949 1990 rectores,
963 1923 996 1976 ut
1008 1924 1058 1976 aut
1071 1921 1101 1977 iu
1112 1922 1181 1978 urbe
1193 1922 1284 1994 regia,
1299 1925 1348 1976 aut
1362 1921 1392 1976 in
1405 1921 1466 1976 loco
1478 1920 1528 1976 ubi
1552 1920 1630 1992 prin·

103 2013 126 2069 el
139 2012 286 2084 diguitatis
300 2013 464 2084 promoveri
480 2015 597 2081 statum,
610 2012 658 2083 qui
672 2012 766 2085 legem
817 2031 883 2087 ceps
896 2014 1049 2070 decesserit
1061 2031 1126 2070 cum
1136 2015 1306 2088 pontificum
1316 2015 1515 2086 majorumque
1530 2012 1631 2086 palatii

103 2109 163 2176 snt,
190 2122 242 2161 nec
266 2106 428 2161 litterarum
452 2107 552 2160 saltem
574 2105 768 2160 mediocritate
817 2107 983 2164 omnimodo
996 2108 1281 2180 eliganturasseusu,
1304 2123 1361 2163 non
1377 2107 1532 2164 lorinsecus
1546 2110 1631 2178 coetu,

103 2199 173 2264 niti.
197 2199 296 2254 Nullus
322 2199 410 2270 igitur
424 2199 459 2253 ad
475 2215 556 2253 sacra
570 2199 618 2254 Dei
633 2198 769 2270 mysteria
818 2201 1086 2273 autconspiratione
1093 2217 1260 2273 paucorum,
1271 2200 1499 2257 antrusticnrum
1507 2200 1634 2272 plebium
1699 2276 1701 2280 Ι

108 2293 207 2348 veniat
219 2292 315 2347 illotus
329 2293 442 2364 aliquis,
458 2292 630 2364 ignorantiae
645 2291 769 2347 tenebris
818 2294 956 2350 seditione
980 2295 1174 2365 tumultuosa,
1204 2295 1254 2350 sed
1286 2299 1371 2350 erunt
1395 2294 1541 2349 catholice
1568 2293 1634 2349 srdei

103 2385 254 2455 ,sedsolus
264 2386 286 2439 is
294 2387 408 2441 accedat
418 2402 503 2457 quern
514 2385 769 2440 morumiuuocen·
818 2391 979 2458 assertores,
995 2403 1116 2460 eamque
1129 2392 1159 2443 et
1172 2388 1318 2460 hancque.
1328 2386 1460 2444 imminet
1471 2388 1634 2443 iudeorum

103 2496 202 2535 rarum
221 2479 357 2551 splendor
372 2479 496 2535 reddunt
520 2479 671 2548 illustrem,
688 2479 769 2533 aliter
818 2480 968 2553 perfidiam
991 2484 1021 2536 et
1041 2485 1210 2536 cunctarum
1222 2481 1363 2537 haeresum
1381 2481 1517 2552 injuriam
1534 2480 1632 2537 deien-

103 2573 122 2628 is
144 2579 173 2628 et
193 2573 358 2628 ordinandis
377 2573 547 2628 imminente
567 2573 598 2627 in
623 2577 768 2645 posterum
818 2574 928 2645 dentes,
946 2580 1031 2630 eruut
1045 2574 1154 2630 actibus
1164 2574 1276 2647 judices
1290 2578 1319 2631 et
1330 2574 1388 2630 vita
1401 2573 1534 2643 modesti,
1548 2578 1634 2630 erunt

103 2667 256 2722 sEcclesiae
268 2666 402 2721 vindicta.
818 2667 848 2723 in
863 2667 1070 2739 provisionibus
1090 2684 1188 2724 rerum
1213 2668 1293 2741 parci
1316 2669 1381 2740 plus
1404 2684 1491 2740 quam
1514 2668 1632 2737 extenti,

103 2776 133 2815 ras
145 2760 313 2815 intentionis
328 2759 477 2815 admonitu
492 2759 602 2815 detecta
615 2763 658 2815 est
672 2759 768 2831 inglu·
818 2765 852 2816 ut
865 2761 987 2817 factione
1000 2760 1211 2833 scripturarum
1225 2762 1269 2816 vel
1282 2761 1481 2817 definitionum
1496 2761 1635 2834 qualium·

105 2854 163 2910 uda
174 2855 317 2908 voracium
334 2870 398 2926 quas
409 2854 477 2908 dum
489 2853 570 2909 freno
585 2854 769 2925 parcimonie
820 2871 932 2927 cunque
947 2859 1106 2911 contractus
1119 2872 1136 2909 a
1149 2854 1279 2923 subditis,
1296 2854 1340 2910 vel
1367 2855 1486 2927 exigant
1510 2854 1554 2910 vel
1574 2853 1633 2911 exi-

103 2948 203 3020 rgitur,
218 2948 352 3018 religioni
365 2947 504 3002 contraire
524 2952 710 3016 monstratur,
725 2947 768 3001 di·
820 2947 927 3020 gendos
940 2948 1101 3017 intendant,
1122 2952 1207 3004 erunt
1223 2948 1252 3002 in
1272 2948 1439 3020 conquisitis
1453 2947 1635 3020 obligationis

103 3058 128 3097 m
142 3042 304 3112 Scriptura:
322 3061 336 3092 «
350 3041 402 3104 Qui
413 3042 522 3112 spernit
536 3041 657 3095 minima
671 3041 768 3112 paula·
821 3041 978 3113 gratissime
1003 3042 1089 3098 robus
1116 3058 1174 3109 nou
1202 3045 1416 3114 prospectantes
1439 3042 1548 3114 proprii
1570 3040 1636 3121 jura

103 3134 126 3188 it
141 3136 231 3202 (Ereti.
248 3151 304 3204 rur,
320 3136 355 3207 l),
368 3134 435 3188 »illi
448 3137 536 3189 tantae
556 3135 701 3190 edacitatis
714 3134 768 3188 im·
820 3135 971 3204 commodi,
996 3135 1047 3189 sed
1068 3135 1249 3227 eonsqlentes
1270 3135 1370 3206 patriae
1390 3138 1476 3208 atque
1489 3136 1579 3207 genti.
1595 3136 1637 3191 lle

103 3234 254 3295 assantur,
290 3233 320 3282 ut
352 3228 475 3282 coelestia
506 3232 534 3282 ct
558 3243 632 3298 pene
659 3245 771 3282 summa
820 3228 904 3284 rebus
919 3228 1209 3301 congregatisabeis,
1222 3228 1632 3285 illastantumsihivendicent
1710 3232 1713 3238 '

103 3338 138 3376 ne
165 3322 325 3376 videantur.
352 3323 385 3376 Et
411 3321 497 3375 etiam
519 3321 691 3393 quicumque
704 3338 771 3393 qua·
819 3326 914 3394 partes
925 3338 995 3394 quas
1009 3321 1158 3377 dictaverit
1171 3321 1322 3377 auctoritas
1335 3321 1500 3394 principalis
1516 3338 1634 3391 verum3

103 3431 122 3470 a
143 3414 203 3470 dies
224 3431 288 3486 quae
308 3415 375 3469 anni
394 3414 479 3469 totius
493 3413 610 3469 decimae
623 3419 768 3486 putantur,
820 3431 999 3487 quocunque
1027 3415 1189 3471 inordinata
1214 3415 1397 3486 reliquerint,
1427 3413 1637 3470 hereditabunt

103 3525 121 3563 n
142 3507 285 3563 oblatione
296 3508 399 3579 jejunii
416 3508 535 3562 Domino
557 3513 769 3577 consecrantur,
820 3524 993 3564 successores
1004 3508 1113 3581 proprii
1126 3524 1234 3576 eorum,
1260 3512 1288 3564 et
1310 3511 1376 3563 aute
1399 3507 1634 3580 regnumjustis·

105 3601 175 3657 tiam
208 3601 391 3656 saluberrima
422 3601 547 3657 conditio
573 3601 690 3656 humaui
720 3618 768 3673 ge·
820 3601 891 3657 sime
903 3601 1072 3674 conquisita,
1085 3606 1135 3657 ant
1146 3601 1208 3670 lilii,
1223 3604 1272 3657 aut
1285 3600 1415 3657 haeredes
1437 3600 1552 3673 capiant
1570 3600 1636 3672 jure

103 3695 206 3767 piatur,
242 3694 310 3749 darm
345 3712 361 3748 a
394 3700 517 3767 quatuor
549 3696 649 3750 mundi
681 3695 769 3766 parti·
820 3694 1018 3766 proximitatis.
1040 3696 1081 3751 lle
1106 3693 1236 3751 allluium
1254 3693 1431 3750 successione
1446 3693 1489 3750 vel
1502 3709 1634 3762 munere,

103 3785 131 3860 5
162 3788 197 3842 ad
221 3789 293 3843 hanc
319 3789 404 3843 homo
424 3788 592 3860 religionem
611 3788 771 3844 crediturus
821 3787 948 3859 quamvis
959 3788 1120 3844 inordinata
1140 3787 1237 3844 relicta
1256 3787 1322 3856 sint,
1347 3792 1397 3842 aut
1413 3787 1506 3859 primo
1523 3790 1636 3843 tantum

103 3899 114 3949 *,
129 3887 157 3937 et
171 3887 293 3952 quatuor
311 3882 459 3937 elementis
483 3882 632 3949 formatur,
654 3884 682 3938 et
703 3898 769 3954 pro·
820 3881 895 3951 tiliis,
910 3885 960 3936 aut
971 3880 1134 3937 heredibus
1159 3882 1326 3954 frequenter
1346 3879 1496 3952 proficiant
1509 3879 1553 3934 vel
1565 3896 1634 3953 pro-

103 3975 288 4047 sgressionem
312 3976 446 4047 Decalogi
468 3975 683 4047 quaterdecies
707 3991 771 4031 cou-
820 3975 942 4048 pinquis.
955 3977 997 4031 lta
1006 3975 1038 4030 in
1048 3991 1148 4031 eorum
1161 3974 1270 4031 cunctis
1279 3972 1398 4043 actibus,
1409 3973 1537 4030 moribus
1547 3978 1633 4046 atque

126 4068 273 4140 affligitur,
296 4068 338 4122 illi
365 4069 415 4140 qui
439 4069 591 4124 temerarie
619 4070 680 4124 haec
707 4085 769 4124 om·
820 4069 905 4125 rebus
926 4069 1043 4141 privatae
1068 4070 1141 4142 legis
1161 4068 1318 4124 auctoritas
1340 4069 1395 4123 erit
1414 4067 1545 4137 valitura,
1559 4070 1592 4122 ut
1607 4070 1637 4122 et

103 4166 235 4229 uununt,
272 4179 325 4218 nec
351 4163 509 4218 voracitatis
534 4162 691 4235 ingluviem
718 4164 770 4217 tre·
820 4164 985 4235 perenniter
1001 4167 1119 4219 maneat
1130 4162 1307 4230 inconvulsa,
1323 4164 1352 4217 et
1364 4177 1423 4218 uon
1436 4160 1515 4233 prius
1526 4161 1637 4233 apicem

103 4255 169 4328 [uod
184 4256 265 4327 pejus
287 4262 329 4312 est
352 4256 494 4312 Paschalia
517 4256 588 4311 festa
607 4256 771 4311 illicitorum
820 4257 903 4329 regui
916 4257 1037 4329 quisque
1050 4256 1200 4329 percipiat,
1214 4272 1300 4328 quem
1326 4272 1356 4310 se
1378 4255 1458 4310 illam
1471 4271 1523 4327 per
1537 4255 1636 4310 omnia

103 4350 259 4422 suceptione
284 4350 444 4421 profanant,
463 4350 566 4422 quibus
582 4350 684 4404 exhoc
698 4349 771 4405 adeo
821 4350 1018 4421 suppleturum
1041 4349 1232 4422 jurisJ'urandi
1258 4348 1404 4405 taxatione
1430 4348 1557 4404 definiet.
1586 4347 1637 4404 Cui

117 4443 306 4511 interdicitur,
331 4448 361 4498 ut
385 4445 513 4516 quisquis
538 4444 597 4499 sine
616 4442 772 4499 inevitabili
782 4466 812 4540 D
822 4442 908 4498 etiam
920 4443 979 4515 legi
991 4442 1033 4498 vel
1048 4442 1160 4499 decreto
1175 4443 1339 4514 episcopali,
1364 4458 1422 4498 uon
1442 4441 1535 4496 solum
1548 4441 1578 4496 in
1590 4441 1635 4496 lu-

103 4552 135 4607 ·e,
150 4541 235 4608 atque
254 4537 416 4609 fragilitate,
429 4542 458 4593 et
471 4538 600 4593 evidente
621 4538 771 4608 languore,
823 4538 887 4591 turo
899 4536 948 4591 sed
961 4536 1049 4592 etiam
1060 4537 1090 4592 in
1105 4536 1240 4609 presenti
1248 4535 1436 4591 reverentiam
1446 4536 1636 4605 apponentes,

103 4647 113 4685 1
132 4629 360 4701 impossibilitate
388 4631 489 4699 aetatis,
518 4631 627 4687 dicbus.
647 4631 772 4695 Quadra·
799 4629 1012 4698 ,decemimus
1026 4634 1060 4685 ut
1072 4630 1235 4701 quicunque
1254 4630 1399 4684 detractor
1421 4631 1450 4684 et
1469 4644 1528 4683 uon
1543 4627 1638 4700 potius

104 4741 168 4781 sum
180 4724 309 4779 carnium
323 4725 534 4797 praesumpserit
547 4728 697 4794 attentare,
715 4741 774 4779 uon
823 4728 974 4779 venerator
985 4723 1092 4780 decreti
1101 4722 1228 4794 ejusdem
1240 4727 1324 4795 atque
1333 4721 1407 4794 legis
1418 4737 1480 4777 esse
1493 4722 1637 4790 maluerit,

103 4835 141 4874 rus
163 4819 217 4873 erit
241 4818 454 4874 resurrectionis
481 4818 648 4885 Dominicoe,
675 4834 774 4873 verum
825 4817 882 4872 sive
895 4817 1044 4889 religiosus
1056 4817 1103 4871 ille
1116 4815 1161 4886 sit,
1176 4815 1235 4872 sive
1248 4815 1418 4884 laicus,·n0u
1439 4814 1532 4872 solum
1547 4815 1637 4871 eccle-

103 4928 172 4968 enns
186 4911 220 4965 ab
235 4912 364 4983 ejusdem
378 4912 436 4968 diei
451 4915 545 4967 sancta
562 4911 773 4982 communione,
824 4910 935 4967 siastica
947 4910 1239 4968 excommunicatione
1254 4909 1405 4981 plectatur,
1421 4925 1522 4968 verum
1545 4914 1574 4965 et
1595 4909 1639 4965 sui

103 5005 137 5060 lli
158 5007 319 5062 cumuletur
343 5006 378 5061 ad
403 5022 529 5079 posnam,
553 5009 584 5060 ut
598 5004 686 5076 ipsius
708 5004 775 5060 anni
825 5004 930 5060 ordinis
945 5003 1084 5078 dignitate
1100 5004 1235 5076 privetur.

112 5097 148 5153 ab
173 5099 253 5153 omui
277 5115 325 5154 esu
355 5099 483 5154 carnium
508 5098 648 5154 abstineat
670 5098 775 5170 gulam,
860 5098 904 5154 xl.
935 5097 1101 5154 Undecimo
1130 5097 1283 5154 occasionis
1314 5097 1433 5154 articulo
1461 5098 1640 5153 decretorum·

103 5190 141 5247 ris
167 5192 266 5248 diebus
287 5192 465 5247 abstinentiae
498 5192 601 5248 oblitus
625 5196 668 5247 est
694 5191 775 5247 disci·
826 5192 1028 5248 universalium
1041 5208 1167 5264 perenne
1180 5191 1539 5260 dedimustirmamentum,
1553 5189 1641 5245 scien·

113 5284 155 5340 lili
185 5302 251 5341 vero
277 5303 350 5358 quos
379 5290 429 5340 aut
456 5291 524 5341 atas
552 5288 699 5356 incurvat,
728 5287 778 5341 aut
826 5281 1642 5358 tesquodmultimodasemperDeusoppositiouejudicio·

103 5383 240 5448 extenuat,
263 5386 311 5434 aut
332 5379 484 5436 necessitas
504 5383 605 5451 arctat,
628 5396 685 5434 non
713 5383 778 5437 aute
827 5396 893 5435 rum
908 5396 1050 5436 emmuas
1063 5380 1169 5436 relevat
1183 5394 1383 5452 oppressorum
1390 5396 1399 5448 ;
1413 5381 1442 5434 et
1464 5377 1536 5431 sicut
1559 5373 1642 5429 malis

103 5491 110 5528 ι
137 5473 242 5529 violare
267 5477 452 5547 presumant,
480 5491 566 5546 quarn
593 5491 609 5529 a
634 5471 779 5529 sacerdote
828 5473 1007 5546 exigentibus
1026 5473 1179 5530 hominum
1202 5473 1342 5546 permittit
1361 5469 1488 5527 exerceri
1506 5465 1642 5541 penurias

103 5583 137 5623 un
148 5567 317 5640 percipiant.
828 5567 982 5636 ultionum,
992 5566 1032 5622 ita
1045 5583 1110 5622 cum
1123 5566 1243 5622 voluerit
1261 5564 1427 5638 gravedines
1439 5563 1548 5618 relevat
1560 5575 1643 5632 pres·

103 5659 165 5717 imae
178 5661 368 5717 collocutionis
389 5677 504 5718 assensu
524 5662 649 5718 molestis
673 5660 781 5717 actibus
829 5677 975 5733 surarum3
989 5660 1057 5717 hinc
1071 5664 1100 5717 et
1112 5660 1227 5717 decreta
1239 5656 1463 5733 precedentium
1478 5657 1595 5712 Petrum
1609 5652 1644 5712 ad

103 5769 166 5830 rgax
184 5753 329 5827 indagatio
347 5755 456 5827 pictatis
479 5755 616 5827 obviaret,
643 5754 779 5828 decrevit,
829 5748 1671 5831 consationisjngtnnramcttmsssttsntnrnmasm·
1739 5785 1742 5788 -

167 5853 302 5926 Parnon.
327 5854 436 5920 CXXX.
1036 5904 1039 5910 .
1463 5855 1507 5919 tu
