3870 6150
48 270 82 327 73
670 274 905 332 bucuuratruu
922 274 1115 333 contactio.
1699 268 1733 335 tl

50 382 147 442 seculi
160 379 297 457 acprima
305 381 461 456 judiciaria
472 384 609 455 potestas,
621 384 657 439 ad
672 400 744 456 quos
756 385 805 457 qui
819 400 870 457 per
880 401 909 475 Α
919 387 1042 442 tenenda
1055 385 1229 458 temporibus
1250 383 1401 456 mittimus,
1422 391 1450 442 et
1462 383 1580 459 reliquis
1597 383 1733 446 iratribus

51 476 870 551 reliquasciritatescommorabantur,quandoaisnacesse
919 480 1105 552 predicanda,
1134 496 1167 534 ac
1191 480 1298 536 cunctis
1318 478 1450 537 fidelibus
1477 479 1618 538 tradenda
1646 499 1732 539 man-

51 576 112 627 erat
125 571 327 644 quisdamam
341 571 597 643 imperatorum,ut
606 570 871 645 regumconlugere
920 573 1029 642 damus,
1043 590 1080 630 ne
1093 577 1240 644 pastorum
1253 573 1396 644 imperitia
1411 574 1461 647 qui
1478 578 1637 647 sequuntur
1649 576 1732 632 dete·

51 681 110 721 non
126 668 271 736 poterant
286 665 331 721 vel
342 663 443 735 qulbus
456 663 627 735 permissum
642 680 702 720 non
715 668 787 734 erat,
802 680 870 720 con·
920 667 1011 724 riores
1024 666 1106 736 liant,
1115 666 1228 722 dicente
1237 666 1423 739 Dominoper
1434 667 1604 739 prophetam
1620 685 1627 726 ε
1647 689 1661 719 «
1676 669 1733 742 lpsi

51 758 204 830 fugiebant
225 773 278 830 pro
302 756 532 828 oppressionibus
554 757 630 828 suis,
655 757 701 812 rel
724 757 872 830 injustitiis
920 763 1049 832 pastores
1057 758 1261 832 ignoraverunt
1272 758 1492 830 intelligentiam
1503 760 1578 832 (lsai.
1586 763 1732 834 uv1,ll),»

51 852 119 918 suis,
132 850 272 924 ipsosque
286 849 478 922 appellabant,
499 849 611 922 quoties
628 866 700 922 opus
712 853 784 918 erat,
800 851 872 908 sicut
920 868 990 925 quos
1000 869 1098 908 rursus
1108 852 1244 909 Dominus
1253 851 1421 921 detestatur,
1436 852 1534 909 dicens
1545 871 1552 908 :
1565 875 1580 905 a
1594 856 1629 912 Et
1636 859 1734 914 tancu-

52 945 155 1016 inlege
170 960 272 1000 eorum
287 946 464 1016 praeceptum
477 947 548 1011 erat,
558 941 628 1015 ipsis
640 943 793 1015 quoquain
802 944 869 1000 civi·
920 951 963 1002 tes
981 947 1076 1017 legem
1090 944 1250 1001 nescierunt
1268 961 1317 1000 me
1331 944 1396 1016 (ter.
1411 961 1442 1015 u,
1457 948 1494 1017 8).
1511 967 1525 996 a
1539 947 1645 1003 Nesciri
1663 964 1732 1021 crgo

52 1037 158 1093 latibus
180 1039 226 1093 rel
248 1036 318 1092 locis
336 1036 453 1105 nostris,
473 1035 648 1108 patriarchas
667 1035 712 1092 vel
733 1036 871 1109 primates
921 1038 1023 1095 veritas
1035 1055 1065 1093 sa
1080 1037 1115 1093 ab
1126 1037 1166 1093 eis
1176 1037 1371 1109 conqueritur,
1382 1042 1411 1094 et
1425 1038 1535 1096 nescire
1548 1055 1578 1094 se
1592 1041 1734 1112 principa-

51 1131 100 1204 qui
112 1119 206 1187 unam
215 1131 340 1187 formam
353 1134 462 1200 tenent,
473 1129 541 1185 licet
550 1128 662 1185 diverse
672 1128 731 1185 sint
740 1129 869 1198 nomina,
920 1135 982 1188 tum
995 1131 1184 1188 nescientium
1193 1133 1376 1202 protestatur,
1385 1130 1452 1203 quia
1461 1131 1588 1203 prolecto
1598 1131 1630 1188 hi
1641 1127 1691 1204 qiri
1702 1150 1736 1190 ea

52 1226 131 1296 leges
155 1224 262 1279 diune
283 1226 313 1279 et
332 1221 530 1279 ecclesiasticae
556 1222 624 1294 poni
653 1226 681 1280 et
703 1237 764 1278 esse
783 1222 871 1295 jussae
921 1240 986 1297 qua
1003 1228 1068 1280 sunt
1088 1223 1205 1280 Domini
1218 1223 1356 1293 nesciunt,
1378 1224 1535 1281 aDomino
1558 1224 1735 1294 nesciuntur,

52 1315 401 1389 suntadquosepiscopi,
409 1315 433 1371 si
440 1330 556 1372 necesse
566 1314 663 1382 luerit,
672 1315 870 1389 confugerent,
919 1318 1007 1374 Paulo
1023 1320 1185 1385 attestante,
1203 1316 1253 1389 qui
1273 1316 1332 1373 ait:
1350 1317 1410 1373 «Si
1431 1317 1495 1389 quis
1516 1318 1639 1390 ignorat,
1654 1318 1737 1391 igno·

52 1425 161 1482 eosque
178 1407 371 1481 appellarent,
385 1412 414 1464 et
426 1407 481 1480 ipsi
493 1406 652 1480 primatum
663 1407 782 1466 nomine
795 1409 870 1464 bue-
921 1407 1030 1464 rabitur
1044 1406 1069 1478 (l
1087 1405 1148 1463 cor.
1173 1421 1229 1474 ιιι,
1253 1405 1297 1476 38)
1311 1423 1348 1462 ι»
1374 1405 1442 1463 hinc
1464 1410 1493 1463 et
1509 1407 1659 1464 Psalmistu
1678 1425 1736 1465 non

52 1506 165 1569 matur,
186 1504 217 1557 et
239 1517 298 1557 non
324 1499 383 1556 alii.
402 1500 530 1573 Reliqua
552 1517 620 1558 vero
643 1501 872 1573 monopolitana
921 1498 1165 1572 optantisanimo,
1181 1499 1232 1554 sed
1252 1499 1448 1570 prophetantis
1462 1501 1609 1573 mysterio,
1624 1502 1736 1559 denun-

52 1595 194 1663 ciritates,
212 1610 278 1666 quea
295 1593 421 1649 minores
437 1592 549 1664 judicas
562 1593 718 1662 habebant,
732 1594 800 1650 licet
812 1610 872 1650 ma·
921 1593 983 1663 tiat,
995 1592 1092 1652 dicens
1103 1609 1110 1648 ε
1123 1591 1338 1653 «Obscurentur
1348 1592 1569 1652 oculieorumne
1578 1594 1739 1665 rideant,et

49 1690 126 1760 joras
159 1687 313 1743 comitibus
338 1688 441 1756 essent,
470 1685 613 1744 baberent
635 1687 872 1759 metropolitanos
922 1686 1041 1744 dorsum
1059 1701 1162 1743 eorum
1176 1701 1293 1758 semper
1305 1685 1423 1742 incurva
1443 1687 1526 1759 (Ptol.
1540 1690 1707 1759 mv111,2tt;
1721 1710 1736 1738 a

54 1779 347 1854 mos,qnipradictis
357 1779 434 1850 justa
446 1778 597 1835 obedirent
607 1779 786 1851 primatibus,
800 1762 910 1837 sicutB
921 1778 1078 1836 obscuratis
1096 1795 1167 1851 ergo
1185 1778 1283 1846 oculis,
1308 1778 1426 1835 dorsum
1445 1779 1578 1849 flectitur,
1592 1781 1737 1854 ‚quoniam

53 1875 82 1929 in
92 1873 210 1946 legibus
223 1871 318 1928 saeculi
332 1871 401 1927 olim
415 1872 580 1928 ordinatum
595 1878 667 1943 erat,
680 1872 730 1945 qui
742 1890 799 1928 non
814 1873 872 1945 pri·
922 1889 988 1929 cum
996 1874 1096 1928 lumen
1102 1871 1228 1927 scientiae
1235 1872 1361 1942 perdunt
1372 1871 1421 1944 qui
1429 1879 1571 1945 preeunt,
1581 1875 1737 1932 sinedubio

54 1969 178 2034 matum,
196 1966 248 2022 sed
268 1968 320 2021 aut
337 1964 638 2037 metropolitanorum,
663 1972 713 2021 aut
730 1966 872 2039 archiepi-
921 1966 958 2021 ad
970 1965 1110 2038 portanda
1127 1968 1308 2036 peccatorum
1325 1980 1413 2019 onera
1426 1965 1599 2023 inclinantur
1613 1983 1737 2039 sequen·

54 2075 209 2132 scoporum
229 2058 347 2114 nomine
360 2057 539 2128 fruerentur3
555 2061 584 2113 et
598 2059 665 2114 licet
679 2058 799 2130 singulae
815 2075 874 2115 me·
921 2063 973 2114 tas.
1000 2058 1050 2113 llic
1073 2072 1142 2129 ergo
1171 2056 1248 2112 iuter
1274 2072 1378 2112 manus
1402 2057 1560 2127 latronum,
1586 2061 1615 2115 et
1638 2059 1738 2116 dentes

56 2151 186 2225 tropoles
203 2151 329 2208 unates
347 2166 414 2206 suas
431 2151 592 2223 provincias
613 2151 749 2221 habeant,
766 2154 795 2207 et
809 2169 873 2207 suos
922 2150 1081 2207 iurantium
1095 2151 1227 2222 luporum
1238 2153 1383 2221 utcunque
1393 2152 1624 2207 versamur.ldco
1635 2152 1739 2209 docere

54 2243 293 2317 metropolitanos
309 2243 420 2315 judices
440 2243 547 2301 habere
570 2244 696 2301 debeant
717 2245 873 2317 episcopos,
923 2244 994 2300 alios
1007 2248 1036 2299 et
1047 2243 1186 2313 nosipsos,
1202 2244 1291 2315 prout
1303 2242 1440 2299 Dominus
1454 2243 1575 2313 dederit,
1589 2245 1739 2316 providere

54 2337 220 2410 sientprius
232 2337 873 2408 metropolitanosjudiceshabebantsracula·
922 2337 1070 2394 debemus.
1093 2335 1166 2392 Sane
1190 2351 1340 2407 percussor
1362 2335 1411 2394 ille
1433 2335 1536 2393 dicitur
1556 2336 1668 2406 doctor,
1690 2337 1739 2411 qui

55 2448 104 2502 res,
114 2431 260 2505 primates
269 2430 672 2502 tamon,utproeDxumest,et
682 2433 874 2490 tuncetnunc
923 2445 1056 2486 sermone
1070 2427 1166 2486 inutili
1183 2427 1389 2484 conscientiam
1409 2429 1531 2499 percutit
1546 2428 1738 2487 intirmorum.

56 2525 259 2596 baberejussae
271 2526 347 2591 sunt,
361 2521 398 2579 ad
410 2539 483 2596 quos
500 2528 565 2595 post
577 2523 675 2580 sedem
687 2525 874 2596 apostolicam
922 2522 987 2579 ldeo
1008 2525 1105 2578 tenue
1126 2537 1176 2577 vos
1197 2524 1227 2576 et
1247 2535 1348 2576 omnes
1360 2520 1460 2576 lldales
1472 2525 1587 2594 oportet
1604 2539 1671 2579 eum
1690 2523 1739 2595 qui

56 2635 169 2674 mmma
189 2617 307 2689 negotia
323 2616 503 2685 conveniant,
523 2619 555 2672 ut
569 2599 676 2673 ibidem
695 2616 798 2688 quibus
820 2634 873 2672 ne·
922 2614 1079 2671 secundum
1094 2613 1253 2670 doclrinam
1267 2616 1310 2668 est
1322 2612 1438 2669 ildelcm
1451 2630 1627 2682 sermonem,
1640 2618 1672 2670 ut
1685 2632 1738 2688 po-

57 2727 130 2767 tesse
157 2709 257 2779 luerit,
281 2711 455 2777 releventur,
479 2713 508 2765 et
527 2709 605 2781 juste
630 2708 824 2777 restituantur,
846 2711 875 2765 et
923 2712 987 2764 tens
1007 2707 1045 2761 sit
1062 2706 1205 2763 consolari
1224 2704 1354 2761 doctrina
1370 2710 1478 2776 sancta,
1503 2710 1531 2762 et
1546 2708 1740 2764 contradicen-

58 2803 161 2876 biqui
194 2802 302 2874 injuste
333 2801 545 2874 opprimuntur,
570 2802 646 2874 juste
679 2803 876 2859 reformentur
924 2804 966 2856 tes
980 2800 1165 2871 redarguere,
1179 2803 1208 2856 ct
1217 2803 1294 2855 recte
1307 2800 1432 2856 viventes
1442 2802 1528 2873 atque
1536 2803 1642 2857 rectam
1652 2801 1739 2857 fidem

60 2895 316 2968 atquefulciantur,
327 2894 582 2968 episcoporumque
593 2911 695 2965 cauare,
706 2899 735 2950 st
743 2912 874 2951 summo·
923 2897 1054 2950 tenentes
1063 2892 1251 2949 consolidare.
1261 2893 1318 2950 lllis
1327 2909 1396 2966 ergo
1404 2892 1453 2965 qni
1463 2893 1740 2967 dicuntquodFilius

61 3005 118 3044 rum
138 2988 327 3060 negotiorum
348 2987 459 3059 judicia
486 2987 579 3064 (sura
606 2989 770 3061 apostolicae
794 2988 875 3044 Sedis
923 2987 954 3042 in
973 3004 1008 3043 eo
1026 2986 1122 3043 minor
1146 2991 1207 3056 est,
1232 2987 1300 3057 quia
1325 2987 1466 3059 propbeta
1484 2987 1593 3059 iuquit,
1618 2988 1739 3044 verbum

61 3081 233 3159 maturitate)
251 3080 410 3152 justissime
427 3081 632 3137 terminentur.
658 3083 722 3137 llaec
743 3080 779 3136 ab
800 3081 873 3136 anti·
884 3124 912 3200 C
923 3080 1007 3136 faciet
1016 3079 1152 3135 Dominus
1161 3079 1320 3136 breviatum
1333 3080 1465 3136 uniuerso
1479 3080 1554 3151 orbi,
1570 3080 1610 3137 ita
1622 3097 1739 3154 respou-

64 3175 129 3246 quis,
141 3175 207 3230 brec
219 3173 255 3228 ab
269 3173 413 3247 apostolis,
429 3173 491 3228 bmc
505 3189 522 3228 a
535 3173 639 3229 sanctis
653 3174 780 3245 patribus
792 3191 873 3230 acce·
924 3173 1052 3230 dandum
1064 3177 1107 3230 est
1119 3172 1223 3229 divinis
1234 3172 1414 3230 testimoniis.

65 3267 159 3338 pinus,
174 3266 314 3338 vobisque
330 3269 371 3336 (ut
388 3266 558 3339 postulastis)
576 3267 708 3323 rimanda
726 3270 757 3322 et
772 3267 874 3323 tuturis

101 3566 156 3635 DE
181 3565 420 3656 EPISCOPIS,
445 3568 500 3637 ET
523 3568 789 3655 PRIMATIBUS
811 3569 867 3639 ET
889 3567 1181 3638 PATRlARClIIS
1209 3567 1449 3652 EORUMQUE
1476 3567 1695 3639 MINISTRIS

94 3739 216 3795 Verbum
237 3738 398 3795 breviatum
418 3741 496 3813 quod
517 3742 654 3798 Dominus
681 3742 768 3798 faciet
789 3757 875 3815 super
924 3757 984 3796 esse
1000 3741 1161 3809 doceretur,
1177 3739 1284 3806 intulit,
1304 3739 1401 3795 dicens
1416 3756 1423 3795 :
1441 3758 1455 3792 u
1476 3740 1588 3796 Paravit
1601 3740 1739 3796 Dominus

67 3835 161 3888 terram
176 3848 237 3888 nou
250 3831 443 3888 minutionem
458 3834 570 3890 deitatis
585 3834 615 3890 in
633 3835 704 3892 Filio
720 3836 770 3892 Dei
783 3835 873 3908 signi·
923 3833 1073 3889 brachium
1086 3834 1215 3888 sanctum
1221 3848 1306 3888 suum
1312 3832 1343 3887 in
1351 3832 1439 3887 oculis
1451 3832 1584 3889 omnium
1596 3833 1738 3905 gentium,

66 3922 129 3993 licat,
139 3924 193 3980 sed
201 3924 444 3996 dispensationem
456 3931 593 3999 susceptas
601 3927 871 3995 camisauuuntiat;
924 3926 1101 3983 elviDebunt
1119 3942 1221 3981 omues
1240 3925 1311 3981 Dnes
1328 3928 1413 3980 torrae
1435 3925 1559 3980 salutare
1580 3925 1641 3996 ejus
1659 3924 1738 3996 (lsai.

64 4015 182 4090 iuquali
201 4017 415 4089 dispensatione
437 4036 498 4075 non
523 4020 618 4076 solum
640 4024 720 4092 patre
747 4020 874 4078 hominis
924 4037 971 4089 ιιι,
988 4020 1043 4091 to).
1059 4040 1074 4070 »
1091 4019 1163 4074 Nam
1176 4018 1245 4075 etin
1261 4016 1415 4073 novissimo
1427 4020 1559 4089 tempore
1576 4016 1623 4073 bic
1637 4033 1737 4073 sensus

64 4109 216 4178 ilium,sed
226 4110 315 4166 etiam
323 4111 432 4184 angelis
439 4113 575 4184 legimus,
587 4113 773 4183 minoratum,
786 4115 874 4171 Paulo
923 4129 983 4170 non
1004 4111 1130 4168 inaniter
1148 4110 1253 4183 poterit
1269 4111 1406 4184 coaptari,
1425 4111 1455 4166 iu
1471 4127 1527 4184 quo
1543 4115 1673 4183 tempore
1688 4113 1740 4167 Do·

61 4206 210 4259 attestante
231 4204 368 4275 apostolo.
392 4206 462 4260 Eum
488 4211 602 4275 aulem,
631 4207 734 4279 inquit,
762 4208 874 4265 modice
923 4207 1020 4262 minus
1036 4222 1070 4261 cx
1091 4205 1199 4261 coelesti
1219 4206 1286 4260 aula
1305 4221 1337 4260 ac
1358 4204 1487 4276 empireo
1506 4204 1652 4261 domicilio
1671 4221 1745 4277 pes·.

61 4297 150 4351 minus
162 4296 202 4352 ab
220 4297 332 4368 angelis
345 4297 523 4354 minoratum
542 4299 664 4355 vidimus
680 4302 787 4372 lesum,
805 4318 872 4373 pro-
924 4300 989 4355 simi
1010 4299 1150 4354 demonis
1164 4298 1227 4370 jam
1248 4299 1324 4354 ferre
1343 4298 1501 4370 dedignans
1514 4298 1695 4370 tyrannidem
1709 4299 1740 4355 in

61 4389 294 4460 pterpassionem
306 4390 513 4463 mortisgloria
528 4394 557 4447 et
570 4393 682 4450 honore
695 4399 871 4450 coronatum.
923 4395 1065 4448 creaturas
1095 4407 1161 4447 suas
1188 4389 1385 4447 crudelissime
1413 4390 1579 4447 saerientem
1609 4391 1740 4462 plasmati

61 4480 90 4534 Bt
107 4481 185 4536 inira
205 4497 214 4535 ι
232 4483 351 4554 Propter
368 4499 456 4555 quam
475 4500 593 4540 causam
610 4502 669 4542 non
691 4486 875 4542 confunditur
923 4485 1089 4552 condolens,
1108 4500 1141 4539 ac
1161 4500 1219 4540 suu
1234 4484 1385 4539 immensae
1404 4483 1549 4539 charitatis
1568 4483 1738 4539 messurum

59 4571 159 4628 iratres
180 4589 231 4629 eos
252 4590 365 4643 vocam,
388 4575 484 4632 dicens
507 4593 514 4632 :
538 4578 749 4635 annuntiabo«
768 4595 874 4635 nomen
923 4593 1051 4634 reserare
1064 4577 1170 4649 rolens,
1183 4577 1213 4632 in
1234 4576 1399 4632 castissimos
1418 4576 1538 4648 virginis
1553 4575 1739 4648 purissimum

61 4667 138 4721 lu·
157 4666 294 4723 fratribus
317 4667 405 4738 meis,
429 4668 459 4724 in
480 4670 575 4726 medio
595 4671 727 4728 Ecclesia
749 4672 874 4728 laudabo
924 4675 1038 4726 uterum
1060 4670 1155 4726 omnis
1182 4669 1239 4724 lori
1265 4668 1354 4724 virilis
1390 4668 1518 4724 nescium
1554 4668 1740 4725 inenerrabili

60 4760 352 4829 tetPsol.1x1,23)‚o
369 4765 399 4816 et
413 4762 554 4834 propheta
569 4763 681 4836 inquit:
702 4785 716 4815 α
730 4765 874 4820 Minorasti
924 4763 1070 4836 mysterio,
1096 4779 1148 4835 pro
1172 4762 1372 4834 redemptione
1399 4764 1495 4816 nostra
1518 4777 1635 4818 carnem
1652 4763 1741 4818 susci·

60 4864 123 4905 eum
136 4852 225 4922 paulo
238 4852 381 4909 minusab
395 4855 515 4927 angelis,
531 4855 623 4926 gloria
636 4859 665 4912 et
679 4857 874 4933 honorecorp-
923 4856 1005 4928 piens
1034 4856 1169 4925 advenit,
1202 4857 1234 4910 ut
1264 4858 1292 4911 el
1314 4855 1395 4910 illum
1421 4855 1470 4927 qui
1492 4855 1617 4911 habebat
1639 4858 1741 4913 mortis

62 4944 130 4998 uasti
145 4960 215 4999 eum
233 4946 324 5013 (Hebr.
344 4962 374 5016 u,
395 4949 462 5018 7),»
485 4951 514 5004 et
528 4952 561 5004 ut
579 4949 699 5005 verbum
715 4950 765 5006 Dei
783 4950 874 5006 Patris
924 4949 1078 5021 imperium
1113 4965 1164 5005 sua
1199 4952 1291 5004 morte
1325 4947 1505 5019 destrueret,
1536 4952 1566 5004 et
1593 4964 1642 5005 eos
1669 4967 1740 5022 quos

62 5034 218 5092 breviatum
239 5038 270 5093 iu
287 5038 356 5094 Filio
373 5055 432 5095 uon
450 5056 511 5096 esse
527 5041 691 5109 doceamus,
708 5042 784 5098 hanc
797 5018 914 5100 lsaireD
925 5041 956 5096 in
965 5041 1092 5098 tenebris
1104 5041 1242 5098 etumbra
1255 5041 1357 5097 mortis
1369 5041 1495 5113 captivos
1508 5041 1671 5114 subegerat,
1682 5044 1739 5098 vir-

64 5129 876 5207 propbetaerolumineapprobamussententiam.Nunquid
924 5135 994 5190 tutis
1006 5151 1064 5190 suos
1076 5135 1213 5207 potentia,
1228 5135 1258 5189 iu
1268 5135 1330 5206 ipso
1340 5150 1429 5207 parvo
1439 5137 1469 5189 et
1481 5133 1584 5205 exiguo
1600 5136 1738 5207 temporis

64 5218 241 5277 abbreviatus
256 5222 347 5279 lactus
360 5227 404 5280 est
419 5240 513 5280 sermo
534 5242 627 5296 meus,
641 5233 691 5283 aut
702 5227 743 5282 ita
760 5244 873 5299 paruus,
924 5228 1026 5298 spatio,
1035 5227 1178 5283 liberaret.
1189 5227 1387 5283 Dehocetiam
1396 5227 1500 5299 exiguo
1510 5231 1642 5300 tempore
1654 5228 1738 5282 disci-

66 5317 93 5367 rt
104 5329 162 5369 non
173 5314 286 5387 possim
300 5314 452 5388 redimere,
463 5322 580 5375 autnon
591 5323 635 5375 est
643 5319 674 5374 in
683 5336 732 5375 me
742 5319 829 5376 uirtus
839 5320 875 5377 ad
922 5322 1005 5392 pulos
1014 5320 1181 5389 instruebat,
1193 5320 1262 5376 dum
1273 5335 1322 5375 eos
1332 5319 1361 5375 in
1371 5320 1466 5376 lucem
1477 5322 1550 5392 (cum
1561 5321 1655 5376 adhuc
1666 5324 1738 5375 tem·

65 5402 254 5478 liberandum,
267 5407 335 5465 dicit
347 5410 482 5466 Dominus
497 5411 686 5483 omnipotens,
705 5417 735 5468 et
749 5413 872 5469 itemm:
923 5429 976 5484 pus
988 5413 1135 5485 haberent)
1144 5413 1279 5469 incedere
1288 5413 1497 5485 premonebat.
1509 5433 1523 5465 ι
1533 5412 1617 5469 Pueri
1626 5410 1736 5482 (inquit)

67 5496 206 5555 lloedicit
226 5501 364 5556 Dominus
384 5503 566 5576 omnipotens
586 5522 594 5560 ε
615 5504 749 5577 Nunquid
770 5505 873 5562 abbre-
923 5505 1322 5577 novissimaboraestllloou.
1335 5502 1736 5578 u),s«dumlucembabelis,

68 5588 136 5646 usa
146 5595 193 5648 est
210 5609 317 5649 manus
333 5610 409 5666 mea,
430 5598 464 5652 ut
475 5597 585 5652 salvme
601 5613 661 5653 non
675 5597 804 5668 possim?
818 5601 875 5656 Aut
922 5599 1067 5655 ambulate
1079 5598 1223 5668 inlucem,
1237 5615 1274 5656 ne
1288 5615 1337 5655 vos
1351 5599 1480 5655 tenebrae
1489 5595 1740 5666 comprehendant

69 5696 119 5738 non
127 5688 223 5756 potest
235 5686 379 5744 vivificare
391 5704 440 5743 cor
453 5688 605 5745 humilium
618 5694 648 5745 el
659 5689 792 5761 spiritum
806 5707 873 5747 con·
925 5692 1009 5760 (loon.
1025 5709 1075 5762 ιιι,
1091 5693 1145 5758 35).
1161 5711 1177 5747 s
1191 5694 1225 5749 Et
1239 5693 1270 5748 in
1290 5691 1432 5748 canonicis
1444 5688 1646 5760 apostolorum
1662 5690 1737 5763 legi·

71 5775 537 5839 uorumtututbraebiumrauis
545 5783 873 5855 quamanusostFilium
923 5789 971 5841 tur
984 5785 1132 5858 epistolis:
1149 5785 1250 5853 l'ilioli,
1265 5782 1419 5841 novissima
1433 5782 1503 5838 bora
1514 5785 1567 5854 est,
1577 5782 1647 5856 qrria
1656 5784 1738 5841 multi
