3870 6150
611 244 853 306 DECRETdLlUll
872 248 1066 307 comancio.
1635 246 1688 305 til

103 349 268 405 idvertimus
282 356 411 408 nontam
425 352 812 429 percivitatis'magnisrcen-
825 366 853 441 Α
864 357 910 411 Ad
922 357 1043 412 Atticam
1065 360 1137 413 iicrae
1154 357 1315 427 episcopum,
1332 355 1364 413 cle
1386 360 1480 413 sancto
1500 356 1602 414 dodana
1617 358 1685 417 Con·

103 459 140 499 oc
154 444 232 499 idem
245 445 426 513 attributum,
436 464 521 518 quam
537 450 613 520 quod
628 451 721 522 prima
732 452 818 523 primi
1080 430 1320 499 ⁸w⁷¹¹i²¹⁰P⁰Ii²W⁰
1339 431 1469 500 ⁶Pf⁸⁶⁰W

103 536 119 591 li
135 538 216 592 sedes
228 555 288 592 esse
303 546 488 607 monstratur,
505 542 553 596 ubi
575 548 603 598 et
617 560 725 599 nomen
738 562 816 601 acce·
903 543 1073 616 aggaudere
1084 543 1186 598 litteris
1200 544 1409 600 fraternitatem
1423 547 1502 600 tuam
1517 545 1552 601 de
1566 544 1686 616 receptis

102 630 157 702 igio
179 631 336 687 Christiana
351 636 379 686 et
399 651 462 705 quae
484 642 656 691 conventum
675 639 815 709 apostolo·
866 637 1038 705 Paulini,vel
1052 638 1684 710 Evagriiepiscopommclericispopulisque,

105 724 164 797 pud
183 741 212 779 se
229 725 289 779 lieri
314 726 533 783 celeberrimum
558 731 672 797 meruit,
695 747 817 804 quaeque
867 730 939 786 etde
952 731 1088 786 restitutis
1110 731 1228 802 Helpido
1243 735 1329 803 atquc
1344 734 1420 803 Papo
1432 732 1607 804 coepiscopis
1618 748 1683 804 per-

103 823 186 875 tomce
199 819 258 875 sedi
272 835 328 874 non
339 821 461 887 cederet,
472 822 527 876 uisi
542 823 618 894 quod
632 824 718 879 illain
729 830 818 881 trans-
867 823 1038 893 censuimus,
1060 828 1088 879 et
1106 825 1227 880 velsero
1249 829 1373 896 receptas
1395 826 1473 898 pacis
1496 825 1616 897 gratiam
1642 842 1685 881 re·

103 913 177 982 ruit3
201 913 256 968 ista
268 918 399 986 suscepto
420 915 497 987 apud
518 933 547 970 se
563 921 816 993 consummatoque
866 917 962 972 lovere
979 909 1133 990 postposita
1158 918 1236 973 omni
1261 919 1474 990 contemptione
1500 919 1684 991 pervidimus.

103 1010 149 1063 et.
167 1009 264 1080 ltaque
288 1008 471 1078 arbitramur,
492 1009 581 1064 irater
593 1011 767 1080 charissime,
784 1019 816 1069 ut
865 1011 947 1065 Unde
970 1010 1022 1067 bas
1034 1012 1071 1067 ad
1091 1012 1361 1083 praestantissimum
1382 1013 1512 1081 tratrem,
1537 1016 1565 1066 et
1578 1012 1685 1083 coepis-

103 1101 323 1172 netropolitanos
344 1102 512 1156 auctoritate
528 1103 641 1158 ordinas
665 1104 813 1177 singulari,
865 1109 1108 1175 copumnostrum
1116 1105 1683 1162 Alexandrumreddendastuaetransmi·

111 1199 227 1249 caeteros
256 1210 314 1249 non
336 1194 397 1249 siue
421 1195 562 1266 permissu
587 1197 814 1271 conscientiaque
865 1198 953 1252 simus
967 1198 1346 1269 unanimitati,ridelicet,ut
1359 1199 1381 1254 si
1396 1216 1497 1255 omnes
1513 1198 1683 1268 inimicitiae,

103 1303 136 1342 as
158 1288 303 1359 episcopos
316 1289 466 1359 procreari.
490 1292 521 1344 ln
537 1290 639 1360 quibus
653 1291 728 1347 bunc
752 1310 813 1348 mo·
864 1291 957 1345 omnis
969 1292 1120 1362 aemulatio,
1145 1297 1202 1347 tam
1223 1292 1258 1348 de
1273 1292 1390 1349 nomine
1402 1292 1489 1348 saneti
1508 1292 1627 1348 loannis
1639 1292 1685 1347 lli·
1723 1341 1729 1350 ,

103 1383 156 1436 acte
179 1382 311 1450 servabis,
327 1385 360 1437 ut
381 1382 468 1452 longe
491 1383 598 1454 positos
617 1384 717 1440 litteris
741 1387 814 1442 datis
864 1383 946 1438 randi
958 1384 1095 1456 episcopi,
1111 1402 1197 1456 quam
1215 1385 1250 1440 de
1268 1385 1401 1441 omnibus
1416 1386 1544 1456 ejusdem
1558 1401 1684 1440 commu·

103 1474 123 1530 ri
149 1490 262 1529 censeas
275 1475 310 1529 ab
333 1476 377 1531 his
401 1475 451 1547 qui
476 1492 551 1531 nunc
567 1493 615 1532 eos
634 1495 684 1533 suo
699 1482 813 1538 tanturn
864 1477 958 1532 nionis
977 1478 1161 1551 participibus
1183 1496 1199 1533 a
1221 1485 1272 1534 tua
1284 1480 1464 1535 animositate
1480 1479 1618 1546 discessit,
1634 1478 1685 1533 has

103 1570 130 1625 st
153 1569 304 1637 arbitratu,
329 1570 436 1625 vicinos
461 1574 557 1625 autem
582 1571 605 1625 si
634 1572 759 1628 aestimas
778 1574 813 1629 ad
863 1576 967 1626 nostrae
979 1570 1121 1627 societatis
1133 1572 1253 1643 recipias
1265 1573 1382 1639 litteras,
1400 1573 1488 1627 irater
1506 1572 1683 1641 charissime,

118 1662 330 1734 impositionem
342 1668 399 1719 tuae
416 1664 514 1735 gratias
535 1669 640 1720 statuas
654 1667 812 1739 pervenire.
863 1664 949 1719 modo
971 1669 1002 1720 ut
1015 1665 1121 1733 omnia,
1137 1681 1202 1738 quae
1223 1665 1266 1720 his
1284 1665 1352 1720 actis
1372 1666 1486 1721 firmata
1505 1669 1582 1732 sunt,
1605 1666 1683 1739 apud

103 1771 125 1810 n
140 1755 217 1811 enim
237 1759 264 1811 te
284 1757 408 1811 maxima
423 1761 566 1830 exspectat
588 1776 655 1814 cura
672 1761 813 1833 precipue
824 1732 851 1805 Β
863 1757 1047 1813 mediatorem
1061 1764 1191 1813 nostrum
1202 1759 1355 1815 amabilem
1363 1758 1553 1816 Alexandrum
1564 1775 1684 1829 orepro-

103 1848 194 1905 lebant
207 1851 313 1904 mereri
325 1851 478 1921 judicium.
862 1851 935 1923 prio,
948 1853 981 1905 ut
993 1852 1265 1920 communicantem,
1276 1853 1417 1920 convenit,
1426 1852 1550 1921 iatearis;
1561 1856 1591 1906 ut
1603 1851 1682 1906 enim

103 1943 161 1997 tam
181 1943 258 2014 quod
278 1944 427 2001 sciscitaris
448 1952 543 2001 utrum
558 1947 652 2003 divisis
672 1949 813 2022 imperiali
863 1944 947 1999 nobis
961 1945 1023 2000 haic
1034 1945 1230 2001 unanimitatis
1251 1945 1453 2017 charitatisque
1466 1962 1550 2000 causa
1561 1960 1681 2000 venera·

120 2037 283 2109 provinciis,
302 2043 332 2092 nt
348 2039 412 2093 dnae
434 2043 608 2113 metropoles
620 2042 698 2112 fiant,
722 2043 744 2099 si
757 2044 813 2100 duo
862 2037 927 2093 bilis
949 2043 1001 2108 est,
1021 2039 1060 2094 sic
1081 2038 1204 2095 inbmrct
1227 2039 1355 2107 sollicita,
1382 2038 1500 2112 nequid
1522 2038 1680 2110 obliquum,

103 2130 205 2187 olitani
225 2132 350 2203 episcopi
366 2132 472 2188 debent
496 2136 647 2206 nominari,
669 2153 726 2193 non
748 2154 813 2194 vere
862 2136 912 2186 aul
936 2132 1102 2189 succisivum
1124 2149 1183 2189 esse
1207 2132 1238 2189 in
1263 2150 1408 2209 quoquam
1424 2133 1549 2190 residere
1572 2149 1680 2205 cogno·

107 2223 198 2279 estad
222 2224 411 2279 mobilitatem
431 2227 632 2283 necessitatum
655 2231 814 2290 mundana·
862 2230 964 2282 statur·

103 2317 290 2372 aiEcclesiam
312 2319 490 2389 commutari,
507 2321 685 2394 honoresque
705 2328 756 2379 aut
769 2324 811 2380 di-

103 2425 114 2464 s
134 2410 256 2482 perpeti,
273 2427 342 2481 quas
359 2428 412 2482 pro
427 2413 483 2467 suis
496 2414 586 2468 causis
601 2415 739 2471 iaciendis
757 2417 810 2472 du-

103 2508 244 2576 nperator.
260 2506 335 2576 Ergo
349 2507 507 2561 secundum
527 2507 677 2582 pristinum
694 2511 810 2581 provin-

897 2346 963 2398 ltem
976 2344 1091 2415 epistota
1104 2347 1253 2400 innocentii
1261 2360 1343 2428 papa
1359 2344 1397 2399 ccl
1408 2345 1584 2400 Laurentium
1596 2346 1646 2414 sn·

1129 2430 1244 2470 mensem
1262 2431 1413 2486 episcopum

899 2510 923 2560 l.
939 2508 976 2561 lle
992 2507 1153 2562 Bonosiacis
1166 2508 1241 2579 quod
1255 2508 1360 2564 ludaeis
1378 2507 1435 2563 sint
1448 2509 1642 2580 comparandi.

122 2614 233 2654 morem
255 2600 486 2670 metropolitanos
509 2602 657 2674 episcopos
682 2604 813 2660 convenit
896 2602 923 2655 2.
950 2600 988 2655 lle
1011 2600 1195 2672 suscipiendis
1222 2601 1329 2657 clericis
1351 2619 1421 2673 quos
1446 2604 1573 2657 Bonosus
1597 2606 1678 2659 ante·

103 2691 147 2749 tn'.
162 2693 281 2765 Cyprios
295 2710 361 2749 sane
385 2694 486 2749 asseris
500 2695 568 2750 olim
583 2695 694 2751 Asinum
708 2698 809 2770 impie.
862 2708 948 2764 quam
962 2691 1148 2749 damnaretur
1162 2694 1306 2750 ordinasse
1324 2694 1517 2767 cognoscitur.

103 2786 200 2841 »tentia
219 2787 351 2858 fatigatos
371 2804 429 2843 non
442 2788 566 2844 tenuisse
586 2789 713 2845 Nicanos
729 2809 812 2848 cano·
896 2789 960 2841 CAP·
974 2789 996 2843 l·
1013 2788 1193 2842 {aducamus
1213 2787 1380 2856 turnino,
1394 2787 1525 2859 episcopo
1537 2787 1678 2860 Symensi.

114 2879 280 2961 ordinandis
301 2881 353 2936 sibi
377 2882 535 2954 episcopos,
564 2888 592 2938 et
607 2901 695 2956 usque
718 2886 811 2943 adhue
861 2880 915 2936 Diu
928 2880 1023 2935 mirati
1036 2897 1134 2935 sumus
1147 2880 1305 2936 dilectionis
1319 2885 1374 2936 tuae
1389 2880 1491 2936 litteris
1503 2881 1680 2937 lectishaere·

123 2979 341 3045 presumptum,
368 2981 400 3030 ut
431 2992 481 3029 suo
509 2976 647 3031 arbitratu
678 2979 811 3036 ordinent
859 2973 929 3030 ticos
942 2974 1053 3043 Fotoni,
1067 2990 1175 3028 venena
1190 2978 1339 3044 sectantes,
1354 2975 1384 3029 in
1396 2976 1538 3031 territorio
1551 2975 1679 3031 dilectio-

103 3081 139 3120 am
160 3067 352 3122 consulentes.
376 3070 512 3133 Quocirca
534 3071 738 3140 persuademus
759 3073 808 3144 eis,
859 3066 904 3121 nis
918 3069 973 3122 tuce
989 3083 1047 3121 non
1063 3067 1156 3122 solum
1176 3084 1248 3134 essa,
1264 3068 1313 3122 scd
1330 3068 1440 3139 publice
1464 3068 1517 3123 sibi
1534 3069 1679 3124 conventi-

103 3161 231 3231 entjuxta
255 3178 394 3218 canonum
411 3163 495 3217 fidem
511 3163 677 3219 catholicam
699 3183 809 3239 sapere,
861 3160 924 3214 cula
945 3159 976 3215 in
991 3161 1152 3232 aliquorum
1174 3161 1398 3232 possessionibus
1415 3179 1587 3234 praeparare,
1611 3178 1679 3217 curn

103 3269 184 3309 anum
200 3270 264 3310 cum
288 3257 397 3310 catoris
412 3256 517 3311 sentire
535 3258 699 3331 provinciis,
722 3265 754 3315 ut
766 3276 812 3331 ap·
861 3253 895 3307 de
911 3257 969 3308 toto
982 3270 1055 3324 pene
1077 3254 1144 3308 orbe
1157 3270 1298 3324 nusquam
1318 3258 1377 3309 tam
1392 3255 1476 3309 multi
1497 3270 1585 3324 quam
1603 3256 1680 3325 apud

109 3349 197 3402 sancti
218 3348 337 3419 Spiritus
354 3351 458 3420 gratia,
477 3352 554 3424 ipsos
575 3369 688 3425 quoqne
702 3356 732 3408 ut
745 3370 809 3409 om.
860 3362 911 3401 ros
928 3346 1088 3419 delegerint
1110 3347 1248 3402 habitare.
1272 3348 1398 3411 Quorum
1411 3347 1549 3402 doctrina
1562 3347 1678 3401 nefarias

103 3438 190 3495 :lesias
201 3442 366 3511 gubernari.
860 3445 969 3510 auctor,
993 3441 1099 3496 ldarcus
1114 3439 1224 3494 dudum
1249 3440 1285 3495 de
1299 3440 1368 3495 urhe
1396 3440 1493 3511 pulsus
1510 3439 1678 3496 temeritatis

103 3532 214 3590 arianos
235 3538 372 3615 praeterea
394 3541 565 3610 caeterosque
584 3539 694 3595 homini
716 3547 812 3612 pestes
860 3537 939 3589 tanta
957 3533 1057 3589 ductus
1072 3539 1115 3588 est
1133 3533 1260 3599 audacia,
1281 3540 1312 3588 ut
1326 3533 1450 3605 primum
1473 3532 1524 3587 sibi
1539 3533 1615 3588 inter
1628 3550 1677 3589 eos

103 3643 153 3681 um
171 3627 258 3682 laicus
278 3646 429 3686 conserens
442 3632 476 3686 nd
500 3633 652 3688 nominum
672 3635 724 3689 suh
742 3635 810 3690 ima.
860 3625 983 3681 vindicet
1005 3626 1109 3681 locum.
1133 3626 1188 3682 Sed
1208 3643 1245 3680 ne
1271 3625 1389 3681 ulterius
1412 3625 1604 3681 debacchandi
1629 3627 1677 3681 ha-

103 3721 253 3777 enitentia
276 3740 308 3778 ac
329 3725 418 3779 sancti
443 3726 562 3797 Spiritus
584 3727 809 3784 sanctificatione
859 3719 948 3774 beant
960 3718 1171 3789 facultatem‚et
1182 3719 1292 3774 animas
1300 3718 1471 3790 Simplicium
1481 3735 1513 3774 ³⁰
1523 3720 1677 3785 rusticam?

103 3830 160 3870 tuus
185 3814 398 3886 impositionem
421 3819 600 3890 suscipimus,
618 3836 677 3876 non
698 3821 811 3877 videtur
860 3830 925 3867 rum
941 3813 1076 3868 secumiss
1089 3811 1675 3884 gehennamsssuideslissflfisunhifflhflssl,

103 3923 231 3963 reorum
255 3911 457 3966 consacerdotii
471 3918 520 3967 aut
541 3913 692 3969 ministerii
713 3916 808 3987 eujus.
859 3911 954 3961 actum
978 3909 1021 3961 est
1045 3907 1177 3961 adversus
1202 3923 1250 3961 cos
1276 3923 1293 3961 a
1325 3905 1520 3961 defensoribus
1546 3907 1676 3962 Ecclesiae

103 4002 195 4072 mscipi
223 4003 327 4058 dehere
360 4005 508 4076 dignitate,
539 4007 674 4078 quonium
706 4009 809 4081 quihus
859 4004 972 4070 nostras,
996 4016 1053 4072 quo
1069 4016 1118 4055 eos
1132 3999 1240 4071 possint
1253 4000 1406 4072 expellere,
1423 4004 1454 4054 ut
1472 4000 1521 4072 qui
1533 3999 1676 4056 Christum

115 4093 255 4165 baptisma
293 4102 386 4151 ratum
419 4115 479 4152 esse
511 4100 702 4170 permittimus
733 4105 809 4174 qnod
859 4095 949 4149 ileum
970 4110 1006 4150 ex
1020 4093 1110 4148 Patris
1135 4093 1292 4149 substantia
1307 4094 1490 4149 antesaecula
1510 4099 1676 4166 negantge-

111 4187 141 4242 iu
156 4189 273 4243 nomine
299 4191 396 4258 Patris,
422 4194 450 4245 ot
467 4191 539 4259 Filii,
560 4197 589 4247 ct
609 4194 728 4264 Spiritus
742 4213 807 4251 san·
860 4188 962 4255 fliium,
973 4187 1003 4243 hi
1016 4204 1081 4242 0¹¹¹ss
1094 4187 1206 4256 ludaeis,
1220 4187 1268 4259 qui
1279 4187 1339 4258 elus
1351 4187 1484 4243 deitatem
1498 4192 1677 4260 negaverunt

103 4279 211 4350 ficitur,
235 4299 287 4337 nec
306 4284 439 4356 Spiritum
470 4290 598 4341 sanctum
628 4303 676 4343 eos
705 4289 808 4345 habere
859 4288 887 4337 et
900 4298 976 4336 nunc
990 4297 1080 4353 usque
1092 4285 1208 4354 negant,
1224 4281 1406 4354 participium
1421 4282 1547 4338 babeant
1560 4283 1678 4338 damna·

103 4374 315 4446 ‚baptismata
356 4378 464 4450 tuisque
507 4380 651 4451 mysteriis
691 4383 809 4438 arbitra.
857 4375 1122 4443 tionisluumest,
1143 4376 1232 4430 trater
1251 4375 1427 4445 charissime,
1453 4392 1517 4448 quae
1537 4381 1677 4448 praecepta

103 4468 212 4523 uoniam
231 4486 295 4524 cnm
309 4473 475 4527 acatholica
491 4475 547 4528 fide
567 4490 668 4530 eorum
680 4469 846 4542 auctoresD
858 4471 925 4524 sunt
945 4483 1002 4522 non
1026 4469 1142 4538 segnius
1163 4485 1259 4540 agere,
1276 4486 1313 4523 ne
1335 4469 1447 4540 plebem
1468 4468 1520 4524 tibi
1539 4471 1675 4525 creditam

103 4568 173 4627 rent,
188 4564 392 4632 perlectionem
404 4566 524 4637 Spiritus
540 4584 625 4638 quem
639 4575 809 4642 acceperant

103 4659 153 4709 int.
166 4655 236 4710 Nam
247 4673 299 4711 nec
315 4658 383 4712 darc
395 4660 456 4729 ejus
468 4660 676 4730 plenitudinem
689 4670 810 4735 possunt

103 4748 191 4804 emme
206 4750 236 4804 in
257 4740 638 4825 ordinationibusoporatur,
653 4773 739 4828 quam
756 4775 809 4830 per

103 4841 141 4897 ,tis
162 4860 219 4898 suae
242 4845 390 4915 perfidiam
417 4847 520 4916 potius,
544 4865 632 4919 quam
648 4866 699 4921 per
721 4851 807 4907 tidem

103 4952 120 5004 ι,
134 4937 331 5008 perdidemnt.
349 4941 499 5004 Quomodo
519 4941 581 4997 fieri
600 4948 702 5014 potest,
717 4951 748 5000 ut
762 4962 809 5001 eo·

105 5030 220 5085 roianos
239 5033 398 5087 sacerdotes
423 5034 524 5106 dignos
538 5037 640 5093 Christi
653 5038 808 5095 bonoribus

103 5139 167 5190 nur,
182 5141 305 5195 quorum
320 5126 405 5181 laicos
428 5129 622 5199 imperfectos,
637 5137 668 5185 ut
691 5131 757 5201 dixi,
771 5132 808 5187 ad

103 5213 211 5286 lpiritns
223 5214 447 5286 praecipiendam
463 5219 584 5288 gratiam
595 5236 660 5274 cum
673 5221 809 5291 preniten-

103 5307 174 5378 gine
187 5307 380 5378 recipiamus?
393 5310 517 5365 Gravitas
532 5313 627 5383 itaque
639 5320 686 5368 tua
698 5315 759 5371 baec
772 5315 808 5370 ad

103 5400 378 5472 accepiscoporum,
393 5405 437 5458 rel
449 5421 499 5474 per
514 5407 664 5476 synodum,
680 5409 703 5462 si
717 5414 807 5480 potes,

116 5508 220 5548 eorsum
234 5495 429 5551 recitationem
446 5498 531 5552 faciat
543 5501 704 5571 pervenire,
720 5505 753 5558 ut
764 5519 808 5571 ea,

103 5600 134 5641 se
159 5590 218 5640 tam
242 5590 400 5645 necessario
427 5597 627 5662 percunctatus
654 5610 683 5649 es
703 5599 731 5651 et
757 5612 810 5652 nos

103 5678 224 5735 iminate
257 5684 468 5754 respondimus,
503 5687 648 5745 communi
681 5689 810 5745 omnium

103 5790 123 5830 u
137 5773 291 5850 smdioque
304 5781 466 5836 serventur.

858 4561 1070 4618 dissimilatione
1083 4561 1187 4633 perdas
1198 4566 1227 4617 et
1239 4562 1357 4633 incipias
1369 4564 1425 4618 lieo
1439 4561 1601 4635 deperditis
1613 4563 1677 4619 red·

857 4655 924 4710 dere
936 4653 1084 4709 rationem.

892 4750 924 4804 Π.
940 4749 1119 4805 lsuocanrrus
1133 4749 1288 4817 tisanana,
1303 4747 1434 4821 episcopo
1456 4749 1604 4806 Nailitano.
1628 4753 1678 4808 Su·

859 4842 965 4912 periori
984 4845 1125 4914 tempore,
1146 4842 1171 4896 si
1185 4845 1283 4896 tamen
1305 4846 1382 4897 recte
1395 4845 1536 4913 recordor,
1555 4846 1678 4901 memini

858 4951 905 4990 me
929 4940 990 4990 tam
1019 4935 1054 4991 ad
1082 4935 1265 4991 dilectionem
1298 4938 1375 4990 tuam
1407 4953 1491 5008 quam
1517 4939 1552 4994 ad
1575 4940 1677 4996 iratres

859 5029 1156 5102 coepiscopcsnostros
1169 5029 1284 5098 Rufum,
1296 5035 1448 5086 etcaeteros
1460 5031 1624 5103 hujusmodi
1635 5035 1678 5088 lit·

858 5128 935 5177 teras
949 5123 984 5177 de
998 5122 1108 5178 clericis
1126 5123 1304 5179 Naileusibus
1324 5124 1522 5195 transmisisse,
1545 5127 1589 5182 his
1603 5128 1677 5181 vide-

858 5216 925 5271 licet
938 5232 1003 5288 quaa
1012 5234 1041 5272 se
1050 5221 1116 5272 ante
1127 5217 1342 5274 damnationem
1353 5220 1457 5276 Bonosi
1468 5220 1629 5276 asserebant
1640 5220 1675 5274 ab

859 5315 963 5371 eodem
987 5320 1048 5372 tam
1064 5316 1242 5388 presbyteros
1269 5333 1356 5390 quam
1372 5318 1506 5375 diaconm
1524 5318 1675 5385 ordinatos,

859 5412 891 5463 ut
910 5410 943 5477 si,
969 5409 1065 5465 relicto
1092 5413 1179 5482 atque
1203 5410 1340 5468 damnato
1359 5413 1419 5484 ejus
1446 5428 1551 5480 errore,
1574 5411 1678 5467 vellent

859 5503 990 5558 Ecclesia
1011 5504 1150 5576 copulari,
1173 5504 1298 5560 libenter
1319 5507 1522 5578 reciperentur,
1542 5521 1579 5559 ne
1604 5505 1676 5560 forte

859 5597 1015 5668 quiessent
1035 5597 1114 5669 digni
1136 5599 1337 5671 recuperanda
1358 5597 1456 5654 salutis
1469 5598 1499 5653 in
1513 5597 1612 5654 eodem
1635 5614 1677 5654 er-

860 5706 923 5745 rore
944 5689 1118 5762 deperirent.
1146 5693 1248 5748 Verum
1274 5709 1351 5747 nunc
1377 5692 1407 5747 in
1429 5692 1590 5747 Ravennati
1605 5694 1685 5747 urbe

860 5783 932 5844 mihi
946 5783 1103 5842 constituto
1120 5788 1242 5865 propter
1252 5785 1384 5844 Romani
1390 5784 1503 5860 popuii
1515 5784 1715 5840 necessitates
