3870 6150
28 182 34 190 ’
123 218 175 289 aas
215 258 219 263 .
566 217 711 274 memo.
731 216 777 274 sn
795 216 877 274 sac.
893 217 936 274 u.
952 245 987 257 -
1003 217 1126 274 1s1nom
1143 216 1356 276 nsnmmms

159 327 281 384 llllllllll.
296 328 333 383 Ut
347 324 442 381 clerici
462 325 492 381 in
509 326 603 382 aliem
623 325 734 382 civitate
754 342 814 382 non
829 316 1083 412 immo-'Annimo
1100 324 1266 394 concordat,
1292 325 1443 383 roboretur
1467 308 1569 383 vestras
1590 323 1680 399 dignit

125 423 233 487 rentur,
250 419 302 474 nisi
326 435 425 474 causas
445 435 547 474 eorum
564 419 655 490 justas
674 419 800 492 episcopi
815 420 869 476 loci
892 420 937 476 vel
988 420 1155 492 sponsione;
1168 420 1204 476 ab
1217 411 1355 478 universis
1369 419 1506 493 episcopis
1517 418 1627 477 dictum
1641 422 1680 477 eat

124 512 280 584 presbyteri
294 513 422 567 locorum
436 512 623 584 perviderint.
987 513 1063 569 satis.

159 606 288 661 llllllVlll.
325 604 397 662 lllud
426 609 523 660 autem
557 605 737 677 suggerimus
768 606 937 664 mandatum
1022 607 1089 664 ΧΗ.
1116 608 1275 663 Honoratus
1300 610 1329 664 et
1352 607 1485 663 Urbanus
1503 606 1630 680 episcopi
1648 605 1680 664 di

123 698 216 765 nobis,
233 697 409 771 quodetiam
423 697 453 754 in
467 698 607 772 capuensi
629 698 758 771 plenaria
775 700 883 771 synodo
896 700 938 755 vi·
987 701 1127 765 Quoniam
1151 700 1186 756 de
1206 700 1326 756 concilio
1343 701 1474 773 quaedam
1494 702 1615 757 macuta
1635 716 1680 758 no

124 790 206 848 detur
219 794 368 862 statutum,
383 791 459 863 quod
468 808 527 849 non
536 792 622 848 liceat
630 791 692 849 tleri
701 792 938 866 rebaptizationes
987 793 1136 865 adjicimus
1153 792 1237 849 etiam
1258 793 1293 849 dc
1310 793 1356 848 die
1375 794 1489 850 Paschae
1508 793 1589 850 nobis
1608 810 1670 851 esse

124 887 153 940 et
182 885 412 941 reordinationes
436 885 480 942 vel
501 884 699 942 translationes
730 886 937 959 episcoporum.
987 890 1061 957 tum,
1074 890 1107 943 ut
1119 886 1154 943 de
1163 886 1288 942 Ecclesia
1298 886 1680 960 semperCarthaginensi,si

125 979 196 1034 Nam
208 978 375 1035 Cresconius
384 979 456 1035 villas
471 979 618 1051 Regiensis
633 979 782 1052 episcopus
792 980 875 1054 plebe
888 996 939 1037 sua
988 981 1095 1036 dictum
1106 985 1158 1048 est,
1169 980 1356 1049 instruamur,
1366 981 1396 1035 et
1407 996 1465 1036 non
1474 981 1526 1037 sub
1534 983 1680 1052 angtutot

125 1071 262 1127 derelicta
272 1071 477 1128 'tiburnensem
495 1071 599 1145 invasit
616 1072 780 1141 Ecclesiam,
800 1076 830 1129 et
849 1089 939 1146 usque
988 1074 1089 1147 spatio.
1105 1073 1234 1129 Aurelius
1247 1073 1415 1146 episcopus:
1429 1073 1457 1130 Si
1466 1074 1680 1131 sanctitativests

125 1164 209 1220 bodie
224 1164 415 1221 commonitus
429 1166 586 1221 secundum
603 1166 680 1238 quod
696 1168 833 1222 statutum
846 1167 940 1223 fuerat
987 1172 1045 1236 tur,
1059 1166 1193 1240 quoniam
1206 1183 1257 1222 nos
1267 1167 1453 1240 spopondisse
1467 1168 1530 1239 jam
1547 1167 1679 1240 superius

125 1257 286 1330 relinquere
305 1258 437 1314 eamdem
463 1274 552 1331 quam
571 1259 713 1315 invaserat
734 1259 847 1330 plebem
871 1275 938 1316 oon·
988 1261 1093 1330 nimus,
1109 1264 1141 1316 ut
1154 1260 1273 1332 singulis
1289 1261 1449 1332 quibusque
1464 1260 1547 1316 annis
1566 1261 1603 1317 ad
1620 1263 1680 1318 trae

125 1352 250 1424 tempsit,
265 1352 397 1408 adversus
410 1355 516 1408 statuta
532 1369 597 1425 qum
610 1352 797 1425 pronuntiata
814 1352 938 1422 fuerant,
988 1353 1203 1424 conveniamus,
1218 1358 1247 1410 et
1261 1370 1327 1409 curn
1341 1354 1560 1410 convenerimus
1576 1355 1607 1410 in
1620 1370 1680 1411 unu

126 1442 940 1517 confirmataquidemaudivimus,ssdpetimussecnndum
989 1445 1181 1518 divulgabitur
1202 1450 1314 1502 sanctus
1330 1446 1444 1502 Paschae
1465 1447 1525 1503 dies
1546 1463 1598 1520 per
1620 1448 1680 1520 lega

124 1537 201 1610 quod
216 1537 299 1593 nobis
311 1537 480 1594 mandatum
493 1541 546 1606 est,
562 1542 594 1594 ut
611 1536 769 1610 dignemini
781 1539 848 1595 dare
863 1538 938 1594 ndu-
990 1540 1107 1596 luerunt
1123 1539 1154 1595 in
1173 1540 1304 1595 concilio.
1318 1541 1477 1596 Honoratus
1494 1544 1524 1596 et
1537 1540 1668 1596 Urbanus

125 1631 210 1698 ciam,
225 1647 281 1702 quo
296 1630 463 1686 necessitate
473 1631 536 1703 ipsa
548 1637 669 1703 cogente
679 1630 801 1687 liberum
811 1631 848 1688 sit
859 1631 941 1688 nobis
990 1631 1142 1688 dixerunt:
1159 1632 1238 1688 Nunc
1252 1632 1287 1689 de
1297 1632 1432 1704 praesenti
1443 1633 1680 1705 coetupetimus,n

126 1729 265 1780 rectorem
279 1723 431 1797 provinciae
442 1724 598 1780 secundum
605 1727 714 1781 statuta
727 1704 978 1797 gloriosissimoss
989 1725 1165 1797 provinciam
1173 1730 1301 1782 nostram
1310 1724 1405 1781 dehac
1414 1725 1461 1781 die
1471 1725 1624 1782 informare
1631 1725 1680 1799 dig

126 1834 191 1873 rum
210 1817 372 1890 principum
393 1818 528 1873 adversus
546 1817 630 1874 illum
649 1818 738 1887 adire,
759 1823 791 1874 ut
811 1819 860 1890 qui
877 1818 940 1875 miti
988 1818 1121 1873 Aurelius
1136 1817 1390 1890 episcopusdixit:
1406 1818 1636 1876 ltatiatnecesse
1649 1835 1680 1876 es

123 1910 311 1967 admonitioni
323 1914 424 1966 vestras
437 1910 617 1983 acquiescere
631 1911 723 1967 noluit
742 1914 772 1968 et
785 1912 940 1968 emendare
1025 1911 1097 1966 ltLll.
1111 1911 1267 1983 Epigonius
1285 1911 1434 1984 episcopus
1449 1912 1521 1968 dixit
1535 1930 1542 1968 r
1559 1912 1652 1968 Multis
1666 1912 1680 1968 i

123 2003 264 2074 illicitum,
279 2004 448 2061 auctoritate
463 2004 614 2075 judiciaria
623 2005 937 2076 protinusexcludatur.
989 2002 1034 2059 liis
1047 2004 1100 2059 hoo
1112 2006 1251 2060 statutum
1271 2009 1315 2061 est
1335 2022 1353 2060 a
1372 2007 1447 2061 ooetu
1465 2005 1641 2073 sacerdotali,
1661 2021 1680 2062 u

124 2096 255 2153 Aurelius
277 2096 427 2169 episcopus
445 2097 524 2165 dixit,
541 2100 652 2153 servata
671 2098 767 2154 forma
784 2097 939 2171 disciplinas
988 2113 1052 2170 quoa
1064 2096 1094 2153 in
1105 2096 1462 2172 dioecmibusabepiscopis
1475 2101 1609 2155 tenentur
1622 2114 1680 2171 qua

124 2207 179 2246 non
194 2190 381 2246 estimabitur
398 2189 550 2262 appetitus,
570 2190 595 2245 si
613 2194 705 2248 vestra
724 2191 862 2249 charitats
876 2208 939 2248 mo·
989 2190 1446 2263 posnunquamhabuerunt,non
1457 2191 1513 2247 nisi
1521 2192 1680 2249 cumvolun

125 2281 241 2351 destina,
272 2287 426 2339 conventus
459 2282 594 2339 recedere
625 2283 843 2353 detractaverit,
873 2302 939 2342 cum
989 2283 1143 2355 episcopia
1159 2284 1680 2357 quotenentur,propriosaccipiantr

123 2375 208 2432 luerit
221 2392 272 2431 suo
284 2360 452 2447 contemptu
468 2378 497 2431 et
515 2375 696 2432 contumacia
716 2376 836 2434 iaciente
852 2379 939 2434 etiam
988 2376 1020 2430 id
1031 2379 1074 2432 est
1085 2376 1252 2449 episcopos3
1268 2383 1298 2433 at
1309 2393 1376 2433 vero
1391 2378 1460 2450 quia
1471 2377 1605 2433 nonnulli
1617 2392 1680 2451 quo

123 2470 290 2527 auctoritate
302 2468 453 2541 judiciaria
461 2472 626 2525 conventus.
639 2471 798 2526 Honoratus
808 2475 838 2528 et
849 2471 938 2527 Urba·
989 2469 1101 2526 minatu
1114 2469 1218 2541 adepto
1238 2471 1471 2526 communionem
1489 2471 1610 2526 fratrum
1624 2471 1681 2528 abb

122 2580 175 2622 nus
201 2562 326 2637 episcopi
351 2561 492 2632 dirarum,
515 2563 571 2619 hcc
604 2562 682 2619 enim
709 2562 841 2620 omnibus
875 2565 938 2636 pla·
988 2563 1131 2631 velcerte,
1145 2579 1210 2618 cum
1223 2563 1324 2620 elevati
1338 2563 1455 2632 luerint,
1471 2564 1594 2636 quasiin
1607 2564 1680 2637 quad

123 2663 177 2729 cet,
188 2657 226 2714 ab
246 2656 386 2716 universis
400 2655 540 2729 episcopis
560 2655 671 2713 dictum
690 2660 743 2725 est,
762 2656 874 2728 justum
886 2661 938 2729 est,
988 2656 1169 2728 tyrannicam
1186 2656 1238 2713 sibi
1250 2657 1475 2713 dominationem
1489 2657 1680 2731 vindicant,‹p

123 2752 225 2824 placet.
989 2748 1070 2822 rique
1094 2749 1190 2805 stolidi
1209 2750 1344 2806 adversus
1360 2750 1505 2824 episcopos
1524 2766 1591 2807 suos
1604 2751 1680 2808 cervi

158 2845 262 2902 xxxix.
280 2845 439 2900 Honoratus
454 2848 484 2901 et
502 2844 635 2901 Urbanus
650 2844 775 2918 episcopi
793 2845 938 2915 dmerunt,
990 2846 1062 2916 gunt
1075 2842 1243 2914 presbyteri,
1258 2844 1303 2900 vel
1323 2843 1457 2900 conviviis
1476 2844 1531 2900 sibi
1547 2842 1680 2901 conciliat

123 2937 236 2994 stillud
256 2936 339 2992 nobis
353 2936 586 3005 mandatumst,
604 2940 635 2993 ut
649 2938 717 3010 quia
731 2937 868 3012 proximae
882 2939 938 2994 ira·
988 2935 1056 2992 bem
1072 2938 1106 2991 nt
1120 2952 1258 3008 persuasu
1279 2937 1409 3009 maligno
1427 2940 1457 2994 et
1474 2938 1573 2994 illicito
1590 2937 1680 2994 eosda:

122 3037 181 3088 tres
190 3030 280 3088 nostri
286 3029 425 3086 Numidiae
436 3028 494 3087 duo
506 3031 630 3103 episcopi
644 3031 940 3104 ordinareprersump·
989 3028 1045 3084 sibi
1057 3029 1196 3086 collocare
1213 3034 1346 3101 rectores,
1357 3030 1433 3103 quod
1445 3030 1562 3103 quidem
1574 3031 1680 3103 insigne

123 3127 223 3182 urunt
236 3122 411 3200 pontificem,
429 3139 488 3180 non
510 3124 565 3180 nisi
588 3141 606 3181 a
627 3125 780 3182 duodecim
803 3126 940 3182 censeatis
991 3126 1047 3179 tnaa
1070 3124 1201 3179 tenemus
1222 3125 1329 3192 votum,
1354 3124 1443 3180 frater
1463 3124 1592 3196 religiose
1615 3126 1680 3180 dun

122 3218 320 3291 episcoporum
335 3216 680 3276 celebmriordinationes.
690 3219 821 3275 Aurelius
834 3219 941 3291 episco·
990 3216 1052 3271 haec
1064 3232 1139 3288 saepe
1161 3217 1325 3288 oppressisti
1345 3233 1403 3273 non
1422 3218 1545 3274 curando
1558 3219 1631 3274 tales
1644 3234 1680 3291 ps

123 3311 166 3386 pis
182 3311 262 3381 dixit,
283 3310 377 3367 forma
397 3311 516 3384 antiqua
537 3311 704 3382 servabitur,
721 3315 755 3367 ut
775 3328 833 3368 nnn
846 3312 942 3369 minus
991 3309 1039 3365 sed
1051 3314 1169 3381 propter
1178 3326 1279 3366 eorum
1297 3312 1387 3367 malos
1398 3311 1538 3384 cogitatus
1552 3314 1677 3383 etprave

123 3421 208 3478 quam
233 3409 291 3462 tres
318 3403 459 3461 sulflciant
478 3404 529 3476 qui
555 3404 698 3462 luerinta
721 3405 941 3478 metropolitano
992 3407 1058 3458 nata
1070 3402 1189 3460 concilia
1201 3404 1254 3459 hoc
1266 3404 1329 3461 dico
1340 3421 1398 3460 non
1410 3405 1515 3460 debere
1526 3409 1670 3462 rectorem

123 3498 437 3571 directiadepiscopum
451 3497 657 3568 ordinandum,
672 3502 826 3571 propterea
838 3499 941 3572 quiain
991 3512 1056 3551 eam
1066 3496 1179 3569 plebem
1195 3512 1259 3569 qnae
1276 3498 1306 3553 in
1327 3497 1443 3554 dioecesi
1455 3515 1570 3570 semper
1584 3497 1680 3570 subjaa

122 3591 228 3665 Tripoli
240 3592 315 3648 forts
329 3594 359 3648 et
365 3594 476 3664 arguze
484 3591 654 3663 interjacere
667 3590 799 3648 videntur
812 3592 942 3649 barbare
990 3604 1119 3661 unquam
1133 3590 1283 3662 proprium
1297 3591 1462 3662 episcopum
1475 3590 1585 3660 habuit,
1599 3607 1680 3664 quapr

123 3690 233 3758 gentes.
247 3685 320 3741 Nam
332 3685 362 3742 in
381 3684 498 3758 Tripoli,
521 3688 556 3741 ut
574 3685 719 3754 asseritur,
738 3685 864 3759 episcopi
875 3691 943 3743 eunt
991 3681 1122 3739 universo
1137 3682 1313 3739 sanctissimo
1337 3684 1457 3740 concilio
1478 3685 1638 3756 complacet
1654 3684 1680 3741 ln

123 3778 940 3854 quinquetantummodoetpossuntiortedeipsonumero
991 3779 1157 3847 prosecutus
1180 3792 1257 3847 sum,
1282 3775 1476 3832 confirmetur.
1501 3776 1634 3833 Aurelius
1656 3793 1680 3851 ep

122 3873 167 3930 val
190 3873 248 3931 duo
274 3872 445 3930 necessitate
471 3872 566 3945 aliqua
589 3871 732 3944 occupari,
759 3871 874 3929 difficile
899 3877 943 3930 est
992 3867 1081 3925 dixit:
1099 3867 1203 3924 Fratris
1225 3872 1255 3924 et
1271 3870 1480 3927 consacerdotis
1503 3870 1594 3926 nostri
1612 3886 1680 3944 pros

124 3966 201 4025 enim
207 3965 415 4039 utdequolibet
424 3982 545 4022 numero
554 3981 653 4021 omnes
663 3966 940 4038 possintoocurrere.
992 3977 1050 4016 non
1064 3961 1181 4031 obsisto,
1200 3962 1249 4018 sed
1263 3962 1316 4018 hoc
1334 3980 1382 4020 me
1395 3963 1506 4032 iecisse,
1521 3967 1551 4020 et
1568 3963 1680 4022 facturn

123 4059 257 4133 Nunquid
270 4057 942 4130 debethocipsumimpedimentoecclesiasticaa
991 4053 1135 4111 confiteor.

124 4169 186 4209 esse
211 4150 350 4208 utilitati?
376 4151 446 4205 Nam
482 4154 511 4206 et
537 4150 568 4205 in
602 4148 726 4206 Ecclesia
756 4148 872 4223 dignata
900 4153 943 4206 est
1026 4147 1117 4204 llLtll.
1143 4148 1221 4205 Circa
1248 4163 1295 4205 eos
1321 4165 1389 4206 sana
1419 4150 1468 4223 qui
1499 4149 1608 4207 luerint
1631 4166 1680 4209 cor

124 4243 358 4303 sanctitasvestra
369 4243 534 4299 humaniter
544 4242 696 4299 convenire
709 4242 809 4299 crebro
823 4258 856 4299 ac
867 4259 941 4316 pene
992 4241 1151 4298 noneolnm
1160 4241 1235 4298 circa
1245 4242 1680 4316 Ecclesiammrthaginensem,

125 4354 177 4410 per
188 4337 265 4395 Hem
273 4335 448 4394 Dominicam
458 4334 630 4392 ordinandos
639 4334 943 4411 babemus.Nunquid·
993 4350 1080 4392 omne
1100 4335 1273 4393 sacerdotale
1287 4336 1473 4393 consortium.
1494 4340 1566 4394 Sunt
1585 4338 1664 4395 enim

32 4446 41 4465 ¹
124 4447 192 4490 nam
212 4431 379 4505 frequenter
407 4432 507 4503 potero
532 4428 680 4487 duodecim
703 4431 748 4487 vel
771 4430 872 4488 decem
897 4429 1186 4506 vechonspirantes
1200 4446 1266 4485 casm
1280 4430 1403 4503 propriis
1414 4430 1554 4502 plebibus,
1567 4448 1638 4504 quas
1650 4431 1680 4490 de

123 4525 312 4585 multominus
325 4524 465 4582 advocare
480 4524 637 4598 episcopos,
657 4523 708 4581 sed
720 4523 802 4582 facila
815 4528 858 4581 est
869 4525 942 4581 mibi
992 4526 1023 4579 ut
1035 4523 1143 4579 dictum
1162 4528 1213 4592 est,
1228 4539 1327 4580 earum
1340 4525 1498 4597 scalpentes
1515 4541 1598 4581 auree
1611 4526 1646 4583 ad
1665 4543 1680 4583 s

123 4619 194 4678 duos
222 4619 379 4692 adiungere
407 4634 481 4676 meae
507 4617 639 4690 parvitati
663 4618 810 4692 episcopos
823 4618 939 4689 vicinos,
991 4617 1060 4673 dum
1072 4615 1255 4673 vitiosaevitoe
1267 4617 1409 4685 homines,
1423 4618 1466 4674 vel
1478 4618 1680 4677 certeinssatia

124 4717 299 4786 quapropter
310 4713 402 4770 cernit
416 4728 529 4768 mecum
543 4710 833 4769 charitasvestrahoc
846 4712 941 4786 ipsum
991 4709 1135 4766 consortio
1154 4710 1286 4782 separati,
1305 4711 1354 4783 qui
1372 4714 1476 4782 putant
1494 4712 1620 4784 propriae
1633 4713 1680 4787 ple

124 4806 270 4865 observari
281 4822 342 4864 non
354 4822 447 4879 posse.
990 4803 1129 4873 bandum,
1138 4807 1380 4876 etnonnunquam
1389 4805 1680 4863 conventiadconcilia

157 4901 211 4959 xl..
226 4901 260 4958 Ht
272 4898 345 4956 illud
356 4903 401 4956 est
412 4900 607 4971 statuendum,
617 4904 649 4958 ut
664 4899 824 4973 quandosd
835 4897 942 4973 eligan·
991 4912 1022 4952 re
1029 4896 1179 4969 refugiunt
1189 4902 1218 4954 et
1232 4897 1401 4967 detractant,
1409 4914 1459 4953 sua
1471 4899 1543 4955 iorte
1552 4916 1589 4955 ne
1597 4899 1680 4972 prode

125 4993 195 5051 dum
210 4993 375 5066 episcopum
400 4993 618 5051 convenerimus
637 4993 660 5049 si
685 5009 743 5066 qna
754 4992 941 5049 contradictio
992 4990 1061 5063 gitis
1070 4995 1241 5058 metuentes,
1258 4989 1331 5059 dico,
1345 4991 1368 5046 si
1382 4992 1484 5064 placet,
1499 4995 1600 5049 contra
1612 4994 1680 5050 boel

123 5086 211 5145 luerit
237 5087 349 5158 oborta,
370 5087 438 5161 quia
457 5087 526 5144 talia
544 5087 701 5143 factasunt
717 5085 942 5159 npndnos,non
991 5088 1054 5139 tum
1066 5083 1198 5141 dioeceses
1218 5100 1276 5139 non
1292 5101 1352 5140 esse
1367 5085 1529 5155 servandas,
1549 5103 1648 5142 verum
1670 5103 1680 5144 e

124 5185 300 5254 presumant
312 5181 348 5237 ad
369 5180 556 5254 purgandum
576 5196 643 5236 eum
664 5179 713 5252 qui
736 5177 884 5236 ordinatus
900 5183 943 5235 est
991 5177 1026 5232 de
1047 5177 1163 5250 propria
1181 5177 1313 5246 Ecclesia,
1333 5178 1472 5250 quasillis
1494 5178 1568 5235 male
1585 5178 1674 5237 fuerit

123 5271 941 5348 tresjam,sedpostulenturadnumemmsupradictorum
991 5269 1188 5338 adnitendum,
1198 5275 1231 5327 ut
1239 5271 1620 5345 etiamauctoritatcpublica
1629 5273 1680 5347 reji

121 5370 179 5427 deso
196 5371 239 5426 vel
254 5373 321 5437 tres,
336 5372 366 5425 et
382 5369 410 5425 in
426 5366 528 5425 eadem
547 5367 630 5440 plebe
648 5367 694 5423 cui
709 5365 885 5423 ordinandus
899 5368 942 5423 est
991 5367 1077 5436 atque
1089 5362 1203 5437 abipsis
1215 5364 1421 5437 principalibus
1435 5366 1578 5422 cathedris
1591 5382 1680 5423 rernm

121 5464 299 5520 discutiatur.
320 5461 415 5518 Primo
439 5477 570 5535 personas
597 5459 865 5531 contradicentium,
892 5475 942 5533 po·
991 5461 1104 5530 oportet
1116 5456 1194 5514 enim
1209 5457 1301 5530 utqui
1320 5457 1460 5515 universis
1480 5459 1680 5517 iratribusact

121 5559 226 5613 stremo
240 5557 291 5613 illa
306 5555 394 5612 etiam
408 5571 472 5629 quse
489 5554 663 5628 objiciuntur
675 5557 895 5627 pertmctentur,
912 5557 942 5610 et
991 5551 1055 5608 cilio
1069 5550 1226 5617 inhaeserit,
1244 5567 1303 5609 non
1317 5553 1409 5608 solum
1423 5569 1475 5608 sua
1489 5553 1556 5625 jure
1574 5552 1680 5626 integra

47 5631 54 5644 ⁶
122 5663 187 5705 cum
197 5648 261 5725 80
273 5653 413 5724 purgatus
427 5648 515 5707 tuerit
528 5648 743 5722 subconspactu
760 5645 884 5721 publico,
901 5647 941 5704 ita
991 5646 1124 5703 dicecmas
1137 5646 1288 5719 possideat,
1304 5648 1415 5703 atvero
1433 5647 1482 5719 qui
1500 5646 1617 5704 sibimet
1632 5651 1680 5721 put

119 5739 236 5799 demum
259 5743 417 5815 ordinetur,
436 5744 459 5802 si
487 5744 540 5800 boc
561 5759 627 5800 cum
660 5744 760 5800 sesua
782 5741 938 5799 sanctitatis
990 5741 1040 5797 bes
1053 5740 1680 5800 suessultlcerelraternadilectionecontem
