3870 6150
749 214 985 273 DECRE'IALIUII
1003 216 1197 274 COLLECTIO.

437 420 644 515 INCIPIT
696 421 1006 519 GONGILIUM
1050 423 1501 519 AURELIANENSE.

772 601 920 684 Triqinto
941 602 1176 685 episcoporum.

151 791 234 847 Cum
254 793 372 846 auctore
397 789 455 846 Deo
475 789 507 846 in
529 790 727 847 Aurelianensi
752 792 821 848 urbe
847 792 946 850 fuisset
954 807 986 882 Α
1030 793 1073 849 lll.
1098 793 1127 849 Si
1151 791 1274 863 diaconI,
1301 797 1350 849 aut
1374 791 1533 866 presbyteri
1555 794 1665 852 crImen
1693 796 1813 869 capitale

103 882 471 941 conciliumsummornm
479 884 946 957 antistitumcongregatumcom·
994 884 1201 954 commiserint,
1223 885 1356 942 simulet
1378 886 1414 942 ab
1436 887 1530 944 officio
1557 891 1586 944 et
1610 891 1812 947 commnntone

103 976 208 1033 muni
223 976 355 1033 omnium
378 977 531 1035 collatione
552 978 735 1051 complacuit,
754 982 784 1034 nt
798 980 851 1035 hoc
866 980 945 1051 qnod
994 979 1150 1050 pellantur.

103 1069 222 1126 verbis
233 1073 405 1140 statuerunt,
419 1070 513 1128 etiam
522 1071 675 1144 Scriptura
685 1072 849 1128 testImonio
863 1073 945 1129 rabo
1031 1074 1085 1128 vll.
1109 1072 1149 1127 lle
1163 1070 1208 1127 his
1225 1072 1276 1144 qui
1297 1077 1428 1145 suscepta
1450 1074 1622 1147 poenitentia
1641 1075 1813 1149 reilgionem

103 1167 236 1221 rurant.
994 1180 1054 1220 sues
1081 1165 1266 1237 professionis
1292 1165 1372 1222 obliti
1395 1165 1433 1222 ad
1462 1168 1607 1224 saecularia
1634 1169 1814 1238 relabuntur,

155 1259 228 1314 ear.
244 1258 265 1311 l.
280 1255 312 1313 ld
328 1256 527 1316 constituimus
539 1257 750 1317 observandum
763 1260 842 1334 quod
855 1263 944 1318 eccle·
993 1259 1101 1330 placuit
1109 1274 1157 1314 eos
1165 1259 1430 1315 etacommunIone
1439 1260 1586 1333 suspendI,
1598 1262 1813 1319 etabomnium

107 1350 232 1407 siastici
245 1367 370 1407 canones
384 1352 581 1422 decreverunt,
596 1357 625 1409 et
635 1353 682 1409 lex
696 1355 828 1410 Romana
843 1352 946 1410 consti·
994 1352 1201 1408 catholicorum
1213 1353 1349 1408 convtviis
1362 1355 1506 1425 separari;
1524 1353 1602 1426 quod
1615 1355 1639 1410 si
1651 1361 1718 1428 post
1728 1356 1817 1413 iuter-

110 1441 189 1511 nait,
205 1447 239 1499 ut
258 1443 295 1499 ab
317 1444 440 1501 ecclesiae
459 1445 546 1515 atriis,
569 1446 615 1502 sel
635 1446 721 1503 domo
744 1446 868 1520 episcopi
882 1463 945 1503 reos
995 1444 1103 1502 dictum
1111 1445 1226 1502 cumeis
1235 1447 1387 1519 quisquam
1399 1448 1613 1519 presumpserit
1626 1449 1813 1519 manducare,

115 1535 297 1593 &atrahere
309 1539 428 1595 omnino
441 1555 501 1596 non
513 1539 606 1608 liceat,
621 1539 671 1596 sed
686 1557 738 1597 nec
750 1541 833 1596 alteri
851 1539 944 1597 consi·
995 1543 1023 1596 ct
1036 1539 1096 1612 ipse
1108 1540 1312 1596 communione
1324 1540 1463 1613 privetur.
1516 1560 1518 1567 ⁴

120 1631 221 1704 gnari,
233 1631 288 1687 nisi
300 1631 337 1687 ad
350 1632 501 1704 Evangelia
512 1633 585 1691 datis
598 1633 787 1690 sacramentis
797 1635 832 1691 de
842 1638 944 1705 morte,
1030 1634 1099 1689 VIII.
1121 1633 1147 1688 Si
1170 1633 1305 1689 diacorms
1326 1636 1369 1690 vel
1390 1635 1539 1708 presbyter
1559 1652 1611 1709 pro
1624 1640 1705 1694 reatu
1718 1652 1771 1693 suo
1785 1653 1815 1693 se

124 1728 156 1779 et
169 1723 944 1799 debilitate,etomniumpoenarumgeneresintsecuri,
992 1725 1031 1797 ¹ab
1043 1725 1140 1781 altaris
1162 1726 1363 1783 communione
1384 1728 1437 1783 sub
1461 1728 1626 1801 poenitentis
1638 1717 1828 1802 professione

127 1814 169 1872 ita
179 1821 212 1873 nt
226 1818 255 1873 ei
267 1818 315 1874 cni
327 1834 393 1875 reus
405 1818 493 1876 inerit
506 1819 677 1877 criminosus
698 1821 734 1877 de
752 1822 945 1878 satisfactione
995 1819 1200 1887 submoverint,
1214 1820 1254 1875 stc
1267 1836 1381 1893 quoque
1403 1821 1426 1876 si
1446 1821 1494 1876 alii
1517 1821 1673 1891 defuerint,
1688 1826 1718 1878 et
1731 1837 1815 1879 causa

134 1911 294 1979 mureniat3
317 1912 431 1984 quodsi
450 1929 501 1969 sna
515 1914 946 1971 sacramentaconvictusfuerit
995 1914 1081 1968 certae
1103 1912 1281 1969 necessitatis
1298 1913 1436 1984 exoritur,
1449 1919 1616 1987 poscentem
1640 1915 1815 1990 baptismum

136 2003 256 2076 violasse,
279 2021 347 2062 rous
370 2004 500 2078 perjurii,
521 2024 580 2064 non
595 2009 688 2064 solum
710 2004 944 2064 acommunione
994 2004 1078 2061 liceat
1092 2005 1246 2078 baptisare.

141 2097 264 2168 eclesie,
279 2099 325 2154 rel
336 2098 467 2156 omnium
479 2101 655 2171 clericorum,
669 2102 858 2158 verumetiam
870 2119 887 2157 a
901 2118 946 2158 ea·
1030 2100 1073 2156 Ill.
1089 2099 1119 2155 Si
1131 2115 1162 2156 se
1177 2099 1337 2174 cuicunque
1351 2100 1456 2158 mulier
1470 2101 1577 2174 duplici
1598 2102 1732 2175 coningio
1750 2119 1816 2176 pre·

142 2189 300 2273 tbolicmm
319 2193 446 2249 convivio
467 2198 625 2267 separetur.
648 2195 730 2261 Quod
744 2195 767 2250 si
781 2195 806 2250 is
821 2195 866 2252 cni
879 2183 983 2256 reusB
994 2190 1101 2265 sbyteri
1115 2193 1161 2248 sel
1173 2192 1286 2250 diaconi
1310 2193 1408 2250 relicta
1420 2194 1612 2266 conjunxerit,
1627 2200 1677 2252 ant
1688 2196 1816 2269 castigati

146 2287 185 2353 est,
201 2284 338 2355 noluerit,
353 2286 513 2343 intentione
534 2288 658 2344 faciente
681 2288 825 2361 componi,
841 2291 870 2344 et
884 2289 944 2362 ipse
995 2292 1173 2358 separentur,
1187 2291 1321 2344 autcerte
1334 2287 1398 2343 siin
1413 2287 1567 2344 eriminum
1579 2289 1816 2362 intentIoneper·

145 2393 196 2434 rsus
208 2378 243 2435 de
257 2379 376 2436 ecclesia
388 2383 469 2437 actus
483 2381 585 2438 timore
600 2381 809 2451 dimanaritab
819 2382 945 2440 ecelesias
994 2378 1120 2436 stiterint
1131 2381 1194 2453 pari
1207 2380 1499 2438 excommunicatione
1512 2383 1681 2454 plectentur.

147 2471 237 2529 clericis
249 2490 310 2530 non
324 2479 480 2547 quaeratur.
1029 2475 1060 2530 ll.
1086 2473 1225 2546 Antiquos
1249 2491 1374 2532 canones
1403 2475 1562 2548 relegentes
1587 2477 1685 2549 priora
1711 2480 1816 2534 statuta

172 2566 200 2622 ll.
220 2567 260 2623 Ile
281 2567 445 2641 raptoribus
468 2574 566 2625 autem
583 2569 612 2625 id
634 2570 864 2627 constituendum
884 2585 945 2627 esse
994 2566 1138 2623 credimus
1152 2567 1327 2639 renovanda,
1344 2571 1376 2623 ut
1390 2568 1426 2623 de
1440 2568 1484 2624 his
1499 2585 1564 2640 ques
1576 2569 1607 2625 in
1619 2570 1720 2626 altario
1734 2571 1814 2628 obla·

150 2661 302 2730 assuimus,
316 2666 348 2717 ut
360 2662 384 2717 si
396 2662 434 2718 ad
447 2663 597 2719 caelestem
607 2668 705 2736 raptor
713 2681 779 2720 cum
788 2669 868 2737 rapta
877 2682 946 2721 con·
993 2658 1074 2716 tione
1086 2660 1154 2717 fidei
1167 2661 1365 2732 conferuntur,
1381 2662 1562 2718 medietatem
1587 2663 1735 2736 episcopus
1760 2664 1814 2720 sibi

150 2751 246 2827 bqerit,
260 2760 291 2812 et
300 2755 441 2831 feminam
448 2756 540 2829 ipsam
547 2758 713 2831 violentiam
722 2758 870 2831 pertulisse
879 2776 945 2815 con·
993 2753 1129 2826 vindicet,
1146 2759 1176 2810 et
1189 2754 1374 2812 medietatem
1393 2755 1447 2811 sibi
1467 2756 1688 2828 dispensandam
1711 2773 1812 2815 secum

153 2847 243 2919 litent,
265 2850 363 2906 statim
384 2849 523 2906 liberetur
544 2850 580 2906 dc
604 2854 748 2924 potestate
769 2851 902 2924 raptoris,
916 2857 945 2907 et
994 2846 1064 2903 dum
1079 2847 1186 2919 gradus
1209 2848 1300 2905 denus
1322 2848 1452 2921 accipiat,
1466 2852 1526 2904 tam
1539 2850 1576 2905 dc
1590 2849 1704 2922 praediis
1727 2867 1815 2925 quam

154 2945 228 3012 nptor
240 2944 339 3000 mortis
352 2943 396 2998 vel
410 2960 560 3016 poenarum
573 2944 744 3017 Impunitate
755 2961 889 3001 concessa
897 2948 947 3001 aut
994 2941 1030 2997 de
1053 2941 1132 2996 omni
1160 2941 1363 2998 commoditate
1390 2942 1421 2997 in
1450 2942 1651 3017 episcoporum
1678 2949 1816 3017 potestate

156 3036 272 3092 amendi
286 3037 445 3093 conditioni
463 3038 605 3110 subjectus
619 3038 665 3107 sit,
680 3042 729 3094 aut
742 3038 902 3095 redimendi
915 3055 944 3094 se
995 3032 1174 3091 durantibus.

156 3123 250 3185 liberam
264 3130 370 3186 habeat
381 3131 556 3188 facultatem.
572 3131 601 3188 Si
613 3148 682 3188 vero
698 3149 762 3204 qtsoe
774 3133 885 3206 rapitur
897 3149 945 3206 pa·
1030 3128 1073 3185 III.
1089 3129 1128 3184 Ite
1147 3128 1192 3184 his
1207 3143 1271 3201 quae
1285 3128 1427 3202 parochiis
1448 3131 1477 3186 in
1500 3130 1594 3203 terris,
1615 3130 1714 3204 vlneis,
1737 3148 1817 3188 man·

103 3212 107 3226 '
156 3219 323 3280 metabere
338 3224 504 3295 constiterit,
521 3225 778 3299 etpuellaraptori
793 3243 944 3283 consense-
995 3222 1085 3295 cipiis,
1105 3226 1190 3296 atque
1215 3223 1334 3295 peculiis
1355 3223 1520 3297 quicunque
1541 3225 1641 3282 fideles
1660 3225 1817 3283 obtulerint

154 3311 187 3381 rit
197 3317 324 3388 potestati
345 3317 434 3391 patris
448 3322 583 3375 excusata
606 3318 751 3389 reddatur,
773 3322 803 3377 et
820 3324 946 3393 raptura
995 3316 1179 3390 andqvmrum
1199 3333 1342 3373 canonum
1362 3320 1467 3373 statuta
1488 3322 1612 3387 servent,
1626 3322 1655 3374 et
1673 3320 1772 3375 omnia
1786 3319 1816 3375 in

148 3412 213 3469 nne
238 3411 379 3485 superiori
404 3407 575 3469 conditionis
603 3410 786 3470 satisfactioni
814 3418 947 3471 teneatur
996 3408 1119 3484 episcopi
1132 3413 1271 3481 potestate
1286 3409 1453 3479 consistant,
1477 3411 1512 3466 de
1531 3411 1576 3466 his
1597 3413 1816 3485 tamenquaein

145 3496 279 3561 obnoxias.
997 3502 1098 3561 attane
1110 3503 1289 3572 accesserint,
1306 3504 1390 3559 tertia
1409 3503 1531 3560 fideliter
1551 3504 1690 3579 episcopis
1705 3506 1816 3563 defera-

173 3598 212 3655 Ill.
227 3600 331 3656 Servus
343 3601 393 3673 qui
405 3601 441 3657 ad
454 3599 603 3657 ecclesiam
616 3602 776 3675 confugerit
787 3618 839 3675 pro
852 3602 946 3675 quali·
957 3555 985 3632 G
998 3598 1055 3655 tun

129 3669 185 3747 het
196 3693 287 3765 culpa,
301 3693 325 3748 si
337 3694 453 3750 domino
475 3711 528 3767 pro
547 3694 670 3750 admissa
687 3697 771 3767 eulpa
784 3712 947 3752 sacramen·
1033 3691 1085 3748 llll.
1100 3691 1255 3765 Episcopus
1272 3689 1456 3764 pauperibus,
1470 3690 1516 3746 vel
1528 3691 1659 3763 infinuis,
1671 3694 1722 3766 qni
1741 3691 1820 3752 dehi·

122 3770 195 3842 ium
207 3787 371 3859 susceperit,
387 3788 483 3844 statim
495 3787 533 3843 ad
548 3788 699 3844 servitium
720 3788 828 3844 domiui
847 3789 890 3846 sui
907 3806 949 3846 re
997 3786 1077 3842 litate
1091 3783 1214 3842 faciente
1228 3802 1287 3841 non
1303 3790 1424 3857 possunt
1448 3766 1513 3841 suis⁸
1528 3785 1661 3842 manibus
1673 3788 1817 3858 laborare,

119 3862 195 3935 dire
208 3886 336 3954 cogatur,
359 3885 389 3936 et
410 3885 508 3953 postea
523 3881 598 3955 quod
612 3884 678 3938 dato
693 3887 870 3939 sacramento
884 3882 949 3957 98
998 3880 1104 3935 vtctum
1118 3882 1148 3935 et
1158 3879 1362 3935 vestimentum
1386 3878 1414 3935 in
1437 3884 1577 3952 qnantum
1588 3880 1756 3952 possibilitas
1770 3884 1818 3939 ha·

113 3954 249 4030 domino
261 3973 350 4031 fuerit
362 3975 556 4047 consignatus,
571 3975 595 4031 si
610 3975 718 4049 aliquid
729 3993 822 4049 poenae
836 3993 889 4049 pro
902 3994 948 4033 ea-
998 3973 1103 4042 buerit,
1119 3973 1266 4045 langlatur.

111 4048 948 4144 ‘lemculpasquearcuaturprobatuslueritpertulisse,
1034 4068 1099 4123 lllll.
1113 4067 1219 4123 Omnes
1238 4066 1364 4122 basilicae
1386 4080 1450 4138 quae
1471 4084 1523 4140 per
1543 4064 1653 4124 dIversa
1673 4063 1734 4127 loce
1752 4082 1819 4127 con·

104 4153 188 4215 1¹10
201 4164 367 4234 contemptu
384 4163 526 4233 Ecclesia,
550 4168 579 4219 et
602 4163 836 4235 praevaricafione
850 4163 950 4220 fldeia
999 4163 1113 4217 sunctae
1125 4164 1192 4216 sunt
1205 4161 1248 4215 vel
1262 4159 1389 4232 quotidie
1413 4165 1616 4218 construuntur
1637 4162 1755 4236 placuit,
1772 4181 1816 4222 se·

109 4251 347 4323 eommunices,
372 4258 401 4311 et
420 4255 545 4312 convivio
567 4255 776 4312 catholicorum
801 4262 950 4314 extraneus
999 4257 1127 4312 cundum
1145 4254 1277 4328 priorum
1299 4271 1443 4311 canonum
1463 4256 1605 4328 regulam,
1619 4257 1694 4313 utin
1707 4258 1748 4313 eis
1761 4259 1821 4332 cpi·

108 4324 281 4416 habeatur,
300 4348 326 4403 si
344 4365 412 4405 vero
434 4365 532 4405 servus
550 4366 604 4422 pro
617 4351 698 4422 culpa
713 4366 766 4406 sua
779 4350 815 4406 ab
829 4350 951 4406 Ecclesia
1000 4349 1077 4422 scopi
1091 4347 1236 4405 territorio
1250 4347 1280 4403 in
1292 4348 1374 4419 cnjus
1391 4349 1584 4421 posuissent,
1598 4353 1737 4422 potestate
1749 4368 1819 4409 con·

110 4425 479 4499 desanaussanamena
490 4443 950 4516 bomimclericisexigentibnsde
1000 4443 1109 4499 sistam.
1129 4499 1137 4512 ,

109 4512 304 4604 impunitate
318 4537 487 4608 perceperit,
510 4537 586 4592 extre
599 4538 743 4594 uolentem
755 4554 772 4591 a
785 4537 902 4594 domino
914 4536 950 4593 li·
1035 4537 1100 4592 xlv.
1122 4537 1162 4592 Ne
1183 4539 1324 4609 superstes
1347 4535 1436 4592 frater
1457 4541 1554 4592 torum
1577 4535 1704 4595 defuncti
1723 4538 1819 4596 fratris

111 4623 352 4702 tutacupmt.
1002 4628 1146 4698 ascendat,
1161 4643 1214 4685 nec
1228 4644 1258 4683 se
1271 4627 1391 4701 quisque
1413 4626 1524 4684 eminas
1544 4629 1640 4685 uxoris
1661 4633 1750 4688 sorori
1769 4649 1819 4688 an·

176 4719 213 4775 lt'.
226 4722 256 4777 Si
269 4723 333 4795 quis
355 4722 391 4778 ab
415 4724 548 4797 episcopo
561 4741 625 4796 suc,
639 4726 682 4780 vel
707 4725 741 4782 de
763 4726 892 4793 ecclesia,
907 4726 951 4781 vel
1001 4722 1066 4778 dest
1077 4722 1194 4790 sociare,
1211 4722 1288 4793 quod
1305 4721 1354 4794 qui
1376 4712 1508 4790 fecerint,
1522 4722 1708 4781 ecclesiastica
1722 4724 1819 4782 distri·

114 4797 365 4887 depropriojure
378 4817 534 4873 crediderit
554 4818 663 4893 aitquid
674 4816 709 4874 ad
719 4819 919 4891 repetendum,
929 4819 953 4874 si
1002 4815 1096 4872 ctione
1109 4815 1260 4870 feriantur.

120 4903 209 4962 tsilril
231 4909 348 4965 convitii
368 4913 418 4965 ant
438 4911 645 4968 criminationis
658 4912 803 4984 objecerit,
819 4929 885 4969 enm
898 4926 991 4999 proD
1036 4909 1091 4965 llll.
1104 4907 1226 4964 Abbates
1241 4923 1294 4979 pro
1315 4904 1476 4964 humilitate
1499 4907 1644 4983 religionis
1662 4910 1695 4967 in*
1715 4909 1831 4991 episco-n

123 4999 199 5055 ⁸ols
208 5003 389 5060 contemtione
402 5021 418 5059 a
431 5005 635 5061 communione
647 5006 773 5063 ecelesias
786 5022 845 5062 non
870 5006 953 5063 liceat
1002 5019 1106 5075 porum
1118 5000 1258 5074 potestate
1272 5001 1437 5072 consistant,
1447 5004 1476 5056 et
1484 5001 1585 5075 etquid
1598 5007 1680 5061 extra
1691 5006 1822 5079 regulam

127 5091 307 5153 *abmovcri
1001 5096 1122 5153 fecerint
1133 5094 1169 5150 ab
1184 5094 1322 5167 episcopis
1334 5094 1522 5168 corrigentur,
1535 5097 1586 5169 qui
1600 5099 1689 5155 semel
1701 5100 1731 5155 in
1745 5116 1821 5155 anno

179 5186 206 5244 I.
220 5190 248 5247 Si
262 5207 360 5247 servus
374 5191 493 5247 absente
516 5194 560 5249 vel
580 5194 723 5250 nescIeute
743 5193 869 5264 domino,
892 5194 951 5267 epi·
1002 5189 1033 5246 in
1058 5190 1122 5247 loco
1144 5188 1193 5245 nbi
1214 5189 1364 5261 episcopus
1384 5189 1513 5261 etegerit,
1535 5194 1651 5262 accepta
1676 5193 1821 5248 vocatione

135 5284 223 5353 tropo
245 5284 352 5340 salente
376 5284 452 5357 quod
465 5302 560 5342 servus
582 5287 718 5343 diaconus
735 5292 785 5343 aut
805 5288 954 5361 presbyter
1003 5283 1182 5353 conveniant,
1204 5282 1339 5339 monachi
1359 5287 1456 5338 autem
1477 5282 1627 5339 abbatibus
1646 5284 1725 5339 omni
1751 5284 1820 5341 obe·

137 5366 395 5449 brenemensem,
411 5379 474 5452 ipso
497 5379 527 5434 in
549 5381 698 5436 clericatus
722 5381 816 5437 officio
837 5398 953 5455 perma-
1004 5378 1110 5436 dientia
1131 5381 1161 5434 et
1182 5376 1331 5433 devotione
1353 5375 1526 5449 subjaceant.
1548 5376 1628 5442 Quod
1652 5377 1676 5431 si
1693 5376 1757 5449 qnis
1769 5391 1821 5448 per

145 5474 234 5541 nasa,
247 5471 610 5543 episcopuseumdomino
632 5473 738 5546 duplici
763 5474 954 5531 satisfactione
1004 5470 1211 5529 contumaciam
1233 5469 1373 5527 exstiterit
1392 5469 1552 5538 indevotus,
1578 5472 1627 5523 aut
1649 5485 1702 5540 per
1727 5469 1823 5544 aliqua

144 5570 315 5636 conpenset.
328 5565 434 5622 Slvere
450 5566 675 5639 episcopuseum
686 5584 799 5624 servum
813 5568 955 5639 nescierit,
1003 5566 1065 5623 loca
1078 5564 1186 5638 vagari,
1198 5569 1249 5621 aut
1257 5564 1399 5638 peculiare
1408 5561 1513 5635 ailquid
1521 5560 1625 5617 habere
1633 5577 1822 5636 presumpse-

148 5655 190 5724 qvi
210 5659 409 5716 testimonium
431 5660 594 5732 perhibent,
615 5665 665 5718 cut
688 5679 754 5719 eum
776 5662 956 5735 suppilcave-
1005 5660 1053 5730 rit,
1068 5659 1165 5715 omnia
1178 5674 1243 5732 quse
1255 5657 1428 5731 acquisierIt,
1448 5654 1484 5710 ab
1498 5652 1822 5714 abbatibusauferantur

150 5745 335 5810 meermanni
358 5754 443 5810 simili
461 5755 648 5813 redhibitioni
660 5760 809 5814 arantur
829 5756 956 5814 obnoxii.
1007 5744 1302 5827 secundumrequlam
1310 5747 1483 5808 monasterio
1489 5745 1649 5820 profutura,
1659 5749 1713 5823 Ipsi
1723 5752 1835 5810 autem-³
