3870 6150
729 64 744 95 ὀ

609 308 847 369 uncnursstun
864 310 1059 370 catenario.
1618 318 1671 374 etl

103 425 154 478 rut
167 438 217 478 eos
230 422 335 478 audeas
347 423 533 494 redarguere,
548 440 621 495 quos
634 423 685 477 tibi
700 423 806 494 proles-
816 421 985 509 Aomnium
1004 422 1103 490 vitam,
1126 421 1233 495 recepit
1257 420 1385 479 omnium
1414 438 1539 493 caussam,
1565 430 1594 480 et
1615 427 1672 481 vim

103 532 184 572 nsua
193 532 290 571 errure
299 517 446 588 placuisse.
462 518 554 572 Beata
567 516 644 573 enim
657 518 804 571 memoriae
857 517 958 571 veteris
980 515 1176 587 chirographi,
1199 517 1276 589 quod
1298 518 1375 572 solus
1399 516 1476 573 inter
1491 534 1590 574 omues
1614 537 1671 575 non

103 610 109 665 i
123 609 326 665 condemnatio
334 614 363 665 et
375 610 539 683 impiissimi
558 611 720 683 Eutychetis
730 626 807 665 rece·
855 609 962 680 debuit,
973 626 1025 682 pro
1044 609 1322 666 omnibussolrendo
1335 611 1481 666 vacuavit:
1495 617 1526 667 ut
1540 612 1611 667 sicut
1621 630 1673 685 per

103 703 147 759 rod
160 703 216 758 nisi
231 703 345 759 Domini
360 704 450 759 nostri
460 706 525 760 lesu
534 703 638 760 Christi
649 704 806 759 secundum
855 703 941 758 unius
960 706 1071 759 reatum
1095 719 1194 758 omnes
1218 704 1286 759 lacti
1303 705 1418 760 lucrant
1438 712 1609 777 peccatores,
1632 707 1672 761 ita

111 796 227 868 negatio
237 796 313 851 tuiti
326 812 412 868 quam
425 798 487 869 ipsc
500 797 601 869 grandi
611 795 806 852 misericordia
856 814 907 869 per
928 797 1015 853 unius
1035 796 1226 852 innocentiam
1249 814 1349 853 omnes
1371 798 1474 853 fierent
1495 800 1670 855 innocentes.

104 894 117 947 t
138 890 239 946 resolvi
264 907 329 946 cum
350 891 550 947 detestandum
568 891 639 947 illud
655 890 805 963 Ephesium
856 890 921 946 lnde
943 891 974 945 in
988 891 1120 945 homines
1142 894 1276 946 manante
1287 891 1398 962 Justitia
1421 891 1467 946 ubi
1490 900 1532 948 est
1546 892 1672 950 humana

103 983 242 1055 judicium
266 984 305 1040 ita
331 989 427 1040 sancta
446 984 681 1041 Chalcedonensis
705 983 806 1056 synodi
856 988 985 1055 suscepte
996 987 1110 1040 natura.
1127 985 1209 1039 Nulla
1223 984 1301 1040 enim
1314 985 1425 1040 ratione
1437 991 1515 1041 extra
1527 987 1617 1041 nostri
1630 991 1672 1042 est

103 1080 158 1133 tote
181 1077 330 1149 destruxit,
357 1082 390 1134 ut
409 1079 519 1134 nullum
545 1079 761 1150 depravatorum
789 1094 805 1132 a
856 1077 1673 1152 corporisveritatem,dequoevangelistapraedicatiunem

103 1172 313 1227 ocorrectionis
326 1177 445 1229 arceret.
464 1173 541 1229 Unde
552 1173 621 1246 quia
636 1172 805 1243 intempore
856 1172 994 1227 inchoans
1014 1172 1100 1228 dicit:
1128 1195 1141 1220 ιι
1163 1172 1246 1227 Liber
1268 1173 1460 1243 generationis
1484 1174 1549 1228 iesu
1569 1173 1673 1230 Christi

103 1265 175 1321 uuas
186 1265 408 1337 resipiscentiam
419 1267 511 1339 magis
521 1283 607 1338 quam
616 1264 805 1338 pertinaciam
856 1264 907 1319 lilii
931 1264 1029 1330 David,
1050 1266 1099 1319 lilii
1122 1265 1265 1322 Abraham
1289 1266 1395 1335 (notet.
1419 1283 1437 1332 1,
1464 1267 1498 1336 l).
1524 1288 1537 1315 a
1566 1267 1601 1321 lit
1624 1270 1673 1339 qui

103 1358 129 1426 ti,
146 1360 184 1414 ita
207 1359 317 1430 gaudeo
336 1364 363 1415 te
382 1362 526 1415 coelestem
550 1361 688 1433 expetisse
712 1359 804 1414 medi·
856 1358 1039 1414 Samaritana
1063 1359 1175 1414 mulieri
1196 1362 1380 1430 protestatur,
1406 1359 1541 1430 quoniam
1556 1361 1673 1414 salusex

104 1455 136 1508 ut
148 1452 216 1507 fidei
227 1452 262 1507 ab
275 1453 413 1509 haereticis
426 1455 600 1527 impugnatae
609 1454 728 1508 tandem
740 1469 804 1525 pos·
854 1452 958 1507 ludaris
971 1456 1024 1523 est,
1039 1452 1114 1507 beati
1126 1452 1204 1508 Pauli
1221 1453 1343 1524 apostoli
1355 1459 1528 1508 consonante
1543 1453 1674 1509 doctrina

116 1544 261 1603 defensor.
287 1546 423 1612 Quamvis
436 1549 514 1603 enim
533 1548 604 1602 nulli
627 1547 805 1603 sacerdotum
855 1562 921 1600 cum
933 1546 1018 1602 dicit:
1042 1569 1055 1596 «
1071 1547 1202 1611 Quorum
1217 1551 1311 1617 patres
1334 1554 1363 1602 et
1378 1563 1409 1601 ex
1430 1547 1532 1618 quibus
1546 1548 1674 1604 Christus

103 1640 196 1696 sessim
211 1640 289 1712 quad
303 1641 449 1712 praedicat.
469 1641 607 1707 Quoniam
627 1642 676 1714 qui
690 1642 805 1712 ignorat
855 1639 1012 1695 secundum
1026 1656 1153 1709 earnem,
1169 1640 1219 1712 qui
1230 1645 1273 1695 est
1285 1641 1476 1712 superomnia
1493 1642 1567 1697 Deus
1583 1642 1672 1696 bene·

103 1734 176 1801 titur,
196 1734 417 1790 inexcusabilior
431 1741 526 1791 tamen
546 1738 589 1790 est
600 1735 732 1791 omuibus
747 1735 802 1789 im·
855 1732 948 1788 dictus
970 1733 999 1788 in
1015 1733 1265 1804 saeeula(ltom.1x‚
1290 1738 1326 1804 5).
1342 1753 1355 1786 s
1376 1735 1502 1806 itemque
1524 1735 1560 1790 ad
1574 1735 1672 1790 Timo·

110 1827 229 1900 quilibet
256 1829 459 1901 Hierosolymis
473 1829 605 1885 habitans
618 1829 803 1897 Christianus,
814 1815 843 1886 B
854 1827 952 1882 theum
966 1844 973 1881 :
990 1827 1172 1895 «Memento,
1187 1827 1288 1899 inquit,
1302 1828 1398 1883 lesum
1413 1827 1558 1883 Christum
1576 1846 1671 1884 resur-

103 1922 323 1994 :agnoscendam
336 1923 469 1978 virtutem
482 1923 625 1995 Evangelii
640 1924 804 1979 nouaclum
853 1921 960 1977 rexisse
973 1921 1121 1977 amortuis
1134 1938 1168 1977 ex
1177 1921 1285 1976 semiue
1294 1921 1544 1978 bavidsecundum
1554 1938 1671 1978 curnem

103 2032 159 2071 'um
178 2016 308 2088 eloquiis,
322 2017 370 2072 sed
384 2017 511 2089 ipsorum
531 2019 660 2073 locurum
677 2018 802 2073 testimo·
854 2015 891 2085 (ll
909 2018 977 2071 lim.
994 2032 1024 2083 u,
1048 2015 1086 2087 8).
1108 2036 1122 2064 »
1148 2016 1212 2070 llaec
1239 2018 1335 2070 autem
1359 2016 1483 2071 charitas
1506 2016 1622 2088 quantis
1645 2024 1673 2072 et

103 2108 201 2178 iditum
216 2113 245 2164 et
256 2111 333 2182 quod
347 2111 413 2166 alibi
431 2128 489 2167 non
504 2112 570 2167 licet
592 2112 749 2179 roboredi,
765 2111 804 2166 ibi
855 2109 919 2163 novi
932 2115 960 2165 et
967 2109 1075 2166 Veteris
1087 2109 1260 2165 Testamenti
1269 2109 1487 2165 auetoritatibus
1499 2110 1670 2180 declaratur,

103 2205 155 2259 test
167 2219 226 2258 non
245 2203 343 2259 rideri.
359 2204 432 2269 Ouid
445 2204 557 2261 laborat
573 2204 740 2272 intellectus,
756 2205 805 2261 ubi
855 2219 906 2274 pro
929 2203 1098 2276 antiquitate
1124 2203 1276 2258 sacerdotii
1298 2204 1339 2258 tui
1364 2203 1508 2260 evidenter
1529 2206 1671 2276 agnoscis,

103 2296 181 2368 gister
193 2299 349 2368 aspectus?
368 2299 403 2352 lit
414 2315 465 2354 cur
480 2299 552 2353 lecta
567 2299 609 2353 vel
627 2299 724 2356 audita
739 2302 805 2355 sunt
854 2296 998 2352 cumlides
1011 2297 1355 2369 Patrumetscriptamca
1366 2297 1515 2354 adsanctae
1525 2298 1673 2354 memoria
1769 2322 1774 2329 ·

111 2391 160 2446 ubi
193 2408 222 2445 se
247 2392 291 2446 vel
313 2391 385 2447 visui
417 2396 445 2447 et
478 2393 566 2448 tactui
597 2397 639 2449 tot
669 2393 804 2448 humanas
856 2389 1018 2445 Flavianum
1039 2391 1115 2458 data,
1137 2406 1261 2462 quorum
1281 2391 1461 2446 mentionem
1482 2392 1544 2464 ipse
1570 2392 1670 2461 fecisti,

108 2485 245 2556 ingerunt
271 2487 471 2540 sacramenta?
503 2486 588 2551 Quasi
614 2487 649 2542 ad
676 2488 805 2559 singulos
855 2481 967 2553 adjecta
984 2483 1269 2556 universalissynodi
1285 2466 1502 2540 confirmatione
1521 2484 1672 2542 sufficiant.

103 2594 118 2635 s
153 2585 316 2635 cunctantes
346 2580 479 2635 [lominus
511 2581 603 2636 adhuc
644 2598 711 2637 voce
741 2599 800 2638 cor-
855 2576 935 2632 Unde
950 2579 1112 2650 prospicere
1121 2580 1232 2650 oportet
1244 2578 1426 2633 dilectionem
1437 2586 1516 2635 tuam
1525 2595 1562 2635 ne
1575 2585 1673 2636 contm

103 2675 200 2728 ulatur
223 2678 252 2728 et
275 2674 373 2729 dicat:
396 2697 410 2723 a
434 2674 506 2738 Quid
533 2676 639 2731 turbati
671 2676 748 2744 estis,
777 2683 806 2733 et
855 2671 1061 2745 redemptionis
1070 2689 1101 2727 ac
1112 2672 1172 2744 spei
1186 2677 1291 2728 nostrae
1301 2672 1445 2729 ineffabile
1459 2677 1672 2729 sacramentum

111 2766 294 2838 cogitationes
329 2767 489 2823 ascendunt
514 2768 543 2823 in
576 2771 659 2825 corda
686 2772 804 2827 vestra‘?
855 2766 930 2821 ullus
944 2766 1151 2823 obmurmuret.
1167 2767 1231 2837 Sed,
1253 2767 1276 2821 si
1290 2767 1419 2838 quisunt
1436 2768 1485 2839 qui
1504 2767 1606 2839 adbuc,
1623 2772 1673 2825 aut

112 2875 212 2915 manus
238 2877 325 2929 meas,
368 2866 397 2917 et
424 2862 511 2934 pedes
537 2880 626 2934 meos,
651 2865 718 2937 quia
743 2865 804 2936 ipse
856 2859 1017 2930 ignorantia
1031 2859 1165 2931 caligant,
1175 2864 1226 2916 aut
1240 2862 1424 2932 perversitate
1439 2861 1612 2930 discordant,
1627 2878 1673 2917 eo-

103 2969 141 3009 m.
165 2956 277 3026 Palpate
303 2959 331 3010 et
349 2956 452 3028 videte,
478 2956 544 3029 quia
565 2958 680 3029 spiritus
699 2975 762 3014 ossa
778 2963 806 3015 et
855 2970 920 3008 rum
941 2969 1066 3026 quorum
1080 2954 1110 3008 in
1132 2954 1253 3010 Ecclesia
1267 2955 1317 3010 Dei
1341 2955 1496 3026 apostolica
1514 2954 1611 3011 fuitei
1631 2959 1674 3011 est

123 3065 181 3104 nou
202 3049 288 3106 habet
308 3050 381 3106 sicut
402 3067 449 3105 me
476 3051 577 3107 videtis
602 3052 708 3108 hahere
731 3053 803 3124 (Luc,
856 3048 931 3102 clara
954 3047 1082 3103 doctrina
1095 3048 1310 3104 auctoritatibus
1331 3049 1519 3119 instruantur,
1537 3049 1613 3106 etde
1627 3049 1673 3105 in-

105 3144 133 3213 8,
161 3145 215 3215 39),
245 3166 259 3193 ‚›
292 3146 374 3200 Utere
408 3161 488 3216 ergo,
513 3146 603 3201 frater
629 3146 804 3217 charissime,
816 3142 1018 3263 Ccarnatiane
1030 3142 1114 3197 Verbi
1128 3143 1178 3198 liei
1199 3143 1260 3198 haec
1275 3160 1327 3198 nos
1341 3144 1455 3199 credere
1467 3142 1545 3217 quod
1557 3143 1599 3199 illi
1613 3161 1673 3202 cre·
1764 3128 1767 3135 ¹

103 3234 178 3291 simis
191 3237 336 3293 catholicae
355 3238 423 3295 fidoi
438 3240 624 3308 documentis,
640 3244 668 3295 et
680 3256 805 3313 evange·
857 3235 955 3290 didere
969 3241 1153 3308 cognoscant,
1170 3252 1264 3309 neque
1279 3253 1309 3293 se
1323 3241 1402 3294 extra
1414 3254 1516 3310 corpus
1528 3238 1634 3294 Christi
1644 3239 1674 3294 in

103 3330 356 3401 aproedioationem
371 3337 534 3388 sanctorum
547 3333 727 3402 locorum‚in
742 3336 805 3407 qui·
857 3345 914 3401 qua
925 3330 1097 3385 commortui
1118 3337 1145 3386 et
1160 3331 1384 3386 comresuscitati
1407 3348 1505 3386 sumus
1520 3348 1571 3386 sua
1583 3332 1673 3387 obdu·

103 3422 144 3493 ds,
163 3425 360 3483 testificatione
376 3426 510 3482 defende.
527 3428 607 3499 Apud
620 3434 648 3484 te
663 3435 705 3484 est
720 3429 806 3484 Roth·
857 3423 969 3479 ratione
978 3423 1163 3494 constituant,
1177 3426 1244 3497 quia
1259 3441 1311 3482 nec
1330 3425 1422 3496 pietas
1441 3424 1518 3493 lidei,
1532 3440 1584 3481 nec
1603 3426 1675 3481 ratio

109 3517 141 3572 in
153 3535 211 3590 qua
225 3520 353 3577 salutifer
368 3521 506 3577 ltavidicae
524 3521 646 3592 virginis
660 3525 758 3594 partus
773 3524 806 3577 il·
858 3517 957 3589 recipit
975 3518 1154 3589 sacramenti,
1176 3524 1210 3574 ut
1222 3524 1272 3574 aut
1284 3519 1314 3574 in
1329 3534 1381 3574 sua
1395 3518 1517 3573 essentia
1535 3519 1675 3591 passibilis

103 3628 179 3685 [uem
198 3615 365 3670 obvolutum
386 3617 488 3688 pannis
509 3617 585 3672 inter
605 3617 751 3689 angustias
764 3617 805 3673 di.
856 3612 942 3667 fuerit
964 3610 1064 3681 deitas,
1091 3617 1142 3668 aut
1162 3612 1192 3668 in
1219 3617 1323 3668 nostrae
1354 3617 1464 3668 naturae
1495 3614 1674 3686 susceptione

103 3707 107 3761 i
122 3723 249 3779 praesepe
263 3709 395 3781 suscepit.
410 3712 493 3782 Apud
511 3714 539 3765 te
554 3717 598 3767 est
615 3712 758 3766 declarata
770 3712 806 3766 ab
857 3701 976 3757 mentita
990 3701 1326 3758 sitveritas.Particulam
1341 3701 1495 3757 [luminisve
1504 3703 1596 3758 crucis
1608 3720 1675 3759 cum

103 3801 376 3874 ‚adommmagjs’
387 3805 806 3876 etpesmultffluminfanfium
857 3791 979 3863 eulogiis
996 3791 1157 3847 dilectionis
1171 3794 1271 3848 vestrre
1289 3797 1464 3847 veneranter
1482 3793 1587 3865 accepi.
1606 3793 1675 3849 Data

109 3894 147 3950 ab
159 3896 270 3951 Herode
284 3897 402 3969 quaesjya
413 3899 562 3954 Salvam,
574 3899 706 3955 infantia,
718 3900 807 3972 ¹apud
858 3885 948 3957 pridie
968 3885 1063 3941 Nonas
1081 3885 1266 3957 Septembris,
1283 3886 1345 3941 Etio
1366 3890 1394 3940 et
1415 3885 1514 3941 Studio
1534 3887 1601 3942 viris
1615 3887 1672 3942 cla·

103 3989 135 4045 bi
144 3991 265 4062 pueritia
276 3992 337 4063 ejus
347 3992 476 4062 adolevit,
487 3993 536 4048 ubi
549 3992 740 4049 adolescentia
749 4010 808 4048 ma·
857 3979 976 4034 mimis
988 3979 1162 4036 001¹³¹1ffll11b

109 4089 140 4140 et
152 4101 204 4156 per
217 4087 316 4141 omnia
327 4086 504 4142 incrementa
517 4103 653 4159 corporea
671 4088 700 4142 in
713 4087 806 4143 virum
857 4094 955 4171 206
970 4096 1241 4168 mint-Epistola
1255 4097 1389 4152 Ravenna·
1397 4097 1566 4179 aliorumque
1578 4100 1676 4169 aptaro

103 4195 149 4234 um
161 4180 221 4235 veri
230 4181 353 4236 hominis
365 4187 468 4236 natura
479 4182 601 4254 prolicit,
610 4198 667 4237 non
675 4182 736 4237 sine
744 4182 807 4237 cibo
890 4184 993 4253 ΡΜ
1000 4169 1141 4253 Getieum
1152 4169 1190 4253 od
1202 4170 1312 4224 Mortem
1323 4183 1438 4253 papam,
1452 4169 1516 4239 pilei
1524 4185 1580 4240 aym
1591 4187 1672 4241 quam

103 4273 169 4344 run,
186 4290 243 4329 non
261 4275 321 4330 sine
340 4292 441 4330 somno
458 4276 570 4348 quietis,
591 4293 649 4331 uon
664 4276 725 4332 sine
738 4277 808 4332 lletu
893 4242 930 4297 “d
944 4242 1079 4298 ommim
1096 4241 1198 4296 dmm
1213 4241 1307 4296 mm
1321 4240 1479 4296 “mmmm-

103 4367 192 4435 tionis,
218 4385 271 4423 nec
296 4369 357 4424 sine
389 4385 492 4440 pavore
522 4370 696 4426 formidinis,
731 4371 808 4426 Unus
893 4358 1016 4414 Domino
1032 4372 1098 4413 vere
1111 4360 1219 4427 sancio,
1233 4356 1334 4412 meriti)
1348 4355 1378 4411 in
1392 4357 1503 4413 chrisio
1514 4357 1675 4414 beatissimi)

103 4463 173 4534 tque
185 4461 262 4517 idem
276 4469 318 4518 est
338 4462 388 4536 qui
401 4467 430 4519 et
451 4464 481 4519 in
499 4464 549 4519 Dei
563 4465 656 4520 forma
674 4467 808 4536 operatus
858 4457 887 4508 θ*
909 4451 1062 4524 ⁸P⁰Si⁰li⁰⁰
1084 4451 1194 4507 h⁰¹¹⁰f⁰
1214 4451 1376 4507 venem&
1402 4466 1484 4523 1¹⁸1>ae
1505 4451 1603 4519 'effluis
1618 4453 1673 4507 Ra·

103 4557 194 4612 acula
223 4573 331 4629 magna
355 4557 475 4624 virtutis,
504 4563 533 4613 et
563 4559 593 4613 in
619 4559 713 4613 torma
735 4545 986 4637 serviDvenuius,
1018 4545 1157 4612 Rusticus,
1182 4543 1327 4613 Venerius,
1353 4544 1563 4614 Constantinus,
1588 4545 1672 4601 llexi-

103 4651 223 4705 ssvitiam
236 4652 385 4722 passionis.
406 4654 462 4707 lloc
481 4652 531 4708 tibi
543 4653 606 4725 ipsa
621 4669 690 4708 crux
701 4653 804 4708 indesi·
856 4660 930 4708 mus,
943 4645 1118 4706 armatarus,
1134 4638 1242 4709 Fl⁰r¹¹⁸2
1261 4637 1392 4708 Galim-‘b
1408 4638 1580 4710 Valeriam&
1597 4641 1671 4694 0⁰¹¹*

103 4744 240 4818 loquitur,
264 4745 317 4800 hoe
338 4747 410 4819 lapis
424 4748 529 4802 clamat
555 4748 687 4819 sepulcri,
703 4748 733 4802 in
749 4763 805 4819 quo
856 4737 985 4805 stantius,
1004 4731 1160 4800 Nestorius,
1174 4730 1325 4798 MaximttS,
1338 4731 1493 4803 Asclepius.
1504 4733 1576 4788 item
1586 4732 1672 4788 hiul-

103 4839 807 4914 rsbumanaconditionejacuit,etdequodivino
856 4850 930 4904 mus,
953 4831 1049 4897 Ursus,
1076 4825 1241 4898 ingenulus,
1263 4825 1370 4894 tuscus,
1404 4825 1540 4895 Valerius,
1567 4827 1671 4898 Super·

103 4935 322 5004 insurrexisse
333 4952 399 4991 cum
411 4935 447 4991 ad
460 4938 589 4990 montem
600 4934 701 4990 Oliveti
711 4934 806 4990 locum
856 4932 966 4994 ventus,
980 4921 1152 4993 Grssallhissb
1176 4919 1320 4987 F⁰ssi⁰iu³s
1341 4919 1500 4992 Peifflfliuss
1521 4921 1673 4993 Hydflssiuss

103 5027 161 5083 suis
175 5033 363 5085 veneraturus
374 5030 494 5099 accedis,
512 5046 550 5085 an
562 5045 622 5085 nun
636 5028 683 5084 illa
696 5045 747 5084 vax
759 5045 807 5083 au·
858 5020 998 5086 etherius,
1024 5016 1142 5082 Glaliuss
1167 5013 1304 5085 Εῑὶῑῑθῑῑῑθ,
1332 5014 1493 5083 fraternus,
1521 5016 1673 5085 venturus,

103 5128 188 5178 ntuo
200 5125 316 5179 resultat
331 5124 440 5195 auditu,
457 5141 514 5196 qua
525 5123 685 5180 elevatione
693 5123 807 5179 Domini
857 5112 1012 5188 Eugenius,
1034 5108 1167 5176 Hilarius,
1194 5109 1293 5179 Verus,
1325 5110 1481 5179 Amandus,
1513 5110 1672 5177 Gerontius,

103 5215 169 5272 uus
183 5217 304 5273 ascitur:
324 5240 338 5270 a
351 5219 408 5273 vui
422 5219 542 5287 aarraer,
557 5217 716 5291 qurasaas
729 5218 806 5290 aspi·
857 5206 1069 5275 Proculeiauus,
1084 5203 1221 5270 Julianus,
1237 5201 1392 5271 neuturus,
1410 5205 1601 5273 Anaeutarius,
1617 5204 1672 5272 ¹¹0.-

115 5309 145 5366 in
169 5312 282 5379 cretum,
304 5312 350 5367 hic
371 5314 450 5368 iesus
472 5312 521 5385 qui
541 5316 703 5384 assumptus
726 5314 771 5367 est
792 5328 809 5366 a
859 5305 986 5369 auratus,
1001 5298 1161 5371 Herpatius,
1182 5297 1328 5365 limenius,
1343 5296 1481 5366 Dinatius,
1498 5298 1633 5353 lluximus
1646 5303 1674 5352 et

103 5402 135 5459 vic
154 5405 249 5461 veniet
259 5406 504 5478 quemadmodum
525 5406 632 5462 vidistis
645 5409 762 5462 euntem
779 5405 808 5460 in
859 5394 1040 5465 llemantius,
1053 5391 1202 5448 Palladius.

105 5498 179 5569 (Act.
195 5515 215 5566 1,
233 5502 273 5570 lt)
286 5499 299 5553 ‘l
314 5521 327 5549 >1
344 5502 447 5555 Veram
466 5500 555 5571 igitur
567 5500 669 5557 Christi
685 5515 807 5572 genera·
893 5488 1049 5547 Perlatuad
1068 5503 1120 5543 uos
1133 5484 1252 5557 epistola
1268 5483 1452 5540 beatitudinis
1466 5487 1567 5539 vestras
1585 5500 1672 5556 quam

109 5606 182 5648 eux
195 5608 262 5648 vera
276 5594 435 5663 confirmat,
445 5595 582 5665 quoniam
597 5592 701 5664 ipsein
710 5597 810 5649 nostra
858 5585 895 5641 ad
908 5584 1053 5641 Orientem
1063 5597 1114 5654 pro
1129 5579 1276 5634 catholicas
1291 5577 1356 5633 tldei
1370 5576 1525 5633 assertione
1545 5577 1671 5647 misistis,

103 5686 279 5760 resciturqui
293 5687 322 5743 in
337 5691 433 5743 nostra
451 5688 635 5760 crucifigitur,
652 5703 717 5759 quae
731 5687 810 5743 nullo
860 5681 1038 5752 optassemus
1059 5678 1088 5731 et
1110 5673 1207 5730 statim
1230 5669 1400 5745 apostolatui
1422 5674 1514 5736 vestro
1537 5687 1589 5742 pro
1613 5676 1672 5727 tam

103 5780 199 5837 niente
220 5785 346 5853 peccato,
372 5782 425 5837 uisi
448 5782 547 5837 luisset
570 5781 661 5837 nostri
686 5781 808 5854 genens,
859 5774 1000 5829 immenso
1014 5784 1134 5825 munere
1151 5766 1307 5840 gratiarum
1329 5765 1698 5833 actionemreterve,vtxs‘x

103 5873 217 5933 amr
236 5891 296 5932 esse
319 5875 458 5933 mortalis.
486 5877 521 5931 Ct
541 5879 637 5932 autem
664 5878 811 5950 repararet
859 5871 942 5932 nobis
964 5869 1170 5929 difficultatem
1189 5881 1253 5941 qua
1262 5865 1409 5922 inunum
1431 5861 1724 5926 montemeps-

188 5974 320 6041 Psmos.
345 5974 457 6040 ΟΧΧΧ.
940 6003 944 6011 ·
1505 5965 1552 6025 m
