3870 6150
99 310 102 316 ,
135 251 188 310 275
575 251 716 305 APl'ENll.
738 253 781 306 nt)
800 254 880 308 sau.
904 253 945 308 tx.
962 281 995 292 -
1016 250 1139 307 tstnottl
1158 248 1372 306 battuatores
1765 251 1814 303 tro

133 358 287 414 mittendos
322 374 404 425 esse,
439 358 487 430 qui
521 362 675 429 praesentes
709 376 775 415 cum
811 359 949 433 episcopis
960 372 990 446 Α
1035 356 1210 431 1111111111
1231 356 1380 428 episcopus
1402 354 1540 412 dirimet
1559 353 1817 429 propterpupillos

53 505 56 509 ,
131 452 270 524 judicent,
293 457 325 508 ut
344 451 469 509 habeant
494 451 580 508 etiem
604 452 803 509 auctoritatem
819 470 950 526 persona
1001 456 1031 507 et
1047 451 1146 507 viduas
1168 451 1213 506 vel
1231 449 1407 518 laborantes,
1431 447 1480 522 qui
1505 464 1601 504 causas
1622 464 1681 505 non
1703 447 1818 519 iniquas

133 545 309 618 illiusaquo
330 545 463 602 destinati
486 551 562 616 sunt,
579 546 634 602 erit
652 546 683 601 in
702 547 763 618 ejus
778 547 905 604 arbitrio.
921 546 951 604 Si
1000 544 1118 613 habent,
1150 544 1327 616 susceperint
1358 542 1599 616 peregrinationis
1625 541 1817 609 incommoda,

134 655 201 694 vero
215 638 368 695 crediderit
380 640 511 696 sulficere
525 640 675 714 episcopos
687 640 950 713 comprovinciales,
1000 638 1149 695 habebunt
1161 637 1271 710 aliquid
1282 637 1368 709 justas
1390 635 1520 705 rationis,
1532 652 1610 691 nunc
1621 652 1690 692 vero
1702 633 1771 691 dum
1786 651 1819 694 01

134 736 167 789 11
179 732 295 804 negotio
312 732 468 789 terminum
479 734 640 807 imponant,
653 735 738 792 100101
750 736 826 808 quod
838 736 950 809 sapien·
1002 733 1157 806 postulent,
1172 746 1236 803 que
1248 731 1310 786 sine
1325 729 1434 787 invidia
1449 729 1590 797 omnium,
1613 734 1642 784 et
1662 728 1819 800 reprehen-

135 825 243 882 tissimo
255 827 374 883 consilio
387 844 439 883 suo
451 828 631 900 judicaverit.
1001 828 1082 883 sione
1093 842 1154 882 esse
1176 841 1234 883 non
1255 827 1385 898 possunt,
1399 840 1457 882 nou
1478 838 1592 882 necesse
1606 838 1654 880 eos
1666 821 1708 881 ire
1723 822 1761 882 ad
1774 839 1817 880 co·

171 920 238 976 Vlll.
253 919 335 974 Osius
348 920 834 995 episcopusdixit:importunitatis
848 928 952 982 nostre
1002 920 1145 976 miletum.

134 1012 223 1068 nimia
235 997 406 1086 frequentia,
420 1017 448 1070 et
460 1015 573 1086 injustae
586 1017 739 1089 petitiones
759 1018 889 1075 iecerunt
900 1036 953 1075 nos
1038 1015 1081 1069 lit.
1091 1012 1266 1069 Gaudentius
1277 1011 1520 1084 episcopusdixit:
1534 1014 1573 1068 Ea
1585 1028 1650 1084 quae
1668 1011 1818 1070 salubriter

135 1123 194 1162 non
208 1111 320 1163 tantam
332 1108 437 1163 hahere
450 1109 573 1180 gratiam
588 1114 639 1167 aut
650 1111 795 1183 fiduciam,
806 1113 876 1167 dum
888 1113 951 1184 qui.
1003 1106 1161 1180 providistis
1171 1105 1350 1162 convenienti
1359 1105 1551 1162 aestimatione
1564 1105 1758 1177 omniumque
1764 1107 1818 1162 ileo

137 1199 202 1254 dam
217 1216 274 1254 non
287 1205 399 1256 cessant
414 1201 448 1256 ad
462 1193 628 1258 comitatum
640 1203 682 1260 ire
691 1204 816 1277 episcopi
829 1205 953 1262 maxime
1003 1200 1141 1273 placitura
1154 1204 1183 1256 et
1198 1198 1818 1256 hominibustenerehactenusfortitudinem

136 1291 222 1361 afri,
255 1293 305 1366 qui
330 1294 413 1349 sicuti
440 1296 636 1367 cognovimus,
663 1297 837 1354 sanctissimi
861 1298 955 1355 fratris
1003 1296 1132 1368 possunt,
1140 1293 1163 1349 si
1174 1292 1495 1349 metushuicsenteutiee
1506 1294 1709 1366 conjungatur,
1717 1293 1818 1349 scimus

138 1385 297 1459 coepiscopi
317 1388 408 1444 nostri
429 1389 503 1462 grati
517 1389 634 1446 consilia
657 1391 789 1448 salutaria
803 1394 953 1466 spemnnt,
1003 1389 1082 1446 enim
1094 1389 1179 1444 etiam
1199 1387 1253 1459 ipsi
1273 1386 1428 1459 sepissime
1448 1391 1565 1459 propter
1583 1403 1742 1459 paucorum
1766 1386 1817 1443 im·

16 1491 22 1501 ‘
138 1483 225 1552 atque
247 1485 447 1551 contemnunt,
472 1485 500 1538 et
531 1500 589 1538 non
614 1483 705 1539 solum
726 1485 763 1541 ad
787 1485 954 1542 comitatum
1002 1481 1306 1557 prudentiamsacrum
1315 1479 1521 1551 acroligiosum
1529 1479 1706 1536 sacerdotale
1715 1497 1818 1537 nomeu

139 1573 243 1628 multas
263 1577 291 1629 et
313 1575 436 1630 diversas
455 1577 584 1632 Ecclesia
605 1594 664 1632 non
688 1579 853 1650 profuturas
878 1595 953 1651 prae·
1003 1576 1090 1633 luisse
1105 1576 1322 1648 reprehensum.
1346 1573 1374 1631 Si
1393 1573 1482 1646 igitur
1495 1577 1593 1629 contra
1613 1573 1747 1630 omnium
1761 1591 1819 1630 seu

139 1666 236 1722 lerunt
249 1683 355 1736 sarisas,
372 1672 404 1723 ut
417 1669 481 1723 lieri
493 1670 565 1725 solet
579 1674 627 1725 eut
641 1674 765 1741 oportet,
777 1676 808 1727 11
823 1673 874 1726 aut
887 1688 955 1744 pau·
1004 1669 1124 1726 tentiam
1139 1669 1241 1741 aliquis
1255 1668 1331 1723 visus
1341 1667 1429 1722 110111
1438 1666 1588 1722 ambitioni
1601 1668 1718 1740 placere
1730 1667 1821 1740 magis

137 1760 264 1830 peribus,
276 1764 326 1815 aut
338 1760 440 1829 viduis,
455 1766 504 1817 aut
517 1763 633 1835 pupillis
653 1764 846 1835 subveniatur,
863 1764 913 1820 sed
927 1739 1820 1836 0111110111)οο,110101101100011111011111111010101101ῳο

140 1852 292 1924 dignitates
319 1856 477 1923 1100111101,
502 1860 531 1911 01
552 1857 814 1914 administrationes
838 1858 954 1929 quibus·
1004 1856 1175 1928 dignitatem
1191 1872 1221 1910 se
1234 1855 1417 1922 amissurum,
1433 1856 1488 1909 hoc
1501 1858 1597 1910 aulem
1610 1853 1685 1920 sciri,
1698 1857 1727 1910 01
1741 1871 1819 1910 com-

139 1962 224 2018 111111
238 1948 700 2022 101111111110011101011111101
712 1949 780 2006 olim
794 1966 852 2006 non
863 1951 956 2006 solum
1005 1949 1090 2024 periri
1105 1949 1208 2021 poterit
1220 1950 1244 2005 si
1259 1948 1456 2021 unusquisque
1477 1953 1606 2005 nostrum
1620 1948 1669 2020 qui
1684 1947 1716 2003 in
1730 1948 1820 2004 canali

139 2040 391 2111 murmurationes,
408 2043 457 2098 sed
475 2047 503 2099 01
516 2043 649 2099 scandala
673 2044 785 2100 excitat.
799 2046 956 2100 llonestum
1005 2044 1175 2100 constitutus
1193 2048 1237 2098 011
1256 2059 1322 2098 curn
1344 2042 1576 2115 progredientem
1594 2041 1761 2114 episcopum
1780 2041 1819 2097 vi·

139 2135 291 2188 astantem
301 2137 333 2188 ut
345 2134 492 2206 episcopus
503 2135 735 2192 intercessionem
743 2153 824 2193 suam
831 2136 953 2208 111111110-
1006 2137 1089 2204 derit,
1103 2136 1229 2208 inquirat
1242 2135 1398 2191 transitum
1423 2135 1496 2207 ejus,
1518 2151 1617 2191 causas
1638 2134 1746 2205 videat,
1765 2151 1820 2207 quo

140 2228 194 2280 stet
208 2226 257 2297 qui
270 2226 363 2297 aliqua
382 2226 481 2298 iniquo
501 2227 527 2280 vi
550 2229 763 2299 opprimuntur,
776 2235 825 2285 aut
838 2230 861 2285 si
872 2229 957 2285 vidua
1004 2229 1107 2297 tendit,
1123 2230 1266 2300 agnoscat.
1281 2230 1315 2285 at
1328 2228 1352 2283 si
1364 2227 1555 2300 quidemeum
1567 2228 1719 2299 agnoverit
1731 2226 1775 2283 ire
1785 2227 1820 2283 ad

140 2315 292 2388 affligatur,
314 2320 364 2372 aut
385 2319 510 2391 pupillus
532 2321 713 2392 exspolietur,
734 2326 830 2378 tamen
853 2327 882 2378 01
902 2322 957 2377 ista
1006 2323 1183 2392 comitatum,
1199 2322 1326 2394 requirat
1346 2321 1417 2377 illud
1437 2321 1514 2394 quod
1537 2321 1669 2394 superius
1687 2337 1820 2394 compre·

140 2411 238 2466 omnia
249 2410 272 2465 si
283 2410 393 2482 justam
413 2412 539 2469 habeant
554 2431 666 2469 causam
685 2420 714 2471 et
734 2415 912 2487 petitionem.
927 2416 956 2471 Si
1006 2417 1129 2472 hensum
1146 2420 1199 2485 011,
1221 2415 1347 2471 1010110
1367 2415 1504 2471 invitatus
1529 2415 1575 2483 sit,
1597 2418 1631 2470 ut
1653 2414 1681 2471 ei
1707 2414 1821 2471 facultas

140 2502 219 2559 vobis
234 2520 313 2576 ergo,
328 2504 428 2561 iratres
443 2505 610 2575 charissimi,
626 2509 729 2579 placet,
746 2508 900 2579 decernite,
919 2524 957 2565 ns
1007 2510 1094 2565 eundi
1116 2509 1308 2582 permittatur,
1332 2509 1357 2562 si
1381 2525 1448 2564 vero
1479 2511 1510 2562 ut
1535 2506 1666 2580 superius
1693 2507 1822 2564 meminit

140 2596 263 2670 episcopi
283 2599 317 2654 ad
339 2598 507 2655 comitatum
528 2602 675 2671 accedant,
697 2601 753 2656 nisi
775 2601 847 2658 lorte
863 2602 892 2657 hi
906 2603 957 2674 qui
1007 2603 1137 2659 sanctitas
1151 2606 1243 2657 restra
1259 2606 1379 2674 propter
1402 2601 1543 2657 desideria
1557 2605 1586 2657 et
1600 2601 1772 2658 ambitiones
1783 2601 1820 2656 110

139 2690 344 2762 religiosissimi
360 2691 538 2765 imperatoris
551 2694 663 2762 litteris,
677 2694 956 2751 velinvitatiiuerint
1007 2696 1043 2752 ad
1075 2697 1243 2751 comitatum
1278 2695 1451 2762 tentaverit,
1487 2711 1579 2767 neque
1616 2694 1722 2750 litteris
1763 2695 1821 2766 ejus

137 2784 181 2838 vel
196 2784 297 2855 vocati,
307 2786 502 2857 sedquoniam
517 2803 593 2859 11ρο
603 2788 754 2859 contingit,
765 2787 955 2844 utadmiseri-
1007 2788 1207 2859 subscribatur,
1221 2805 1314 2861 neque
1334 2788 1363 2843 in
1387 2789 1590 2844 communione
1612 2787 1778 2860 recipietur.
1795 2787 1820 2844 si

140 2876 266 2932 cordiam
295 2878 424 2934 Ecclesia
451 2879 637 2952 confugiant,
668 2882 718 2953 111
745 2881 881 2953 injuriam
907 2898 956 2954 pa·
1006 2883 1086 2939 vobis
1106 2884 1204 2955 placet,
1225 2883 1309 2938 debet
1331 2882 1463 2937 omnium
1487 2881 1628 2939 sententia
1646 2881 1819 2937 confirmari.

139 2969 259 3040 liuntur,
283 2975 312 3026 01
331 2971 379 3044 qui
402 2976 552 3045 peccantes
574 2973 603 3028 in
626 2974 768 3043 exsilium,
790 2975 833 3031 vel
852 2975 958 3031 insulas
1007 2976 1135 3032 Universi
1153 2977 1307 3032 dixerunt:
1324 2976 1382 3032 lloc
1403 2975 1555 3033 honestum
1577 2979 1695 3045 0110,οι
1714 2975 1821 3048 placem

140 3063 326 3134 damnantur,
335 3069 383 3121 aut
392 3070 468 3122 certe
478 3081 680 3140 quamcunque
689 3069 862 3125 sententiam
872 3069 995 3174 susci-C
1008 3070 1060 3126 sibi
1070 3070 1310 3126 constitutionem.

138 3157 231 3229 piunt,
244 3157 364 3231 ideoque
379 3159 606 3215 subveniendum
628 3166 669 3218 est
690 3162 745 3229 his,
759 3162 861 3218 alsine
877 3162 957 3218 dubi·
1042 3164 1093 3218 llll.
1110 3163 1191 3219 Osius
1206 3163 1354 3236 episcopus
1376 3163 1466 3219 dixit:
1482 3163 1535 3218 Sed
1557 3165 1585 3217 et
1609 3162 1772 3219 moderatio
1784 3164 1823 3218 011

140 3251 247 3309 tatione
269 3252 309 3308 eis
330 3253 454 3325 petenda
477 3270 529 3326 per
550 3254 702 3311 Ecclesiam
721 3255 911 3327 indulgentia.
928 3255 957 3311 Si
1007 3256 1177 3324 necessaria,
1204 3255 1379 3312 dilectissimi
1407 3256 1516 3322 iratres,
1545 3271 1581 3311 ne
1609 3254 1703 3311 subito
1732 3255 1822 3312 adhuc

140 3360 207 3400 vero
218 3345 271 3401 hoc
284 3346 362 3401 vohis
376 3348 479 3418 placet,
498 3350 648 3405 statuatur.
663 3348 791 3405 Universi
802 3348 955 3408 dixerunt:
1007 3349 1122 3422 quidam
1142 3350 1301 3405 nescientes
1323 3348 1392 3420 quid
1413 3349 1560 3404 decretum
1582 3347 1619 3404 sit
1640 3347 1671 3403 in
1700 3348 1820 3420 synodo,

139 3432 243 3507 Placet,
258 3443 286 3495 01
296 3441 495 3497 constituatur.
1006 3443 1140 3498 venerint
1153 3441 1245 3498 suhito
1259 3443 1295 3497 ad
1310 3442 1435 3498 civitates
1449 3457 1506 3511 001,
1517 3457 1581 3513 quae
1595 3440 1625 3496 in
1637 3440 1732 3496 001111
1745 3447 1819 3508 sunt,

173 3533 215 3587 IX.
233 3533 315 3588 Osius
328 3533 475 3607 episcopus
488 3535 560 3590 dixit
574 3552 581 3591 :
595 3536 660 3591 Haec
673 3552 789 3608 quoque
803 3536 957 3609 prudentia
1006 3535 1248 3608 debeteplscopus
1258 3535 1377 3591 civitatis
1387 3535 1476 3607 ipsius
1486 3532 1826 3590 admonereetinstruere

138 3627 230 3680 vestra
243 3629 365 3682 tractare
378 3627 471 3699 dehet,
483 3628 551 3702 quia
564 3632 597 3685 ut
611 3627 774 3684 decrevistis
783 3646 820 3685 ne
831 3628 957 3703 episcopi
1007 3630 1100 3697 illum,
1116 3634 1145 3686 et
1159 3644 1192 3684 ex
1207 3645 1241 3685 eo
1255 3630 1318 3684 loco
1326 3628 1373 3683 ille
1384 3627 1480 3683 mittat
1491 3626 1656 3696 diaconum,
1664 3626 1825 3684 admonitus

138 3717 309 3791 improbitas
319 3723 438 3777 notetur
450 3722 487 3778 ad
500 3723 668 3778 comitatum
677 3723 866 3795 pergendum,
882 3735 958 3796 quae·
1007 3728 1105 3779 tamen
1118 3723 1177 3795 ipse
1188 3722 1287 3778 redeat
1301 3721 1337 3777 ad
1349 3720 1518 3794 parochiam
1532 3736 1623 3776 suam.

138 3829 250 3885 cunque
264 3830 334 3888 ergo
355 3798 452 3887 quales
475 3816 606 3889 superius
620 3817 841 3872 memoravimus
860 3833 958 3889 preces
1042 3818 1109 3872 lilii.
1121 3815 1203 3872 Osius
1215 3815 1362 3888 episcopus
1374 3814 1446 3870 dixit
1460 3813 1679 3885 :Necessarium
1688 3813 1823 3882 arbitror,

139 3906 300 3978 habuerint,
308 3908 522 3982 velacceperint
534 3910 840 3982 pardiaconumsuum
851 3909 956 3976 mittat,
1007 3915 1039 3966 ut
1061 3908 1275 3981 diligentissime
1297 3908 1431 3975 tractetis,
1456 3906 1480 3962 si
1498 3907 1572 3963 10110
1596 3911 1648 3963 011
1668 3906 1826 3979 (11101011

139 4000 205 4071 quia
218 4018 342 4074 persona
354 4001 478 4058 ministri
491 4018 551 4058 non
564 4003 619 4058 erit
637 4002 786 4071 invidiosa,
803 4019 868 4075 quse
881 4002 957 4057 cele·
1007 4003 1189 4060 scholasticus
1197 4001 1232 4058 de
1240 4002 1371 4071 toro,aut
1380 4018 1413 4056 ex
1423 4000 1670 4057 administratione
1677 4000 1825 4074 episcopus

139 4092 199 4147 rius
213 4095 320 4165 poterit
334 4111 399 4165 qma
409 4094 603 4166 impetraverit
616 4096 734 4152 reterre.
749 4098 784 4151 Et
792 4095 848 4151 hoc
860 4110 958 4150 couse-
1006 4097 1094 4152 inerit
1108 4095 1277 4168 postulatus,
1294 4112 1352 4151 non
1375 4095 1454 4167 prius
1473 4094 1633 4162 ordinetur,
1650 4093 1707 4150 nisi
1719 4099 1749 4151 01
1761 4097 1827 4150 ante

139 4200 231 4257 quens
258 4202 320 4241 0110
349 4186 475 4255 videtur,
502 4190 533 4242 ut
558 4188 753 4260 unusquisqne
786 4189 835 4260 qui
863 4204 960 4260 preces
1007 4189 1120 4246 lectoris
1130 4205 1262 4257 munere,
1273 4188 1404 4244 etolilcio
1414 4187 1525 4243 diaconi
1533 4192 1562 4243 et
1570 4187 1732 4260 presbyteri
1742 4186 1829 4244 luerit

140 4276 275 4333 habuerit
296 4295 344 4334 eas
359 4279 396 4334 ad
416 4280 520 4337 iratres
535 4284 564 4336 et
584 4281 769 4354 coepiscopos
783 4284 896 4337 nostros
909 4281 958 4361 qui
1007 4284 1182 4357 perfunctus.
1206 4283 1240 4337 Et
1259 4282 1299 4337 ita
1321 4297 1374 4353 per
1397 4279 1524 4352 singulos
1545 4280 1661 4352 gradus,
1676 4280 1701 4336 si
1723 4280 1827 4354 dignus

140 4371 168 4426 in
191 4371 317 4428 maxima
338 4372 460 4442 civitate,
486 4374 516 4429 id
541 4378 593 4445 est,
621 4374 670 4447 qui
692 4374 843 4448 metropoli
861 4374 957 4430 consi·
1007 4377 1103 4445 110111,
1115 4375 1249 4440 ascendat
1259 4374 1295 4430 ad
1304 4375 1419 4430 culmen
1428 4375 1615 4446 episcopatus,
1629 4378 1737 4446 postest
1749 4373 1827 4430 enim

138 4469 227 4537 11111,
242 4465 368 4535 mittant,
389 4470 417 4523 et
438 4467 478 4523 illi
504 4483 555 4540 per
579 4485 644 4523 suos
658 4468 793 4525 diaconos
806 4468 957 4540 destinent,
968 4466 998 4539 D
1010 4487 1060 4544 per
1074 4472 1134 4538 has,
1151 4469 1346 4542 promotiones
1364 4484 1428 4540 quse
1449 4466 1558 4522 hebent
1569 4466 1668 4539 utique
1682 4467 1828 4539 prolixum

139 4564 293 4622 tribuendo
309 4565 557 4622 commendatitias
576 4566 707 4640 epistolas
722 4567 784 4640 pari
798 4567 908 4623 ratione
923 4567 959 4623 ad
1008 4568 1124 4636 tempus
1144 4562 1270 4634 probari,
1291 4577 1346 4632 qua
1368 4561 1423 4618 tide
1445 4560 1490 4630 sit,
1513 4575 1605 4633 quave
1625 4559 1780 4631 modestia,
1799 4563 1828 4615 et

139 4657 242 4713 iratres
256 4661 285 4713 et
301 4659 480 4733 coepiscopos
496 4665 607 4717 nostros
620 4660 712 4734 quiin
725 4660 772 4716 illo
784 4663 915 4733 tempore
928 4660 958 4716 in
1009 4656 1148 4730 gravitate
1156 4658 1185 4711 et
1192 4654 1371 4710 verecundia.
1384 4655 1426 4724 Et,
1435 4653 1571 4726 sidignns
1583 4652 1678 4721 fuerit,
1690 4652 1827 4727 probatus

139 4750 184 4806 his
208 4751 375 4823 regionibus
407 4758 435 4810 et
469 4755 586 4811 urbibus
611 4758 770 4824 morantur,
799 4753 831 4808 in
855 4753 958 4826 quibus
1007 4751 1103 4807 divino
1115 4749 1273 4805 sacerdotio
1294 4748 1461 4803 illustretur.
1484 4748 1557 4803 Nam
1578 4763 1631 4803 nec
1653 4746 1826 4803 conveniens

87 4878 101 4890 .
138 4843 204 4900 icllx
220 4849 249 4900 et
270 4844 369 4900 beatus
383 4848 557 4921 Augustinus
578 4848 788 4921 rempublicam
809 4847 956 4919 gubernat.
1008 4849 1060 4912 est,
1078 4860 1130 4899 nec
1152 4842 1270 4898 rationis
1290 4840 1439 4912 disciplina
1463 4841 1581 4913 patitur,
1608 4842 1639 4894 ut
1664 4844 1775 4896 temere
1794 4856 1826 4896 ac

139 4937 168 4994 Si
189 4954 256 4994 vero
271 4938 359 4996 habet
372 4940 436 5012 quis
450 4941 649 5014 episcoporum
671 4943 779 4996 amicos
794 4940 824 4996 in
838 4940 957 5013 palatio,
1008 4938 1109 4994 leviter
1134 4936 1283 4992 ordinetur
1312 4933 1476 5005 episcopus,
1508 4937 1557 4988 aut
1581 4932 1747 5004 presbyter,
1778 4936 1827 4988 ant

139 5031 189 5104 qui
196 5031 273 5104 cupit
281 5032 390 5105 aliquid
399 5035 475 5106 quod
483 5037 578 5091 tamen
592 5035 747 5092 honestum
755 5036 798 5089 est
806 5033 958 5106 impetrare
1008 5032 1155 5098 diaconus,
1179 5028 1229 5100 qui
1252 5027 1413 5098 neophytus
1428 5030 1479 5094 est,
1495 5026 1622 5082 maxime
1636 5042 1704 5082 cum
1721 5025 1826 5082 beatis·
1838 5095 1864 5103 .-

138 5142 197 5182 non
218 5126 406 5198 prohibeatur
428 5145 481 5200 per
501 5129 656 5185 diaconum
680 5145 765 5184 suum
791 5143 905 5199 rogare,
931 5130 959 5182 01
1008 5125 1096 5181 simus
1116 5121 1269 5195 Apostolus
1291 5119 1430 5191 magister
1448 5119 1588 5191 gentium,
1607 5135 1646 5174 ne
1666 5119 1723 5175 hoc
1743 5118 1827 5174 tieret

138 5219 300 5292 significare
316 5220 356 5275 eis
369 5236 442 5294 quos
464 5222 516 5278 scit
536 5222 662 5294 benigna
685 5221 884 5278 intercessione
905 5218 959 5274 sibi
1008 5216 1188 5274 denuntiasse
1202 5216 1231 5270 et
1244 5213 1425 5286 prohibuisse
1440 5212 1581 5281 videatur,
1595 5212 1643 5269 sed
1657 5211 1688 5267 hi
1702 5227 1827 5285 quaerum

139 5314 249 5370 absenti
271 5331 354 5387 posse
373 5319 518 5388 prestare.
542 5315 595 5382 Qui
616 5332 684 5371 vero
700 5316 819 5372 Romam
837 5312 957 5384 venerit,
1009 5311 1200 5386 perlongum
1219 5311 1333 5380 tempus
1356 5305 1520 5362 examinata
1541 5306 1578 5362 sit
1600 5305 1657 5361 vita
1677 5309 1708 5361 et
1721 5305 1828 5362 merita

138 5408 211 5464 sicut
230 5408 338 5465 dictum
358 5413 410 5479 est,
433 5409 612 5466 sanctissimo
635 5408 716 5465 tratri
742 5413 770 5463 et
791 5407 958 5480 coepiscopo
1008 5404 1201 5478 comprobata.
1215 5400 1342 5460 Universi
1355 5401 1488 5456 deerunt
1501 5399 1610 5472 placere
1624 5398 1679 5455 sibi
1692 5399 1766 5455 hec.

139 5505 238 5559 nostro
253 5505 389 5561 itomanae
402 5503 532 5561 Ecclesia
549 5520 647 5576 preces
661 5520 730 5576 quas
743 5501 839 5570 habet,
856 5502 958 5573 tradat,
1045 5500 1109 5555 xlv,
1124 5497 1204 5555 Osius
1217 5495 1366 5569 episcopus
1381 5493 1455 5550 dixit
1472 5511 1480 5549 t
1495 5494 1551 5548 Hoc
1573 5508 1687 5566 quoque
1700 5494 1827 5549 statum

139 5597 173 5652 ut
186 5596 247 5667 ipse
260 5598 339 5670 prius
353 5597 498 5655 examinet
513 5598 535 5654 si
550 5599 689 5666 honesta,
703 5600 733 5651 01
748 5597 832 5669 justae
846 5598 923 5664 sunt,
932 5599 960 5650 01
1010 5591 1130 5661 debetis,
1146 5589 1337 5662 utepiscopus
1350 5585 1452 5643 exalia
1465 5586 1578 5642 civitate
1592 5600 1659 5643 cum
1671 5584 1826 5644 1010111011

132 5691 257 5754 prestet
268 5691 447 5762 diligentiam
455 5694 542 5765 atque
556 5691 775 5747 sollicitudinem
786 5693 820 5745 ut
828 5689 865 5746 ad
874 5689 961 5744 comi·
1008 5686 1093 5742 aliam
1118 5683 1272 5751 civitatem,
1300 5681 1345 5738 vel
1373 5697 1409 5736 ex
1435 5679 1582 5752 provincia
1608 5694 1659 5735 sua
1679 5679 1718 5737 ad
1740 5679 1826 5738 sliam

119 5777 216 5829 tatum
231 5782 432 5849 perferentur.
451 5785 583 5847 Universi
596 5785 879 5848 dixerunt:Ptapere
894 5780 959 5844 sibi.
1008 5777 1203 5857 provinciam,
1236 5779 1266 5833 01
1297 5773 1447 5832 ambitioni
1474 5772 1566 5848 magis
1601 5771 1706 5831 serviat
1741 5787 1830 5847 quam
