3870 6150
792 266 1046 325 ructuantibus.
1726 284 1770 327 xix

83 406 111 456 et
122 399 237 473 synodo
259 396 374 453 11199999
392 409 480 468 quain
497 394 658 463 Gratianus,
673 411 706 450 99
722 410 754 449 re
772 394 918 465 deceptus,
936 392 1012 449 inter
1030 393 1189 449 melchiadis
1202 394 1358 451 decretales
1374 397 1551 468 computavit
1564 397 1628 470 (96).
1642 397 1769 453 Primam

83 493 201 562 partein
213 486 351 543 claudunt
365 486 469 558 spuriae
481 484 663 556 imperatoris
673 482 850 540 Constantini
866 482 919 554 (97)
932 482 1092 538 donationis
1104 483 1216 539 litterae.

116 598 219 652 ,111999
231 611 307 667 pars,
329 610 435 665 nempe
457 592 644 649 concilionim
658 590 797 659 collectio,
818 607 835 646 a
855 590 1018 663 fragmento
1033 592 1162 663 prooemii
1185 592 1315 664 Hispanae
1333 592 1510 649 Collectionis
1524 592 1588 664 (96),
1604 593 1677 650 sicut
1691 600 1720 649 et
1733 595 1769 651 ab

82 687 172 741 altero
192 682 373 740 collectionis
390 683 588 748 Quesnelianie
607 682 660 753 (99)
673 683 846 753 fragmento,
861 680 974 737 initium
995 681 1091 737 habet.
1109 683 1139 737 ln
1157 681 1266 736 canteris
1289 681 1359 736 nihil
1378 682 1431 737 ista
1449 699 1516 753 pars
1536 698 1553 736 a
1572 682 1667 752 prima
1689 686 1769 754 parte

82 773 264 830 Collectionis
278 772 411 843 llispanoe
424 771 528 827 dillert.
543 771 648 826 Eadem
661 774 704 826 est
719 771 847 842 utrisque
864 769 972 841 divisio,
985 771 1088 826 eadem
1107 776 1136 826 et
1155 770 1340 826 conciliorum
1360 770 1449 826 series
1459 772 1540 840 (199).
1552 771 1583 825 19
1594 771 1676 826 tertia
1686 776 1769 842 parte

82 862 259 936 procamium
278 861 347 916 item
367 877 403 916 ex
422 861 550 932 llispana
570 867 749 933 assumptum
765 861 829 916 1911.
845 861 1009 933 Sequuntur
1029 864 1109 929 qesta
1126 858 1260 930 Syliestri
1278 860 1347 929 (395)
1364 858 1448 914 simul
1469 864 1498 914 et
1517 859 1670 914 decretales
1683 860 1769 931 bajas

83 968 163 1024 papae
179 950 424 1023 sequentiumque
439 965 616 1005 summorum
631 949 810 1020 pontificum,
825 965 916 1021 usque
939 949 975 1004 ad
999 948 1164 1021 Gregorium
1186 948 1208 1003 ll
1231 946 1314 1020 (791),
1333 964 1390 1019 quo
1409 947 1507 1002 sedem
1528 951 1656 1017 tenente,
1673 949 1770 1020 spuria

85 1042 213 1113 quinque
237 1045 267 1096 et
288 1040 405 1112 triginta
426 1057 524 1095 rursus
545 1040 708 1112 magmenta
729 1039 919 1096 addebantur.
936 1041 1002 1094 -1199
1025 1054 1116 1109 usque
1141 1040 1218 1092 recta
1244 1035 1361 1108 quidem
1387 1036 1523 1108 originale
1544 1037 1768 1109 manuscriptum

82 1131 259 1202 agnoscitur.
274 1131 373 1185 Postea
387 1129 516 1200 sequitur
529 1143 649 1185 vacuum
663 1128 780 1195 folium3
800 1129 914 1199 deinde,
934 1130 1034 1185 eadem
1054 1144 1144 1183 manu
1160 1125 1283 1195 scripta,
1303 1125 1405 1197 quinta
1419 1131 1447 1182 et
1460 1133 1538 1183 sexta
1550 1127 1655 1199 spuriae
1669 1127 1771 1199 synodi

85 1221 248 1292 Symmachi
263 1221 292 1274 et
308 1217 444 1292 quaedam
460 1217 497 1273 de
517 1218 572 1274 boc
593 1234 666 1290 papa
680 1218 784 1290 scripta
802 1219 989 1292 apologetica,
1007 1234 1073 1273 cum
1092 1215 1204 1271 duabus
1222 1214 1311 1285 ipsius
1330 1214 1475 1285 epistolis?
1495 1217 1561 1271 Post
1576 1216 1678 1271 lolium
1692 1215 1770 1271 aliud

85 1327 205 1365 racuiim
218 1309 358 1381 leguntur
371 1307 551 1379 supposititia
562 1307 694 1380 quaedam
708 1308 895 1380 engelramni
909 1308 1033 1381 capitula
1050 1306 1118 1378 (176)
1124 1323 1134 1381 5
1154 1304 1258 1360 deinde
1276 1303 1421 1375 octoginta
1442 1303 1476 1358 de
1495 1305 1653 1361 actionibus
1672 1310 1772 1361 contra

86 1399 231 1470 episcopos
245 1402 274 1452 et
285 1397 404 1452 clericos
416 1396 576 1463 sententiae,
590 1396 663 1451 sicut
673 1399 702 1451 et
714 1396 771 1451 alia
783 1397 903 1453 minoris
916 1395 1056 1454 momenti
1069 1396 1232 1466 fragmenta
1248 1393 1256 1464 (
1261 1392 1331 1464 191).

118 1502 345 1559 Pseudo-isidori
357 1501 492 1558 Colleciio
505 1503 595 1558 multo
612 1503 753 1574 copiosior
765 1509 808 1560 est
820 1523 906 1578 quam
919 1508 1051 1581 llispana,
1067 1522 1171 1578 nempe
1182 1521 1247 1561 oum
1262 1503 1292 1560 in
1308 1502 1412 1575 spuriis
1426 1503 1614 1559 decretalibus
1624 1503 1722 1557 inultae
1733 1503 1769 1558 do

84 1595 245 1666 dogmatica
264 1597 294 1648 ct
315 1593 418 1649 morali
432 1594 585 1647 occurrant
602 1592 769 1662 solutiones,
788 1596 895 1652 scilicet
911 1613 917 1652 :
933 1595 1093 1662 Ordinatio,
1112 1593 1280 1665 baptismus,
1300 1591 1489 1660 contlrmatio,
1510 1592 1727 1647 matrimonium
1742 1595 1771 1646 et

84 1683 264 1749 sacrificium,
275 1681 434 1753 jejunium,
454 1679 595 1753 paschalis
613 1680 789 1753 solemnitas,
810 1685 937 1743 inventio
957 1687 1058 1756 crucis,
1080 1701 1232 1757 corporum
1249 1685 1445 1756 apostolorum
1465 1683 1620 1754 translatio,
1635 1684 1768 1751 chrisma,

83 1790 157 1844 aqua
167 1771 329 1841 benedicta,
345 1771 529 1826 ecclesiarum
541 1772 725 1840 consecratio,
740 1773 867 1845 tragum,
882 1777 991 1832 vasium
1004 1791 1152 1831 sacrorum
1167 1780 1197 1831 et
1210 1777 1441 1831 ornamentorum
1456 1774 1626 1830 benedictio.

118 1881 148 1935 ln
162 1896 196 1935 eo
208 1882 306 1936 autem
321 1878 463 1949 imprimis
476 1882 592 1949 praestat
607 1877 764 1936 isidoriana
779 1883 912 1941 Collectio
927 1887 1004 1958 quod
1025 1883 1238 1939 accuratissime
1250 1898 1316 1953 quae
1333 1882 1368 1937 ad
1392 1881 1625 1937 constitutionem
1639 1880 1769 1936 Ecclesiae

81 1974 211 2040 speciant
228 1967 339 2022 9991991
350 1971 378 2022 91
392 1966 512 2021 ordinet.
529 1967 568 2022 lle
583 1969 702 2038 apostoli
717 1971 793 2025 Petri
808 1973 934 2044 primatu
952 1975 1012 2044 agit
1031 1973 1102 2027 sicut
1121 1977 1149 2027 91
1164 1970 1199 2025 de
1213 1970 1275 2040 ejus
1288 1970 1319 2025 in
1333 1969 1400 2024 sede
1415 1971 1539 2025 Romana
1554 1969 1768 2036 successorihus,
1852 2022 1856 2029 .

83 2058 123 2112 de
144 2057 264 2128 singulis
284 2055 454 2111 hierarchias
475 2055 619 2127 gradibus,
640 2063 677 2125 et,
701 2062 768 2114 ante
787 2061 894 2130 omnia,
916 2063 951 2117 de
974 2060 1152 2134 primatibus,
1172 2059 1208 2113 de
1227 2057 1407 2114 accusatione
1432 2060 1461 2111 et
1482 2074 1615 2129 processu
1635 2057 1769 2113 adversus

84 2146 239 2216 episcopos
252 2149 279 2199 91
292 2145 385 2213 laicos,
401 2144 436 2199 de
450 2161 549 2199 eorum
572 2145 608 2199 ad
625 2162 729 2218 papam
743 2150 942 2220 appellatione,
957 2166 1068 2205 necnon
1084 2148 1120 2202 de
1134 2146 1320 2202 conciliorum
1342 2145 1555 2217 provincialium
1579 2162 1645 2201 cum
1664 2146 1768 2201 eodeni

81 2234 237 2288 relatione.
909 2307 932 2361 Ι,

492 2412 763 2469 Pseudo-isidoriano
776 2415 894 2472 collectio
907 2417 979 2471 circe
991 2417 1080 2483 sontes
1090 2415 1165 2484 juris
1177 2364 1359 2469 aeclesiastici.

117 2560 227 2631 spuriae
246 2557 415 2627 decretales,
435 2556 539 2628 quibus
557 2556 683 2628 llispana
701 2559 846 2628 Collectio,
862 2565 924 2616 tuni
943 2560 1035 2629 initio,
1055 2566 1117 2615 tuin
1131 2559 1251 2631 posteris
1264 2559 1441 2631 temporibus
1456 2565 1537 2616 aucta
1552 2562 1653 2630 luerat,
1666 2579 1768 2634 parum

80 2651 194 2704 animos
203 2664 398 2715 commovere,
408 2650 502 2718 atque,
512 2646 643 2717 sepositis
654 2646 826 2718 quibusdam
835 2648 913 2704 liaud
922 2648 1054 2721 practicis
1063 2647 1312 2719 propositionibus,
1324 2648 1475 2704 obtinuere
1489 2649 1610 2721 ubique;
1626 2651 1766 2722 siquidum

80 2739 162 2793 nullo
180 2738 268 2793 modo
289 2736 445 2809 discipline
462 2736 660 2792 ecclesiasticae
679 2736 906 2793 adversabantur
923 2736 1006 2808 (109).
1026 2735 1248 2791 Pseudo-Isidori
1267 2736 1416 2790 sententies
1434 2737 1468 2792 de
1484 2737 1578 2793 diviua
1594 2742 1769 2810 apostolatus

78 2829 204 2900 origine,
219 2828 255 2882 de
267 2827 449 2898 episcopatus
467 2824 539 2895 (193)
560 2825 746 2894 successione,
762 2827 796 2882 de
809 2826 905 2882 divino
917 2827 1057 2898 primatus
1073 2824 1193 2879 lloniani
1209 2824 1348 2895 pontilicis
1367 2824 1497 2880 instituto
1512 2827 1572 2898 qui,
1589 2831 1619 2881 ut
1631 2833 1674 2883 est
1685 2836 1767 2900 caput

80 2917 225 2984 Ecclesia,
239 2914 309 2971 nulli
318 2915 350 2969 iii
359 2913 539 2985 terrisjudici
549 2913 707 2985 subjicitur,
717 2918 745 2970 91
754 2915 908 2970 universali
920 2916 1049 2971 Ecclesiae
1061 2915 1140 2987 loges
1153 2915 1284 2986 imponit,
1298 2915 1409 2970 eadem
1423 2920 1563 2988 suntquis
1574 2933 1606 2972 ex
1620 2918 1768 2990 Scriptura

80 3022 174 3074 sacra,
188 3021 223 3059 ex
235 3003 340 3059 sanctis
351 3002 490 3071 Patribus,
507 3020 541 3057 ex
554 3003 713 3059 traditionis
729 3005 859 3073 testibus,
874 3021 909 3061 ex
921 3005 1092 3060 authenticis
1107 3005 1182 3075 juris
1202 3004 1384 3060 ecclesiastici
1397 3005 1533 3075 lontibus,
1548 3008 1768 3080 suppeditantur

81 3097 165 3165 1191),
177 3096 249 3150 Aliae
263 3092 481 3166 propositiones,
495 3109 560 3165 que
571 3093 664 3165 primo
674 3098 789 3167 aspectu
804 3095 956 3149 novitatem
965 3110 1067 3165 sapere
1080 3093 1220 3163 videntur,
1232 3093 1269 3148 ad
1279 3110 1401 3149 examen
1413 3101 1550 3150 revocatae
1563 3096 1632 3152 tales
1646 3098 1767 3153 demon-

83 3183 398 3256 strantur,qnalesjam
408 3181 572 3238 insontibus
582 3183 668 3239 etiam
679 3183 898 3256 antiquioribus,
907 3183 950 3239 vel
961 3183 990 3237 in
1001 3183 1105 3237 actuali
1115 3187 1182 3237 tunc
1192 3198 1244 3237 usu
1255 3183 1426 3254 approbatas
1436 3183 1540 3256 ubique
1550 3185 1675 3256 reperies
1684 3188 1766 3257 (105);

85 3274 187 3330 deinde
199 3274 275 3342 91199,
286 3278 422 3345 tanquam
434 3272 588 3328 necessaria
601 3289 634 3328 ex
647 3271 908 3328 fundamentalibus
918 3271 1113 3327 ecclesiasticas
1124 3271 1332 3327 constitutionis
1341 3271 1488 3343 principiis
1501 3274 1651 3329 corollaria
1661 3275 1767 3345 lluuut,

85 3365 122 3418 ita
130 3369 274 3435 utparum
285 3362 391 3418 referat
399 3379 436 3416 an
446 3361 475 3416 in
486 3362 602 3417 canonis
613 3378 664 3417 seu
678 3361 826 3417 decretalis
838 3361 941 3429 sonna,
953 3378 1054 3431 necue,
1066 3377 1204 3432 expressae
1217 3360 1346 3416 luissent.
1362 3362 1401 3416 Ex
1415 3377 1472 3432 quo
1487 3362 1625 3434 sequitur,
1637 3365 1769 3420 omnibus

85 3454 161 3507 bene
179 3451 334 3518 elucidatis,
355 3452 385 3506 in
403 3449 628 3506 Pseudo-isidori
647 3448 775 3506 doctrina
796 3451 853 3506 iere
875 3451 945 3509 nihil
966 3451 1032 3506 novi
1052 3466 1197 3521 superesse
1217 3453 1300 3521 (196),
1317 3455 1434 3521 excepta
1454 3454 1550 3505 tamen
1564 3468 1623 3506 una
1644 3455 1767 3511 alterare

87 3541 288 3614 propositione,
302 3539 427 3611 exempli
443 3539 533 3610 gretia
549 3556 556 3594 :
575 3561 588 3589 9
602 3540 684 3595 119119
706 3540 777 3595 19199
800 3540 866 3595 11991
886 3541 1019 3597 clericum
1038 3556 1186 3607 accusare;
1205 3558 1218 3589 i
1232 3538 1311 3611 quod
1324 3538 1442 3611 quidem
1455 3556 1597 3612 nusquam
1609 3543 1639 3597 in
1654 3546 1767 3617 praxim

85 3631 198 3687 transiit
211 3632 293 3702 (197).

121 3741 151 3794 19
161 3755 218 3812 qua
230 3741 328 3792 tamen
340 3733 510 3791 collectione
522 3732 633 3804 aliquas
646 3732 681 3788 de
695 3731 896 3804 episcoporum
911 3749 975 3788 cum
989 3734 1118 3788 Romano
1137 3733 1260 3803 primatu
1278 3733 1414 3789 relatione
1428 3737 1534 3794 videbis
1547 3742 1767 3814 propositiones,

86 3848 148 3903 qua
162 3827 327 3886 utomnino
348 3840 429 3881 novar
450 3823 596 3878 habentur
614 3824 644 3877 et
664 3822 891 3878 Pseudolsidoro
903 3820 1085 3877 ascribendae.
1102 3821 1147 3875 Sic
1160 3819 1266 3891 legitur
1278 3819 1342 3887 ista,
1359 3820 1389 3875 in
1404 3824 1485 3892 praxi
1503 3831 1598 3882 tamen
1619 3846 1765 3901 nunquam

88 3919 225 3986 adhibita,
237 3914 396 3989 propositio
412 3930 419 3968 :
437 3931 451 3964 ii
464 3910 588 3968 Concilio
604 3910 789 3982 provincialia
799 3911 858 3967 sine
869 3911 973 3968 summi
986 3911 1129 3983 pontificis
1142 3925 1280 3966 consensu
1295 3926 1353 3965 non
1367 3909 1433 3967 licet
1445 3918 1615 3985 congregari
1626 3920 1707 3988 (198),
1718 3923 1767 3974 aut

89 4014 147 4082 ejus
156 4012 270 4076 saltem,
279 4008 315 4063 ad
326 4008 471 4079 gestorum
479 4002 510 4056 iu
519 3999 629 4072 synodo
640 4000 828 4072 validitatem,
840 4001 1043 4073 approbatione
1053 3999 1199 4070 indigent;
1211 4021 1225 4048 i>
1238 3998 1343 4055 deinde
1355 4017 1362 4054 ι
1375 4022 1389 4049 «
1397 4002 1427 4056 ln
1437 4004 1663 4061 accusationibus
1672 4008 1767 4063 adver-

120 4228 176 4295 (91)
185 4220 319 4279 ballerini
329 4222 385 4277 loc.
398 4219 457 4285 911,
474 4234 503 4273 9.
522 4220 565 4284 19,
577 4235 607 4344 p.
623 4220 684 4274 517.
950 4216 1030 4274 Conf.
1045 4217 1150 4271 Walter
1163 4218 1217 4272 loc.
1232 4217 1280 4272 cit.
1296 4235 1324 4289 p.
1341 4220 1405 4285 991,
1421 4221 1478 4273 not.
1495 4235 1523 4287 p.

121 4300 173 4361 (97(
197 4297 229 4349 V.
251 4294 320 4349 Can.
344 4292 536 4347 Constantinus
563 4291 573 4341 1
597 4331 605 4357 ,
634 4288 663 4344 d.
690 4291 734 4345 96.
762 4319 797 4329 -
819 4288 900 4345 coni.
987 4289 1059 4359 (191)
1086 4290 1117 4343 19
1139 4288 1252 4343 duobus
1270 4289 1339 4343 locis
1362 4305 1368 4344 ε
1391 4289 1530 4360 anaclet,
1552 4293 1633 4362 epist.
1656 4295 1682 4361 ³,
1704 4312 1728 4352 c.
1749 4300 1767 4353 9

89 4370 188 4422 Bienor
200 4368 241 4422 De
260 4364 370 4419 collect.
393 4361 585 4417 9999911991.
602 4360 716 4427 Graeca,
735 4360 751 4429 ᾗ
767 4361 809 4429 ll,
826 4377 854 4431 p.
867 4362 901 4414 79
952 4361 1029 4429 (Can.
1049 4362 1081 4414 lu
1099 4374 1167 4414 noco
1181 4362 1207 4426 9,
1226 4360 1253 4415 d.
1275 4361 1319 4430 91)
1339 4362 1367 4414 91
1386 4377 1410 4415 c.
1434 4363 1460 4416 9.
1478 4362 1556 4430 (Caii.
1576 4363 1764 4446 socrosancta,

88 4454 174 4575 seis.
190 4503 577 4583 0...............
806 4572 850 4583 ..
950 4430 1464 4583 (91911919119919,
1481 4434 1767 4573 11991911

120 4584 174 4650 Ιζ99)
197 4578 324 4651 Epistola
345 4575 389 4630 vel
409 4574 538 4647 prestabo
558 4588 636 4629 conc.
658 4574 716 4628 Nic.
738 4572 903 4628 beatissimo
953 4573 1010 4653 duo
1022 4571 1145 4642 capitula
1158 4571 1283 4626 diuinam
1298 4576 1438 4643 primatus
1451 4573 1659 4630 institutionem
1671 4576 1768 4650 singu·
1836 4616 1839 4627 .

88 4651 239 4707 silvestro.
953 4644 1005 4698 lari
1028 4641 1114 4696 modo
1142 4643 1284 4710 extollant,
1307 4643 1458 4697 voluntatis
1484 4646 1677 4702 aostolorum
1701 4665 1767 4704 cum

105 4708 904 4794 't100)Pseudo-isidorus,praeterconciliaomniaGriaca
953 4713 1047 4769 divina
1067 4714 1209 4794 voluntate
1225 4714 1404 4769 concordiam
1427 4661 1587 4786 significare
1608 4722 1766 4792 conantur;

86 4811 151 4866 quac
166 4794 198 4847 in
218 4790 387 4846 collectione
401 4787 525 4858 llispana
548 4786 740 4853 continentur,
757 4787 905 4857 sequentia
954 4800 1012 4840 non
1034 4789 1130 4839 autem
1152 4785 1263 4839 videtur
1282 4785 1342 4840 sieri
1358 4785 1530 4841 mentionem
1555 4788 1591 4844 de
1613 4790 1766 4847 Electione.

86 4865 202 4919 exhibet
217 4880 225 4917 :
239 4864 323 4917 Cone.
343 4859 437 4914 Carth.
459 4873 529 4923 9-19,
552 4860 582 4912 91
598 4858 681 4912 Conc.
699 4855 801 4920 llilev.;
818 4857 902 4911 Cone.
954 4855 1072 4925 (Walter
1084 4857 1138 4909 loc.
1154 4855 1213 4923 911,
1227 4873 1255 4927 p.
1275 4858 1333 4911 199.
1346 4857 1409 4911 Ν91.
1423 4856 1460 4927 9.)
1478 4854 1481 4859 ’

86 4937 192 4990 arelat.
217 4947 284 5002 i-iii;
309 4930 420 4985 Valent.
442 4928 556 4983 Taurin.
578 4927 689 4983 ltc'ens.
708 4925 834 4982 Arausio.
851 4927 903 4979 Va·
991 4927 1062 4996 1195)
1075 4925 1143 4980 Vide
1155 4927 1230 4997 apud
1245 4927 1349 4982 Walter
1362 4928 1413 4982 199.
1428 4928 1488 4995 911,
1500 4929 1517 4999 ti
1530 4931 1574 4994 99,
1590 4930 1692 4986 horum
1707 4933 1768 4989 lon-

86 5023 161 5061 sens.
179 5022 205 5073 i;
219 5001 322 5075 agath.
338 5006 367 5055 91
381 4999 523 5056 Aurelian.
540 5015 565 5067 13
579 4944 705 5052 Eliberit
720 4999 834 5068 Terrag.
849 4996 902 5051 Ge·
954 4997 1027 5051 tium
1041 4996 1256 5067 expositionem.

87 5078 172 5132 mind.
188 5078 352 5153 Caesarahg.
370 5088 394 5138 ι,
408 5069 490 5126 llerd.
504 5069 615 5133 Valent.
629 5069 717 5124 Tolet.
731 5083 802 5123 i-xiii
811 5086 819 5138 ;
836 5069 902 5121 Bra·
990 5070 1060 5135 (196(
1074 5068 1153 5121 tlonl.
1167 5068 1264 5122 llclele
1280 5069 1332 5124 loc.
1343 5070 1403 5136 911,
1420 5086 1445 5124 v.
1461 5072 1523 5140 610,
1539 5075 1592 5127 etc.

86 5166 145 5204 aar.
159 5165 168 5203 i
182 5153 254 5213 etii,
269 5143 398 5215 Capitula
410 5138 643 5198 llartiniltracar.
657 5155 688 5194 iii
702 5141 783 5205 (675);
798 5136 902 5210 llispal.
990 5141 1060 5209 (197)
1080 5140 1110 5192 V.
1131 5154 1175 5208 gr.
1199 5141 1337 5195 Clamant.
1363 5141 1446 5213 epist.
1471 5145 1494 5196 1.
1516 5144 1593 5213 (Can.
1613 5143 1767 5211 11991995.

87 5238 94 5274 i
111 5226 143 5274 et
154 5236 184 5274 ii.
955 5226 978 5264 c.
997 5212 1022 5276 5,
1036 5224 1064 5279 q.
1081 5210 1211 5277 1)(1991.
1228 5210 1401 5266 1191199199.
1417 5213 1476 5280 911,
1492 5229 1521 5284 p.
1534 5216 1587 5269 909
1603 5219 1661 5269 not.
1672 5233 1703 5286 p.

122 5287 291 5359 1191)(1991.
315 5284 430 5341 itoehier
444 5284 496 5337 loc.
512 5283 571 5350 911,
593 5299 622 5354 p.
636 5280 763 5337 985991.
828 5278 904 5332 Wel·
991 5280 1250 5351 (109)]91.,99191.
1276 5283 1300 5350 1,
1326 5298 1350 5336 9.
1372 5285 1399 5336 9.
1421 5285 1497 5354 (Can.
1520 5285 1635 5347 Dudum,
1656 5289 1683 5353 9,
1699 5301 1722 5339 9.
1740 5285 1766 5347 9,

86 5369 130 5416 (ρ,
140 5362 194 5415 100,
210 5359 271 5427 οη,
285 5359 301 5430 §
314 5358 359 5425 95,
393 5397 399 5409 ,
415 5353 506 5425 187,§
521 5357 565 5410 98.
955 5366 983 5422 q.
1001 5350 1041 5420 6.)
1060 5351 1109 5421 Ep.
1126 5354 1152 5419 9,
1168 5367 1288 5422 procum.
1304 5368 1311 5405 ε
1328 5374 1341 5401 «
1356 5353 1416 5407 Non
1436 5361 1566 5426 oportere
1582 5359 1686 5425 praeter
1701 5368 1765 5407 scii·

122 5435 197 5502 (199)
211 5429 293 5486 iloni.
307 5374 472 5497 berlinges,
485 5421 770 5479 Liberinstruetionis
781 5420 905 5476 historias
953 5422 1075 5502 tentiam
1097 5422 1214 5477 Romani
1235 5422 1375 5493 pontilicis
1389 5425 1447 5478 iillo
1460 5426 1545 5480 niodo
1557 5423 1678 5479 concilia
1690 5423 1766 5477 celc-

85 5502 374 5567 ecclesiasticarum
392 5498 425 5563 ll,
443 5513 471 5567 p.
484 5495 641 5565 463llefelo
656 5493 783 5560 loc.cit.,
797 5509 827 5564 p.
840 5494 904 5548 599.
954 5492 1043 5547 brari.
1064 5514 1078 5540 »
1104 5493 1136 5562 (Α
1157 5493 1194 5547 ud
1218 5493 1327 5548 llerlin.
1351 5495 1399 5549 iol.
1424 5497 1548 5564 19991.)
1570 5510 1595 5547 9.
1618 5495 1662 5547 99.
1690 5493 1765 5561 (1199.

86 5606 121 5616 -
135 5572 332 5629 pomp-1100,
349 5569 409 5637 cie,
422 5584 454 5648 p,
469 5569 512 5623 36,
954 5564 1059 5632 Reputo
1079 5565 1127 5632 9,·
1149 5605 1154 5617 .
1177 5564 1228 5635 17).
1246 5564 1308 5618 Vid.
1332 5566 1419 5620 etiam
1435 5582 1520 5637 supra
1535 5565 1651 5618 citatum
1673 5563 1767 5619 locuni

122 5644 197 5715 (193)
213 5645 366 5715 Propterea
383 5638 519 5710 episcopi,
526 5637 619 5763 (p'iixta
632 5634 904 5702 Pseudo-isidorum,
957 5632 981 5706 (ξ
998 5636 1061 5716 tlt,
1073 5639 1129 5689 not.
1151 5635 1205 5705 99).
1223 5664 1258 5677 -
1276 5635 1358 5692 Conl.
1375 5637 1482 5692 Walter
1500 5636 1554 5690 loc.
1574 5633 1622 5689 cit.
1648 5634 1678 5689 V.
1702 5638 1765 5704 999,

85 5718 165 5774 nullo
192 5715 279 5771 modo
302 5720 334 5770 ut
354 5709 475 5783 delegati
495 5725 524 5764 se
546 5709 570 5763 is
593 5708 728 5762 ltomance
752 5705 904 5763 habentur.
954 5708 1014 5761 not.
1032 5721 1085 5760 ein
1098 5704 1147 5761 fin.
