3870 6150
54 240 125 292 roei
659 232 896 291 ouonernrun
913 232 1105 289 cunerono.
1672 238 1739 290 rose
1808 222 1810 227 '

51 345 108 398 bns
123 343 310 399 exhibeamus
323 343 512 415 nosmetipsos
529 343 602 398 sicut
617 343 665 398 Dei
685 343 831 397 ministros
844 343 875 397 in
887 352 916 427 Α
926 341 1029 410 vimus,
1043 348 1074 396 ut
1086 342 1224 413 castigati,
1239 346 1267 397 et
1282 359 1340 397 non
1354 341 1526 409 mortificati,
1541 342 1624 413 quasi
1638 344 1742 413 tristes,

52 438 147 493 multa
168 437 314 509 patientia,
328 436 359 492 iu
382 435 624 505 tribulationibus,
645 435 675 491 in
699 436 873 492 necessitati·
924 451 1040 508 semper
1055 440 1152 490 autem
1167 436 1337 506 gaudentes,
1351 436 1423 491 sicut
1437 439 1564 507 egentes,
1577 438 1682 492 multos
1692 454 1743 491 au-

51 531 119 601 bus,
136 532 166 586 in
180 530 329 602 angustiis,
343 531 374 586 in
396 530 498 604 plagis,
513 531 542 586 in
567 530 739 599 carceribus,
753 530 783 585 in
799 529 875 585 sedi·
924 529 1746 603 temlocupletantes,tanquamnihilhahentes,etomnia
1821 522 1828 537 ’

52 626 192 693 tionibus,
208 624 238 680 in
253 624 412 696 laboribus,
426 624 584 697 invigiliis,
600 624 768 698 injejuniis,
783 624 814 679 in
829 640 875 679 ea-
926 623 1104 697 possidentes
1121 625 1156 693 (ll
1177 626 1236 682 Cor.
1256 640 1293 690 vr,
1315 624 1400 694 t-t0).
1417 645 1431 673 a
1451 645 1465 673 «
1486 626 1524 679 lte
1546 627 1661 694 cetero,
1683 626 1742 680 lra-

53 719 161 786 suane,
173 719 203 774 in
217 719 345 789 scientia,
356 719 387 775 in
400 719 628 792 longanimitate,
641 718 672 774 in
688 709 835 786 suavitate,
847 719 876 774 in
927 722 995 787 tres,
1012 718 1145 789 gaudete,
1161 718 1282 790 perfecti
1306 723 1405 785 estote,
1422 718 1624 789 exhortamini,
1644 735 1744 791 pacem

54 815 164 886 Spiritu
193 819 301 882 sancto,
330 814 360 869 in
387 813 522 870 charitate
550 830 609 868 non
635 813 710 882 ficta,
738 813 768 868 in
791 813 877 869 verbo
926 813 1040 881 habete,
1055 815 1088 867 ut
1109 813 1181 867 [leus
1201 811 1276 884 pacis
1292 817 1320 867 ct
1342 812 1502 867 dilectionis
1515 813 1552 868 sit
1569 830 1685 886 semper
1696 831 1744 868 ιο-

53 909 197 977 veritatis,
212 909 358 964 invirtute
375 908 443 977 Dei3
459 906 878 979 perarmajustitiaeadextris
927 907 1037 962 hiscum
1063 908 1098 976 (ll
1124 907 1184 963 Cor.
1207 923 1266 976 ιιιιι,
1292 905 1346 976 ιι).
1371 928 1384 956 a
1411 910 1512 962 Amen.
1535 909 1605 963 Data
1628 925 1658 964 ιιι
1680 909 1745 964 ldus

55 1010 84 1059 et
99 1021 116 1058 a
131 1003 262 1069 sinistris,
279 1003 465 1075 pergratiam
486 1007 513 1058 et
535 1002 753 1074 ignobilitatem,
767 1017 820 1074 per
833 1001 876 1056 in·
925 1001 1013 1070 lunii,
1033 1001 1155 1056 llaximo
1180 1006 1208 1056 et
1233 999 1339 1054 Olibrio
1362 999 1428 1054 viris
1451 1000 1616 1057 clarissimis
1643 1019 1744 1058 consu-

53 1097 178 1154 lamiam
193 1100 220 1152 et
233 1097 340 1152 bonam
355 1098 472 1164 lamam,
488 1100 519 1151 nt
534 1096 697 1152 seductores
712 1103 741 1152 et
754 1111 877 1165 veraces,
928 1095 1013 1150 libus.

55 1192 132 1246 sieut
145 1191 236 1264 ignoti
250 1195 278 1246 et
295 1191 412 1264 cogniti,
431 1191 513 1263 quasi
534 1190 700 1258 morientes,
715 1193 745 1246 et
761 1206 825 1246 eece
838 1190 878 1244 vi-

378 1518 665 1690 lNClPltiN'l*
698 1595 961 1689 nuceum
995 1595 1216 1687 runicis
1250 1597 1430 1691 PAPAE.

99 1934 121 1984 t.
138 1929 221 1994 Quod
237 1929 389 1985 missarum
412 1930 573 1998 celebratio,
590 1931 658 1987 alibi
678 1947 765 2003 quam
780 1932 809 1986 in
823 1933 918 2019 beoB
930 1949 1017 2005 parvo
1033 1932 1132 2004 lapidi,
1143 1933 1193 2006 qui
1208 1933 1347 1989 abscissus
1362 1938 1406 1988 est
1419 1934 1454 1988 de
1468 1936 1567 1987 monte
1582 1932 1642 1986 sino
1657 1931 1748 1986 mani-

55 2023 161 2078 dicatis
169 2023 249 2092 locis,
259 2039 318 2078 non
332 2024 438 2081 debeat
450 2025 522 2093 lieri,
533 2024 587 2079 nisi
598 2041 704 2098 magna
713 2027 882 2099 compulerit
929 2026 993 2095 bus,
1003 2030 1031 2082 et
1040 2027 1190 2100 occuparit
1199 2028 1361 2084 nniversam
1370 2028 1472 2083 taciem
1481 2025 1558 2082 orbis
1567 2029 1652 2081 terra»
1665 2026 1745 2094 (bair.

55 2117 226 2172 necessitas.
929 2137 959 2189 ιι,
974 2121 1017 2188 at,
1033 2121 1093 2193 35);
1109 2121 1157 2194 qui
1170 2122 1206 2177 ad
1219 2122 1280 2177 haec
1293 2139 1323 2177 se
1337 2136 1543 2194 usquequaque
1556 2118 1703 2190 distendit,
1715 2124 1748 2174 ut

94 2216 122 2266 ⁴2.
139 2212 178 2267 lle
192 2211 375 2268 ecclesiarum
390 2212 580 2268 sacrationum
596 2213 782 2271 dubitatione.
807 2215 880 2280 Quid
931 2215 1151 2271 omnihumano
1168 2232 1274 2288 genere
1288 2217 1318 2272 in
1332 2216 1440 2271 unitate
1454 2215 1745 2282 redacto,totiuscor-
1806 2246 1808 2251 ,

55 2307 96 2361 sit
109 2305 267 2378 agendum.
929 2325 983 2380 pus
991 2307 1143 2380 perliceret
1156 2309 1297 2379 Ecclesiae,
1309 2315 1394 2381 atque
1408 2309 1449 2365 ita
1458 2308 1494 2363 ad
1505 2308 1591 2362 totius
1603 2308 1748 2379 compagis
1850 2358 1853 2363 ,

95 2399 290 2455 Dilectissimis
308 2401 454 2466 lintribus,
468 2402 600 2456 omnibus
623 2401 761 2475 episeopis
773 2420 826 2477 per
837 2404 880 2459 di·
930 2401 1089 2474 pertineret
1104 2404 1285 2458 commodum
1299 2403 1498 2458 membrorum
1513 2401 1686 2473 participalis
1696 2401 1748 2456 ista

55 2510 156 2549 versas
180 2494 340 2565 provincias
363 2496 522 2551 constitutis
547 2496 630 2552 Fama
662 2497 821 2569 episcopus,
850 2499 880 2552 in
930 2495 1746 2571 distineti0.Undenosquoqueavobisnonlongesumus,

56 2587 180 2644 Domino
196 2589 327 2644 salutem.
930 2590 997 2662 quia
1005 2590 1035 2646 in
1043 2590 1147 2662 illoqui
1156 2591 1263 2663 ubique
1270 2594 1421 2661 est,unum
1428 2594 1669 2662 sumusltgamus
1676 2606 1746 2660 crgo

94 2683 199 2753 llagno
213 2698 335 2737 munere
356 2683 558 2740 misericordia
579 2686 629 2741 Dei
649 2685 736 2742 totius
750 2686 880 2742 Ecclesiae
930 2683 956 2738 ei
968 2683 1082 2755 gratias,
1097 2684 1146 2756 qui
1160 2684 1260 2739 solutis
1273 2685 1430 2740 inimicitiis
1442 2685 1472 2739 in
1482 2700 1567 2738 carne
1578 2699 1630 2739 sua
1641 2684 1746 2754 (Ephes.

57 2776 207 2832 catholicae
230 2776 420 2849 multiplicata
441 2782 507 2833 sunt
530 2779 643 2849 gaudia,
660 2796 726 2834 cum
744 2780 881 2835 Ecclesia·
931 2794 960 2845 ιι,
980 2778 1022 2849 ll)
1036 2778 1112 2845 lecit,
1128 2782 1159 2833 ut
1179 2778 1208 2833 in
1227 2779 1306 2834 omni
1330 2779 1400 2834 orbe
1422 2782 1563 2832 terrarum
1578 2793 1653 2832 unus
1675 2782 1749 2831 esset

57 2887 126 2925 urm
145 2874 234 2925 status
249 2887 283 2925 co
298 2870 376 2942 viget
399 2871 510 2940 ordine,
526 2889 583 2944 quo
604 2874 799 2946 apostolorum
818 2891 880 2929 suc·
931 2888 1011 2944 grex,
1025 2878 1053 2928 et
1067 2889 1157 2927 unum
1167 2872 1239 2928 ovile
1254 2872 1306 2927 sub
1317 2889 1346 2927 se
1359 2889 1417 2928 uno
1426 2877 1552 2944 pastore,
1563 2888 1747 2944 sempermo-

58 2981 190 3020 cessores
215 2964 297 3019 illum
320 2968 491 3021 statuerunt.
516 2967 558 3036 Et,
573 2984 638 3022 cum
659 2967 771 3040 antiqui
793 2968 882 3023 hostis
930 2966 1258 3039 moresqucdegrcgius
1271 2967 1443 3023 Praedicator
1457 2965 1747 3034 admoneat,dicens:

59 3059 170 3114 astutia
191 3074 258 3113 eum
273 3059 382 3113 turbari
406 3060 597 3131 agnoscimus,
611 3077 670 3116 non
685 3061 798 3116 modice
812 3078 880 3117 con·
933 3079 947 3112 u
963 3060 1079 3116 Solliciti
1094 3064 1205 3116 servate
1219 3061 1357 3116 unitatem
1371 3060 1494 3133 Spiritus
1506 3060 1535 3115 in
1548 3059 1660 3127 vinculo
1673 3060 1750 3131 pacis

60 3153 212 3207 tristamur
234 3168 367 3208 moerore.
389 3154 477 3219 Quam
494 3154 529 3209 ob
543 3170 670 3223 causam,
687 3155 797 3222 iratres,
813 3156 879 3211 hor·
933 3155 1038 3226 (reptes.
1060 3171 1096 3221 ιι,
1112 3155 1148 3224 3).
1163 3175 1177 3202 u
1195 3154 1356 3210 sanctitatis
1375 3156 1475 3209 vestrae
1497 3152 1612 3224 scripta,
1628 3169 1693 3226 quae
1712 3152 1749 3208 ad

61 3251 160 3300 tamur
186 3262 247 3313 vos,
276 3262 439 3316 monemus,
469 3252 497 3302 et
520 3247 694 3320 flagitamus,
720 3253 751 3303 ut
779 3265 794 3302 a
823 3255 880 3304 tro-
931 3247 1028 3303 sedem
1039 3247 1225 3319 apostolicam
1236 3246 1627 3321 misistissuperquibusdam
1638 3248 1749 3302 consul-

60 3340 132 3394 mite
149 3340 315 3411 apostolicas
329 3340 513 3396 institutionis
529 3358 711 3414 nequaquam
725 3343 861 3398 recedatis
872 3361 880 3413 ;
891 3318 919 3395 C
931 3342 977 3410 tis,
985 3341 1066 3414 quasi
1076 3341 1113 3396 ad
1120 3343 1204 3413 caput
1214 3345 1245 3396 ut
1258 3340 1326 3396 inde
1336 3341 1504 3414 acciperetis
1516 3356 1662 3412 responsa,
1672 3342 1748 3396 nude

60 3451 115 3488 nec
141 3450 159 3488 a
183 3433 280 3505 Capite
309 3433 460 3501 dissidatis,
486 3435 535 3491 sed
565 3435 651 3490 tidem
680 3442 709 3492 et
737 3437 879 3504 ordinem,
931 3436 1024 3491 omnis
1041 3434 1164 3490 Ecclesia
1181 3435 1268 3490 totius
1281 3435 1430 3507 religionis
1452 3434 1575 3506 sumpsit
1590 3435 1747 3504 exordium,

59 3544 151 3599 quom
171 3527 288 3598 apostoli
310 3531 338 3583 et
359 3528 506 3600 apostolici
524 3529 576 3584 viri
595 3533 756 3586 statuerunt
774 3531 881 3603 absque
932 3528 1747 3603 gratantersuscepietbrevitarvobisresponderecurnvi.

61 3622 124 3678 ulla
138 3621 318 3677 hesitatione
333 3622 464 3678 teneatis.
480 3623 551 3678 Nam
567 3625 589 3678 si
609 3624 748 3680 columnae
762 3625 882 3697 alicujus
966 3625 1029 3682 Car.
1057 3626 1076 3679 l.
1103 3625 1143 3678 ne
1168 3623 1354 3679 ecclesiarum
1374 3623 1451 3679 enirn
1476 3622 1697 3692 consecratione,
1722 3629 1751 3679 et
1808 3670 1813 3676 ,

59 3731 179 3787 magnae
192 3713 294 3770 domus
309 3716 431 3784 ruerint,
447 3716 507 3789 ipsa
526 3721 623 3788 postea
644 3718 749 3774 domus
763 3719 882 3774 minime
931 3718 1131 3774 demissarum
1155 3717 1403 3784 celebrationibus,
1419 3733 1477 3773 non
1496 3717 1599 3773 alicubi
1619 3734 1705 3790 quam
1719 3718 1748 3773 in

59 3809 166 3878 stabit;
183 3809 222 3863 sic
238 3811 267 3863 et
279 3825 329 3864 vos
351 3811 493 3866 columnae
516 3811 649 3868 Ecclesiae
663 3813 740 3880 estis,
756 3813 779 3868 si
801 3813 880 3868 labe-
932 3812 1048 3868 sacratis
1058 3813 1182 3868 llomino
1193 3812 1261 3870 locis
1271 3812 1378 3884 absque
1391 3828 1498 3884 magna
1510 3812 1678 3867 necessitate
1687 3811 1751 3867 fieri

59 3903 162 3960 iactari
175 3903 329 3975 coeperitis,
343 3909 443 3960 sancta
457 3905 593 3972 Ecclesia,
608 3923 673 3979 quae
687 3922 738 3979 per
749 3922 799 3962 vos
811 3908 882 3979 regi·
932 3906 1037 3962 debere
1046 3907 1137 3978 liquet
1146 3906 1282 3962 omnibns
1293 3906 1396 3978 quibus
1408 3908 1475 3962 sunt
1485 3909 1555 3961 nota
1568 3905 1636 3961 Nori
1648 3922 1681 3961 ae
1692 3907 1747 3960 Vo-

60 4004 118 4067 tur,
135 3997 255 4053 tabescit
267 4000 295 4052 et
308 3998 423 4056 labitur.
436 3999 512 4068 llaec,
528 3999 714 4072 fratresque
727 4001 881 4057 dicovalde
932 4001 1000 4055 teris
1034 4000 1208 4056 Testamenti
1238 4003 1389 4073 praecepta.
1422 3999 1648 4054 Tabemaculum
1682 4015 1748 4055 vero

60 4090 193 4148 timenda
216 4098 292 4160 sunt,
316 4099 344 4149 et
370 4109 484 4149 summo
507 4094 702 4149 moderamine
725 4095 880 4167 pensanda,
930 4095 1054 4167 lloysen,
1074 4094 1194 4151 Domino
1220 4093 1416 4166 precipiente,
1435 4093 1546 4163 fecisse,
1568 4097 1597 4149 et
1625 4111 1749 4150 sacrasse

59 4191 149 4259 atque
169 4202 206 4241 ne
227 4186 298 4241 fiant
319 4187 454 4242 cavenda.
476 4188 537 4259 lpsa
559 4188 637 4243 enim
660 4204 755 4259 perse
775 4190 882 4244 Veritas
932 4205 998 4245 eum
1019 4206 1121 4245 mensa
1136 4189 1256 4245 etaltari
1271 4189 1342 4260 ejus,
1359 4194 1387 4243 et
1407 4188 1515 4243 ceteris
1528 4188 1600 4244 vasis
1620 4189 1749 4245 utensili-

61 4281 124 4336 ait:
142 4299 157 4332 u
174 4280 229 4335 Vos
241 4280 308 4335 estis
321 4282 360 4336 sal
373 4285 475 4351 terrae3
492 4280 571 4353 quod
586 4282 609 4336 si
628 4283 670 4337 sal
681 4283 837 4351 evanuerit,
852 4284 881 4339 in
931 4283 985 4338 bus
997 4284 1032 4338 ad
1047 4284 1173 4339 divinum
1186 4284 1296 4339 cultum
1310 4282 1483 4355 explendum
1496 4282 1619 4355 legimus
1633 4301 1639 4337 :
1653 4286 1681 4337 et
1692 4302 1749 4339 non

59 4390 121 4448 quo
134 4373 270 4429 salietur?
287 4376 393 4444 (blatta.
410 4392 436 4442 ι,
450 4374 504 4447 13.)
514 4397 528 4424 o
541 4377 611 4432 Ecce
627 4379 713 4447 terra,
731 4376 805 4447 ideo,
817 4377 882 4433 cha·
932 4378 1023 4433 solum
1037 4378 1139 4433 divinis
1151 4377 1285 4451 precibus
1298 4395 1332 4433 ea
1343 4394 1479 4444 sacrasse,
1491 4376 1539 4432 sed
1553 4377 1640 4432 etiam
1659 4379 1750 4433 sancti

60 4468 181 4536 rissimi,
192 4485 241 4524 vos
252 4485 369 4540 moneo,
380 4469 448 4541 quia
460 4469 572 4526 debitor
585 4487 648 4527 sum
662 4470 750 4541 vobis,
762 4472 882 4528 etvalde
932 4472 991 4528 olei
1003 4472 1150 4541 unctione,
1166 4473 1284 4527 Domino
1298 4472 1427 4543 jubente,
1444 4470 1591 4540 perlinisse
1607 4471 1747 4527 novimus.

56 4580 110 4618 vos
124 4562 226 4635 diligo,
238 4567 267 4617 et
282 4562 397 4634 quando
406 4563 484 4618 bona
493 4563 579 4619 audio
590 4565 625 4620 de
636 4565 715 4621 vobis
725 4565 811 4621 nimis
820 4582 882 4621 sum
931 4567 1056 4632 Qualiter
1067 4570 1164 4621 autem
1180 4564 1241 4620 llaec
1257 4564 1410 4631 laetasint,
1423 4569 1451 4618 et
1464 4579 1522 4618 non
1534 4563 1581 4618 alii
1595 4563 1655 4634 ipsa
1669 4580 1749 4620 sacra

55 4657 193 4730 gavisum
207 4660 381 4724 etecontra,
396 4656 513 4729 quando
527 4658 614 4725 mala,
627 4659 714 4715 nimis
728 4661 880 4717 conturba·
932 4676 1017 4733 quam
1031 4660 1191 4717 sacerdotes
1210 4675 1288 4713 sacra
1308 4658 1446 4713 unctione
1470 4655 1600 4724 delibuti,
1615 4657 1748 4714 Domino-

55 4757 117 4808 tus.
136 4752 275 4822 ligonem
293 4751 423 4823 quamvis
436 4769 453 4806 a
467 4752 546 4807 vobis
568 4769 620 4824 per
634 4752 720 4825 longa
740 4757 881 4810 terrarum
933 4773 988 4827 que
1002 4772 1067 4811 cum
1085 4755 1208 4810 vestibus
1229 4752 1334 4809 sanctis
1351 4751 1465 4820 sacrati,
1482 4753 1510 4806 et
1529 4750 1622 4807 levitae
1644 4755 1747 4809 tracta-

54 4852 150 4919 atque
165 4845 254 4900 maris
274 4845 422 4901 intervalla
445 4846 603 4917 disjunctus
626 4846 690 4914 sim,
707 4864 772 4904 sum
786 4853 881 4904 umen
931 4850 1011 4919 bant,
1034 4850 1172 4915 terebant,
1195 4847 1352 4920 erigebant,
1373 4849 1402 4900 et
1422 4844 1614 4918 deponebant,
1631 4846 1660 4900 in
1681 4847 1749 4919 ipsis

54 4939 183 4997 omnino
191 4939 270 4994 vobis
279 4939 365 4994 corde
377 4940 557 5011 conjunctus,
566 4940 653 5012 idque
663 4940 699 4997 de
707 4941 882 4998 beatitudine
932 4943 1158 4999 institutionibus
1181 4957 1256 5013 quaa,
1274 4939 1395 4995 Domino
1412 4938 1543 5010 jubente,
1560 4956 1613 5011 per
1633 4940 1748 5012 Moysen

51 5037 156 5090 vestra
172 5048 243 5104 erga
265 5049 312 5087 me
327 5033 420 5088 modis
438 5033 571 5088 omnibus
593 5033 712 5105 conlido,
726 5035 803 5108 quia,
816 5053 882 5091 cnm
931 5039 1100 5110 conscriptae
1113 5040 1189 5106 sunt,
1201 5033 1354 5107 reperitur.
1370 5032 1500 5097 Qualiter
1513 5049 1582 5104 ergo
1596 5034 1693 5103 David,
1705 5051 1749 5089 re-

51 5145 106 5185 me
120 5125 246 5181 vicissim
257 5126 385 5199 diligitis,
396 5143 468 5182 ame
479 5128 612 5183 nonestis
625 5128 721 5201 longe.
733 5129 811 5184 Unde
820 5145 883 5200 gra·
933 5149 1002 5204 gum
1019 5131 1171 5202 piissimus,
1188 5127 1403 5200 amplificaverit
1423 5126 1532 5182 cultum
1553 5128 1610 5195 Dei,
1626 5130 1656 5182 ct
1673 5132 1747 5182 tem-

52 5225 113 5280 tias
123 5219 276 5276 referimus
285 5220 325 5276 illi
334 5237 424 5293 grano
431 5221 549 5294 sinapis,
557 5222 635 5294 quod
643 5222 884 5296 ermodicidespi-
932 5227 1012 5298 plum
1025 5224 1140 5281 Domini
1154 5223 1293 5279 aedilicare
1310 5222 1408 5289 voluit,
1424 5221 1474 5276 sed
1493 5225 1610 5294 propter
1624 5222 1748 5276 multum

48 5315 219 5386 cabilisque
234 5314 351 5370 seminis
366 5315 471 5386 specie,
482 5316 523 5370 ita
533 5316 620 5371 ramis
630 5333 664 5372 er
675 5317 776 5373 eadem
788 5317 882 5373 radice
933 5319 1102 5393 sanguinem
1128 5334 1215 5391 quern
1236 5315 1377 5372 effuderat
1401 5315 1561 5389 prohibitus
1576 5316 1628 5382 est,
1643 5317 1672 5368 et
1687 5315 1749 5387 ipsc

49 5408 249 5481 surgentibus
270 5412 355 5482 atque
377 5426 407 5464 se
431 5410 667 5478 distendentibus,
681 5427 884 5484 usquequaque
933 5414 1087 5486 collegerat
1100 5428 1249 5484 expensas3
1264 5407 1541 5481 Salomonquefflius
1553 5407 1750 5480 ejusidipsum

51 5503 175 5562 diffusis
191 5502 391 5574 (diffusussitl,
407 5503 484 5558 utin
504 5503 581 5574 [illis]
595 5504 718 5560 volatilia
735 5506 797 5560 coeli
811 5522 881 5560 cun·
933 5508 1009 5580 quod
1032 5486 1092 5579 ipse
1116 5507 1210 5561 lacere
1228 5507 1384 5576 optaverat,
1397 5502 1519 5573 jubente
1543 5506 1571 5557 et
1592 5501 1749 5559 auxiliante

49 5605 104 5658 cta
119 5596 273 5654 nidificent
286 5597 393 5667 (llettt.
410 5613 469 5664 nu,
485 5600 530 5664 3ι,
547 5599 602 5668 32),
618 5599 767 5670 gratiaque
782 5600 818 5654 sit
830 5600 884 5656 ter·
933 5603 1000 5672 Deo,
1017 5601 1144 5673 perfecit,
1158 5604 1188 5655 et
1200 5599 1343 5669 templum
1357 5612 1423 5651 cum
1439 5594 1533 5664 altari,
1547 5600 1575 5652 et
1585 5596 1749 5668 reliquaed

47 5696 160 5753 mento
177 5688 218 5746 illi
234 5691 310 5763 quod
324 5691 416 5747 tribus
431 5691 530 5747 tarinae
544 5691 613 5747 satis
627 5693 719 5762 (thid,
731 5695 785 5766 33),
796 5695 883 5751 totius
933 5695 1060 5751 divinum
1083 5694 1193 5750 cultum
1211 5691 1411 5766 peragendum
1433 5689 1608 5745 consecravit
1628 5688 1659 5745 in
1676 5691 1750 5748 libro

49 5785 184 5848 humani
193 5785 310 5859 generis
319 5801 444 5841 massam
457 5785 487 5841 in
496 5786 606 5842 unitate
618 5788 785 5859 conspersit,
797 5792 882 5861 atque
933 5789 1017 5846 tertio
1030 5791 1140 5860 Regum
1154 5789 1229 5843 inter
1241 5788 1345 5843 cetera
1355 5785 1460 5858 legitur
1471 5784 1509 5839 ita
1520 5800 1527 5839 ε
1537 5805 1551 5834 «
1563 5783 1723 5855 AEditlcans,
1736 5808 1750 5839 n

270 5883 407 5953 Parnon.
432 5883 546 5950 Cllllll.
1512 5887 1552 5946 tt
