3870 6150
80 242 85 247 “
132 233 183 288 595
573 229 715 307 APPEND.
734 231 779 286 au
797 231 877 289 SAEC.
897 231 942 287 lx.
957 260 992 273 -
1009 230 1136 288 lslnonl
1153 232 1364 289 nuecelone
1760 234 1808 290 sss

132 337 247 395 ecclesia
269 341 360 393 vestra
379 337 486 408 absque
509 336 606 408 aliqua
619 336 799 409 oppositione
811 338 940 412 recipiat.
953 338 1069 424 Aetatis
1083 343 1220 409 coerceat,
1234 339 1300 394 dato
1314 345 1415 395 tamen
1432 339 1468 395 ab
1482 331 1589 396 ebdom
1602 337 1752 412 judicibus
1764 356 1808 395 sc·

131 433 206 487 lianc
219 431 342 485 termam
355 445 412 484 non
429 428 522 484 solum
534 432 638 500 vestm,
652 431 707 486 hoc
724 435 768 486 est
787 432 944 503 astigitana
993 435 1141 488 eramento
1155 432 1303 504 episcopis,
1320 435 1353 486 ut
1366 448 1415 488 eas
1431 431 1540 489 clericis
1553 432 1633 488 nulla
1646 434 1712 488 arte
1726 432 1809 490 resti·

131 523 254 579 servabit
266 522 394 591 ecclesia,
411 522 462 577 sed
473 524 613 578 etomnes
626 523 676 595 qui
689 540 742 595 per
755 539 873 580 ornnem
886 525 945 580 Be·
992 528 1092 592 tuant;
1108 525 1185 598 qnod
1209 524 1232 580 si
1254 525 1441 596 restituerint,
1461 526 1516 598 ipsi
1535 525 1648 597 judices
1669 527 1810 583 sententie

131 621 216 677 ticam
234 619 410 692 provinciam
425 619 475 675 tali
495 619 658 676 conditione
673 622 717 676 vel
739 625 814 677 sorte
828 621 944 693 dejure
993 617 1294 674 excommunicationis
1314 618 1464 675 tenantur.
1479 618 1645 675 Mulieribus
1668 634 1737 674 vero
1757 618 1811 675 illis

131 713 257 769 ecclesie
275 717 484 782 commearunt,
500 712 561 785 pari
580 713 728 770 sententie
745 715 942 786 subjacebunt.
990 712 1071 783 juxta
1079 711 1188 784 priores
1199 728 1346 768 canonesa
1359 712 1505 768 sacerdote
1518 711 1674 782 distractis,
1684 713 1809 784 pretium

130 807 238 861 llurum
259 809 302 861 est
321 806 398 861 euim
419 808 505 878 atque
526 806 726 878 irreligiosum,
748 811 779 863 ut
795 808 944 880 episcopus
994 821 1092 861 earum
1107 805 1300 876 indigentibus
1317 804 1515 877 dispensetur;
1529 821 1593 878 que
1606 807 1712 861 statuta
1723 821 1808 861 mann

131 900 180 970 qui
204 898 399 955 ecclesiasticis
422 898 571 970 stipendiis
589 899 665 969 vivit,
684 904 713 956 et
734 901 944 974 proprietatem
992 901 1091 953 nostra
1111 897 1339 971 subscripsimus,
1354 898 1422 953 data
1442 898 1479 953 ad
1494 897 1676 955 sanctitatem
1688 900 1808 954 vestrum

130 1009 211 1048 suam
224 992 309 1049 lucris
320 992 444 1048 ecclesie
458 991 577 1048 minime
591 994 710 1061 conteri,
726 994 848 1050 aliorum
862 994 942 1050 obla·
994 992 1040 1048 die
1054 991 1178 1047 secundo
1190 992 1283 1047 Nonas
1296 991 1472 1060 Novembris,
1486 1007 1562 1048 anno
1577 990 1682 1064 quinto
1695 991 1809 1063 gloriosi

131 1085 224 1142 boues
239 1086 329 1158 ajuro
345 1085 534 1141 ecclesiastico
547 1085 649 1157 privet.
994 1085 1103 1141 domini
1116 1084 1208 1140 nostri
1225 1084 1389 1152 liecceredi‚
1405 1084 1491 1157 regis,
1506 1101 1563 1140 era
1575 1099 1706 1142 omnir.
1720 1085 1809 1142 Lean·

168 1180 212 1234 lll.
226 1179 301 1233 luter
313 1182 416 1234 caetera
428 1195 496 1234 vero
509 1179 670 1251 cognoscite
692 1196 710 1235 a
729 1180 810 1235 nobis
823 1180 877 1236 hoc
893 1180 942 1235 de·
994 1178 1045 1234 der
1057 1176 1182 1233 ecclesie
1198 1180 1302 1232 sancte
1318 1176 1462 1250 spalensis
1474 1177 1625 1250 episcopus
1637 1178 1715 1236 hanc
1728 1194 1809 1234 cons·

131 1270 243 1327 finitum
256 1287 308 1343 pro
321 1271 466 1328 abolendis
478 1272 597 1327 maculis
609 1271 789 1340 clericorum,
806 1273 873 1345 quia
884 1273 945 1345 qui·
992 1271 1155 1327 titutionem
1168 1270 1280 1325 firmavi
1299 1274 1328 1326 et
1347 1270 1509 1343 subscripsi.
1524 1273 1650 1327 ioannes
1662 1271 1809 1344 episcopus

132 1365 198 1421 dam
212 1365 409 1436 episcoporum
429 1381 486 1420 non
508 1364 691 1421 observantes
712 1381 804 1438 nuper
820 1365 944 1422 edictum
993 1363 1164 1435 egabrensis
1190 1363 1263 1419 hanc
1290 1364 1522 1420 constitutionem
1547 1363 1663 1421 mutavi
1690 1368 1722 1420 et
1748 1364 1809 1421 sub.

132 1457 244 1513 concilii
257 1457 412 1515 Toletatani
424 1459 572 1514 decretum
585 1458 681 1513 minus
695 1458 807 1515 solliciti
828 1458 858 1514 in
877 1458 944 1514 snb·
993 1456 1118 1529 Agupins
1147 1457 1274 1513 ecclesie
1307 1461 1413 1512 sancte
1445 1456 1634 1513 Cordubensis
1661 1457 1809 1530 episcopus

129 1550 212 1622 jectis
226 1550 360 1621 existunt,
372 1550 478 1623 placuit
489 1551 609 1623 proinde
628 1554 660 1606 ut
671 1552 695 1607 si
708 1551 866 1624 presbyter,
883 1551 943 1607 dia·
993 1549 1067 1605 hanc
1081 1550 1314 1606 constitutionem
1325 1549 1436 1606 firmavi
1450 1552 1480 1606 et
1491 1549 1555 1606 sub.
1567 1549 1733 1621 Stephanus
1743 1549 1810 1624 epis·

132 1643 195 1698 coni
208 1644 253 1698 vel
267 1644 361 1700 clerici
381 1643 521 1700 consortia
540 1648 742 1701 extranearum
759 1644 943 1714 feminarum,
994 1659 1081 1714 copus
1103 1642 1294 1724 Eliberitanus
1312 1643 1386 1699 hanc
1407 1642 1641 1700 constitutionem
1658 1642 1772 1699 ffimavi
1783 1645 1811 1700 st

131 1738 176 1791 rel
189 1736 355 1792 ancillarum
368 1736 592 1793 familiaritatem
605 1753 658 1809 per
669 1737 822 1793 sacerdotis
837 1738 881 1793 sui
894 1738 943 1793 ad·
954 1713 983 1786 Β
995 1735 1057 1791 sub
1075 1735 1192 1791 Basilius
1206 1736 1356 1808 episcopus
1378 1736 1517 1810 Elipensis
1534 1737 1609 1793 hanc
1627 1737 1808 1794 constitutio·

131 1829 320 1886 monitionem
335 1847 352 1886 a
366 1846 397 1887 se
418 1831 514 1886 minus
530 1830 714 1899 removerint,
729 1830 822 1886 seculi
833 1829 945 1903 judices
995 1844 1061 1884 uem
1074 1828 1183 1884 firmavi
1198 1832 1227 1884 et
1246 1828 1409 1901 subscripsi.
1422 1831 1535 1888 celatus
1555 1829 1709 1903 episcopus
1720 1829 1807 1885 'luici-

132 1924 245 1979 easdem
254 1924 388 1980 mulieres
399 1939 465 1979 cnm
476 1924 622 1980 voluntate
632 1927 661 1979 et
670 1923 810 1995 permissu
820 1922 944 1996 episcopi
994 1925 1078 1977 tanus
1101 1923 1175 1978 hanc
1201 1921 1435 1979 constitutionem
1461 1922 1572 1979 mutavi
1594 1927 1625 1980 et
1647 1922 1805 1995 subscripsi.

132 2017 354 2089 comprehensas
364 2017 395 2072 in
405 2018 463 2074 suis
472 2017 558 2073 lucris
567 2022 716 2089 usurpent,
727 2016 943 2084 utvitiumhoc,
993 2017 1092 2071 Petrus
1114 2014 1263 2086 episcopus
1282 2015 1464 2072 alberitanus
1485 2016 1559 2073 hanc
1579 2015 1803 2073 constitutionem

27 2094 34 2105 ’
131 2108 200 2164 dum
210 2109 342 2165 sacerdos
351 2108 482 2165 inhibere
496 2126 555 2165 non
567 2109 715 2182 prevalet,
731 2112 856 2180 potestas
864 2108 943 2180 judi·
993 2107 1105 2162 firmavi
1119 2111 1149 2162 et
1161 2106 1323 2179 subscripsi.

449 2409 648 2477 lNGlPlUNT
669 2410 867 2477 cupitum
888 2410 1055 2478 GONGlLll
1077 2409 1291 2477 SPALENSIS
1313 2407 1491 2475 secubet

168 2563 192 2615 t.
207 2560 248 2616 Its
264 2560 446 2633 theodulphi
458 2562 632 2619 helecitane
652 2562 783 2618 Ecclesia
795 2562 943 2636 querimo-
1030 2566 1057 2616 7.
1072 2561 1110 2616 De
1124 2561 1169 2616 his
1182 2577 1247 2633 qne
1261 2559 1451 2632 prohibentur
1464 2559 1656 2634 corepiscopis
1668 2560 1795 2636 preshyte

131 2651 186 2708 niis
195 2654 331 2709 adversus
340 2655 464 2727 reliquos
474 2672 540 2729 epp.
552 2672 605 2728 pro
615 2656 787 2728 quibusm
793 2655 942 2729 parochiis.
994 2653 1034 2710 ris
1047 2653 1077 2709 in
1090 2653 1284 2709 ecclesiasticis
1297 2651 1485 2709 sacramentis
1499 2669 1597 2726 agere.

166 2748 193 2799 2.
208 2745 249 2800 lte
263 2747 451 2819 querimoniis
465 2748 608 2820 Fulgentii
621 2753 651 2805 et
668 2748 784 2805 Honorii
799 2748 943 2820 episcopo·
1030 2749 1056 2803 8.
1070 2747 1110 2802 lle
1129 2747 1260 2819 superbis
1281 2746 1407 2804 ecclesie
1426 2745 1546 2819 libertis,
1561 2751 1594 2804 ut
1608 2747 1647 2804 ad
1665 2747 1794 2805 servilian

131 2853 198 2892 rum
212 2854 264 2908 pro
280 2837 451 2910 quibusdam
465 2841 619 2912 parochiis.
995 2844 1175 2896 revocentur.

167 2932 193 2984 3.
207 2928 247 2985 ite
264 2930 456 2987 desertoribus
474 2933 595 3003 clericis,
611 2937 643 2989 ut
657 2933 798 3005 episcopis
809 2931 869 2989 suis
882 2948 943 2988 res·
1030 2935 1056 2987 e.
1071 2933 1110 2988 De
1121 2931 1287 3002 oeconomis,
1300 2947 1338 2988 ne
1351 2947 1384 2988 ex
1398 2931 1478 2988 laicis
1491 2930 1712 2989 constituantur.

25 3056 30 3061 -
131 3020 281 3077 tituantur.
1032 3026 1074 3080 to.
1091 3025 1129 3080 Dc
1140 3024 1320 3080 monasteriis
1332 3041 1392 3080 non
1406 3024 1607 3081 convellendis.

165 3115 191 3170 l.
208 3114 248 3170 lle
271 3115 395 3186 bigamis
417 3117 454 3172 ad
473 3117 679 3190 presbyterium
698 3117 742 3174 vel
763 3117 944 3173 diaconatum
1031 3120 1073 3173 tt.
1099 3116 1138 3171 lte
1164 3117 1346 3174 monasteriis
1373 3116 1532 3190 virginum,
1559 3122 1591 3172 ut
1616 3134 1634 3172 a
1660 3118 1791 3176 monum

129 3223 189 3262 non
201 3209 413 3279 promovendis.
993 3212 1138 3266 tueantur.

167 3303 192 3355 5.
207 3301 246 3357 Ne
264 3302 423 3374 presbyteri
442 3301 602 3374 diaconum,
617 3303 662 3360 vel
686 3304 883 3376 presbyterum
897 3320 942 3359 or·
1030 3305 1073 3358 ti.
1087 3304 1125 3359 lle
1137 3303 1263 3376 quodam
1276 3302 1479 3375 acephalorum
1493 3304 1637 3376 episcopo.

132 3391 229 3449 diuers
241 3399 426 3465 presumant.
1031 3397 1074 3450 lt.
1091 3395 1130 3449 lte
1152 3393 1263 3450 duabus
1285 3394 1315 3451 in
1341 3395 1453 3454 Christo
1473 3395 1584 3452 naturis
1609 3401 1640 3454 et
1662 3413 1720 3454 una
1739 3411 1790 3470 psr·

165 3489 192 3541 t.
209 3486 248 3541 De
260 3487 435 3559 presbyteris
449 3488 493 3543 vel
507 3489 673 3545 diaconibus
685 3488 721 3545 ab
737 3505 795 3544 uuo
811 3489 943 3561 episcopo
993 3502 1072 3543 sona.

130 3593 190 3634 non
204 3579 388 3650 deponendis.

527 3676 672 3743 lNClPll'
705 3677 918 3745 CONClLlUltl
954 3675 1156 3745 SPALENSE
1193 3674 1414 3742 SECUNDUM.

578 3804 738 3869 Habitum
750 3822 820 3868 era
833 3823 936 3880 nenia,
954 3810 1096 3886 tempore
1109 3802 1255 3867 Siscbuti
1266 3803 1363 3883 repis.

166 3963 197 4016 tn
218 3960 336 4017 nomine
350 3961 467 4018 Domini
487 3962 641 4019 Salvatoris
653 3965 743 4020 nostri
759 3965 826 4020 tesu
838 3963 942 4020 Christi
992 3961 1199 4019 revertentibus
1211 3960 1342 4018 redditur
1359 3961 1479 4034 antiqua
1490 3961 1643 4034 possessio,
1656 3960 1792 4018 nonatiter

104 4055 108 4061 '
128 4053 262 4125 Isidorus,
287 4053 427 4123 bisinnus,
447 4056 577 4127 liutinus,
603 4057 779 4130 Fulgentius,
808 4057 940 4126 cambra,
993 4061 1021 4112 et
1038 4055 1154 4113 ecclesia
1172 4057 1323 4126 receptura
1336 4053 1511 4128 parochiam,
1528 4071 1617 4127 quarn
1631 4059 1699 4112 ante
1717 4051 1794 4111 eunt

129 4145 285 4213 Fidentine,
300 4147 516 4219 Theodulphus,
531 4154 561 4205 et
580 4150 721 4205 Honorius
741 4149 876 4222 episcopi,
893 4149 942 4221 qui
993 4164 1059 4204 cum
1074 4148 1159 4204 rebus
1180 4147 1246 4216 suis,
1262 4146 1319 4203 sive
1340 4147 1375 4203 ab
1398 4147 1460 4203 aliis
1476 4146 1602 4206 ecclesiis
1616 4147 1792 4221 possideatur.

128 4238 278 4311 pariteriu
291 4239 361 4294 urbe
377 4240 505 4312 Spalensi
518 4258 571 4314 pro
591 4242 732 4314 aliquibus
744 4241 942 4299 ecclesiasticis
993 4241 1050 4298 sive
1074 4242 1104 4298 in
1126 4241 1277 4315 cujuslibet
1297 4241 1507 4312 possessiouem
1527 4241 1673 4298 transfusa
1687 4240 1733 4311 sit,
1748 4250 1795 4296 nou

128 4330 251 4402 negotiis
263 4331 411 4388 coadunati
425 4348 533 4390 sumus.
543 4335 769 4391 Consedentibus
778 4351 849 4408 ergo
860 4335 942 4392 nohis
991 4336 1069 4392 enirn
1084 4335 1140 4392 erit
1157 4334 1318 4407 objicienda
1338 4334 1514 4407 prescriptio
1528 4335 1680 4406 temporis,
1694 4333 1744 4390 ubi
1754 4345 1795 4393 ut·

127 4424 157 4480 in
170 4424 322 4482 secretario
335 4430 522 4483 sacrosancte
542 4427 720 4485 Hierusalem
740 4430 881 4502 spalensis
896 4434 982 4508 ec·1)
993 4428 1109 4486 cessitas
1120 4428 1240 4484 interest
1250 4427 1425 4483 hostilitatis.

128 4517 219 4574 clesie
232 4534 298 4576 cum
317 4518 474 4576 illustribus
491 4520 568 4591 viris,
582 4521 705 4578 Sisibuto
718 4525 830 4579 rectore
844 4538 941 4578 rerum
1026 4523 1059 4578 ll.
1074 4523 1149 4577 luter
1166 4524 1342 4577 memoratos
1357 4521 1459 4577 iratres
1478 4523 1588 4577 nostros
1609 4521 1796 4593 Fulgentiuue

128 4612 308 4684 publicarum
328 4617 416 4688 atque
437 4615 556 4672 Sualane
576 4620 670 4673 actore
689 4633 786 4674 rerum
799 4615 941 4674 fiscalium
992 4613 1208 4686 Fastigitanum,
1224 4617 1253 4668 et
1262 4613 1420 4670 Honorium
1432 4614 1648 4672 cordubensem
1658 4615 1798 4688 episcopos

128 4709 220 4761 senta
234 4707 448 4779 religiosissimo
460 4709 628 4766 clericorum
641 4715 726 4768 cetu.
992 4707 1128 4763 discussio
1141 4706 1248 4779 agitata
1258 4711 1300 4762 est
1311 4711 1430 4779 propter
1443 4705 1611 4779 parochiam
1624 4706 1749 4764 basilice
1762 4720 1800 4762 cu·

162 4798 225 4855 Cer.
236 4801 258 4855 l.
268 4800 364 4858 Prima
372 4802 484 4861 actione
492 4804 672 4877 Theodulphi
685 4804 859 4862 llalacitane
869 4804 942 4860 anti·
988 4801 1113 4873 jusdam,
1127 4815 1215 4873 quam
1226 4800 1332 4856 horum
1344 4800 1416 4856 alter
1428 4800 1627 4868 Celticensem,
1642 4801 1717 4858 alter
1727 4795 1800 4872 Regi

128 4891 199 4948 stitis
207 4893 436 4952 ecclesieadnos
445 4897 537 4952 oblata
544 4898 672 4970 precatio
681 4900 724 4955 est
733 4898 883 4955 asserentis
893 4913 942 4954 au·
991 4911 1111 4951 nensem
1139 4893 1276 4963 asseruit,
1303 4898 1332 4950 et
1358 4893 1425 4966 quia
1453 4893 1688 4966 interutrasque
1714 4896 1800 4966 parta

126 4985 239 5056 tiquam
253 4985 383 5057 ejusdem
397 4989 474 5045 urbis
482 4991 646 5062 parochiam
656 4991 788 5048 militaris
799 4991 942 5064 quondam
991 4989 1128 5044 hactenus
1151 4987 1250 5043 limitis
1275 4985 1348 5041 actio
1371 4985 1510 5042 vindicata
1534 4991 1587 5054 est,
1610 4986 1656 5041 cni
1678 4983 1802 5060 quamvis

126 5078 288 5135 hostilitatis
309 5079 472 5139 discrimine
494 5083 580 5140 tuisse
606 5084 744 5156 dochum,
762 5088 791 5142 et
811 5089 941 5157 exparte
991 5085 1128 5137 vetustate
1141 5080 1301 5138 retentione
1315 5078 1509 5151 nullumjuris
1518 5079 1721 5152 prejudicium
1728 5079 1802 5136 alier-

125 5171 221 5244 aliqua
232 5172 267 5228 ab
286 5173 410 5230 ecclesiis
427 5176 619 5248 astrigitanae,
638 5176 839 5234 celeberitane
854 5183 941 5250 atque
991 5177 1044 5232 ret.
1063 5176 1185 5247 Ideoque
1202 5189 1240 5229 ne
1263 5174 1293 5228 in
1312 5173 1432 5229 dubium
1452 5173 1528 5230 ultra
1548 5173 1628 5228 inter
1640 5189 1692 5229 eos
1711 5175 1802 5231 nostra

125 5265 297 5336 egabrensis
305 5266 419 5324 urbium
429 5271 648 5340 esseretentam,
656 5286 709 5344 pro
720 5287 814 5344 qnare
824 5271 940 5344 placuit,
991 5270 1179 5326 devocaretur
1193 5265 1343 5334 sententia,
1356 5266 1474 5339 prolatis
1493 5266 1650 5323 enonhus
1663 5264 1803 5340 synodal·

126 5364 160 5415 ut
171 5359 264 5416 omnis
276 5361 412 5433 parochia
426 5378 492 5435 que
504 5363 539 5419 ab
551 5363 667 5437 antiqua
683 5365 792 5421 ditione
805 5368 871 5420 ante
885 5363 941 5419 mi·
991 5363 1104 5420 decreta
1117 5361 1241 5435 perlecta
1253 5365 1329 5429 sunt,
1344 5376 1468 5432 quorum
1480 5361 1636 5417 auctoritas
1647 5360 1804 5432 premonet

126 5452 239 5511 litarem
252 5455 440 5513 hostilitatem
451 5457 602 5514 retinuisse
615 5459 767 5515 ecclesiam
777 5474 857 5514 suam
869 5457 944 5531 quis·
990 5458 1031 5513 ita
1045 5459 1177 5528 oportere
1189 5453 1315 5511 inhiberi
1328 5453 1525 5526 cupiditatem,
1537 5457 1572 5510 ut
1585 5453 1702 5527 nequis
1713 5450 1805 5510 serni·

128 5545 191 5618 quis
203 5549 414 5622 comprobaret,
428 5551 489 5623 eius
505 5551 657 5625 privilegio
672 5552 880 5609 restitueretur.
897 5550 941 5608 Si·
991 5568 1044 5607 nos
1059 5550 1167 5606 alienos
1188 5552 1316 5621 usurpet.
1332 5547 1374 5604 Ob
1395 5547 1449 5604 hoc
1468 5546 1578 5619 placuit
1596 5546 1673 5604 inter
1683 5547 1805 5605 alterno

128 5642 177 5695 cut
188 5642 266 5697 enim
278 5659 330 5715 per
342 5644 438 5718 legem
449 5645 638 5715 mundialem,
653 5645 699 5702 his
710 5663 781 5720 quos
794 5645 942 5704 barbarica
990 5646 1088 5719 partes
1099 5641 1282 5716 inspectionis
1295 5641 1371 5697 viros
1383 5640 1550 5710 mittendos,
1560 5640 1601 5698 ita
1613 5643 1649 5697 nt
1661 5639 1685 5697 si
1698 5641 1731 5698 in
1740 5639 1805 5696 diu·

123 5733 259 5790 severitas
272 5738 381 5809 captiva
403 5740 572 5799 necessitate
586 5741 748 5811 transvexit,
766 5740 942 5814 postliminio
992 5738 1062 5796 cesis
1081 5736 1252 5813 possidentis
1278 5735 1362 5792 sitam
1380 5733 1526 5792 basilicam
1549 5732 1694 5792 vetanhus
1718 5731 1806 5808 signis
