3870 6150
744 290 982 349 bucuulettuu
1001 293 1195 351 totttctlo.

400 589 687 686 lNClPlUNT
738 586 999 684 DECRETA
1042 592 1307 706 EVARJSTI
1348 595 1531 689 PAPAE.

127 756 174 820 De
189 754 401 819 ordinatione
415 756 631 821 diaconorum
653 766 684 821 et
704 758 848 840 lepistmo
856 758 1148 901 ttctmlq‘cuqrighcqtque
1166 759 1206 823 de
1221 760 1287 839 fide
1307 768 1339 824 et
1357 778 1423 824 non
1441 762 1640 843 injuriando
1653 764 1812 846 episeopis

834 856 855 900 a
1072 856 1108 901 ιε.

478 971 534 1034 (llic
547 972 674 1023 successu
689 972 813 1025 Anacleto
826 984 895 1022 anno
910 971 1013 1022 Domini
1027 974 1083 1036 tlt,
1097 973 1145 1024 rub
1158 974 1269 1039 irajmo
1282 973 1467 1040 imperatore.)

157 1229 356 1286 Dilectissimis
375 1230 509 1288 tratribus
533 1232 670 1290 universis
692 1234 792 1291 Africa
820 1238 945 1310 regionis
956 1233 1059 1319 Altae
1072 1238 1172 1290 cuncta
1184 1233 1330 1292 recitanda
1343 1250 1395 1307 per
1403 1250 1503 1291 omnes
1516 1235 1653 1292 Ecclesiae
1666 1235 1812 1292 Africanas

122 1323 263 1395 episcopis
281 1324 447 1380 Evrmsrus.
992 1327 1098 1399 scripta
1110 1326 1236 1399 dirigite,
1248 1331 1277 1384 et
1292 1327 1352 1385 istis
1365 1329 1535 1396 connectite,
1544 1345 1614 1402 qrias
1629 1328 1812 1401 adjunximus

155 1416 375 1474 Consulentibus
387 1417 474 1486 vobis,
485 1418 586 1475 tratres
599 1420 767 1492 charissimi,
776 1424 844 1496 quid
858 1440 943 1497 super
992 1419 1100 1478 litteras
1113 1419 1313 1490 persecurum,
1327 1424 1359 1476 ut
1372 1420 1407 1477 de
1416 1420 1532 1492 hisquae
1544 1421 1642 1495 inique
1653 1422 1811 1478 laudentur

121 1510 173 1578 liis,
182 1526 251 1582 qum
260 1510 293 1565 in
302 1512 400 1567 vestus
410 1511 627 1570 continebantur
639 1515 750 1587 seriptis
760 1516 851 1573 visum
860 1523 941 1586 esset,
993 1512 1025 1584 (si
1040 1512 1109 1584 quid
1118 1513 1175 1570 tale
1187 1513 1302 1583 probari
1313 1514 1426 1593 poterit)
1430 1514 1572 1585 judicium
1582 1513 1643 1582 fiat,
1650 1519 1679 1571 et
1686 1514 1811 1571 inhibita

120 1603 161 1657 rel
175 1603 248 1675 qnid
267 1603 367 1659 docilis
381 1603 452 1660 ratio
470 1606 663 1677 persuaderet,
676 1610 727 1664 aut
738 1609 808 1681 quid
823 1626 840 1665 a
853 1611 943 1668 beatis
991 1609 1185 1673 coerceantur,
1199 1611 1228 1663 et
1247 1607 1393 1678 proetcrita
1414 1607 1497 1675 mala,
1511 1611 1540 1663 et
1553 1606 1650 1662 illicita
1666 1607 1810 1679 conjugia,

119 1695 256 1767 apostolis
269 1696 352 1751 nobis
365 1696 511 1765 traditmn,
525 1702 575 1753 aut
587 1699 757 1758 custoditum
770 1709 940 1773 remaneret,
992 1697 1014 1752 si
1028 1697 1183 1754 doceantur
1198 1697 1330 1766 admissa,
1344 1698 1432 1771 digna
1447 1699 1593 1755 severitate
1609 1698 1810 1771 corripiantur.

120 1792 253 1859 optantes
269 1792 312 1851 tut
325 1789 469 1861 retulistis)
479 1790 582 1846 nostris
594 1791 702 1849 institui
717 1794 900 1851 documentis.
912 1796 943 1852 si
991 1791 1030 1846 lle
1043 1794 1146 1847 catere
1159 1806 1224 1847 vero
1238 1794 1392 1847 caveantur
1400 1791 1468 1849 talia
1481 1808 1533 1863 per
1545 1807 1645 1848 omnes
1664 1791 1810 1859 Ecclesiae,

121 1881 238 1952 quidem
248 1881 364 1939 dilectio
372 1885 464 1938 vestra
470 1899 601 1939 normam
611 1887 942 1959 secutaprudentiumcd
992 1899 1028 1937 ne
1043 1882 1175 1939 Ecclesiae
1189 1884 1320 1939 sanctitas
1331 1900 1383 1955 per
1395 1886 1521 1939 nostram
1534 1884 1655 1956 fatigata
1662 1885 1811 1956 negligen-

121 1973 220 2029 sedem
232 1974 422 2046 Apostolicam
441 1976 549 2032 reterre
572 1977 683 2047 maluit,
702 1981 782 2052 quasi
795 1981 831 2036 ad
846 1987 940 2053 caput,
991 1975 1072 2042 tiam,
1088 1975 1191 2047 perdat
1200 1975 1346 2047 privilegia
1357 1992 1420 2049 quae
1431 1979 1472 2033 est
1484 1976 1619 2047 perviros
1632 1977 1810 2034 venerabiles

121 2066 195 2137 quid
206 2066 322 2123 debera
334 2067 369 2123 de
386 2067 472 2125 rebus
488 2068 581 2125 dubiis
594 2071 732 2128 custodire
746 2073 942 2146 potiusquam
992 2070 1153 2123 consecuit-

122 2159 308 2232 usurpatione
325 2176 510 2233 praesumere.
1026 2161 1064 2215 be
1077 2160 1206 2216 hisvero
1228 2160 1332 2233 quibus
1351 2160 1386 2216 ab
1409 2160 1620 2217 insidiatoribus
1637 2161 1808 2234 fatigamini,

265 2257 303 2309 lte
318 2254 490 2310 ordinatione
502 2260 602 2326 septem
616 2258 797 2316 diaconorum.
992 2252 1110 2310 undeet
1125 2270 1176 2309 nos
1193 2254 1352 2321 consuere,
1364 2258 1392 2310 et
1409 2272 1426 2310 a
1444 2254 1526 2311 nobis
1538 2254 1649 2310 edoceri
1667 2255 1741 2310 inter
1753 2270 1808 2310 εε-

155 2345 276 2400 Diaconi
288 2347 346 2418 (qui
359 2348 440 2419 quasi
458 2347 531 2403 oculi
545 2349 677 2406 videntur
690 2367 751 2409 esse
764 2353 897 2427 episcopi)
911 2355 941 2410 in
990 2349 1052 2401 tera
1069 2345 1206 2414 voluistis,
1224 2363 1258 2403 εο
1274 2347 1350 2420 quod
1367 2346 1424 2403 siut
1439 2347 1558 2419 qrridam
1574 2347 1624 2420 qui
1635 2347 1810 2404 arbitrantur

122 2454 298 2511 unaquaque
310 2440 422 2496 deitate
432 2442 516 2513 juxto
529 2443 720 2514 apostolorum
735 2446 887 2503 constituta
900 2464 941 2504 sc.
990 2439 1024 2494 de
1043 2441 1125 2496 Patre
1147 2440 1207 2495 solo
1236 2439 1344 2495 dietum
1365 2456 1435 2508 esse,
1456 2441 1523 2513 quia
1543 2440 1604 2513 ipse
1624 2442 1701 2496 solus
1724 2441 1810 2498 babet

123 2536 198 2602 ptem
212 2532 319 2588 debent
332 2549 402 2602 esse,
416 2535 465 2605 qui
484 2535 645 2592 custodiant
662 2537 825 2611 episcopum
839 2541 941 2611 prccdi-
990 2531 1235 2589 immortalitatem
1251 2537 1279 2588 et
1291 2533 1385 2590 lucem
1397 2533 1508 2589 habitat
1522 2533 1758 2600 inaccessibilem,
1769 2534 1810 2589 ita

124 2631 243 2691 mntem,
256 2641 294 2683 ne
309 2631 360 2682 aut
371 2627 431 2698 ipse
445 2628 481 2683 ab
498 2628 711 2686 insidiatoribus
724 2647 840 2703 quoquo
855 2606 979 2691 mcd0B
991 2643 1040 2682 eos
1050 2624 1211 2698 apostolicis
1223 2626 1361 2698 percutite
1372 2624 1479 2694 fernus,
1490 2629 1519 2682 et
1534 2625 1635 2682 divinis
1647 2627 1809 2699 redarguite

125 2719 282 2786 mlertetur,
295 2724 345 2775 aut
362 2720 511 2776 laudatura
529 2722 596 2791 suis,
610 2728 660 2779 aut
678 2723 763 2779 verba
779 2725 874 2781 divina
896 2727 942 2783 de·
991 2719 1138 2792 preceptis
1153 2735 1160 2773 :
1174 2719 1237 2774 Non
1251 2719 1329 2774 enim
1350 2719 1427 2775 solus
1450 2721 1532 2776 Pater
1546 2719 1607 2775 sine
1626 2719 1696 2776 Filio
1714 2721 1808 2776 lacem

125 2812 260 2868 babendo
284 2816 335 2868 aut
357 2813 515 2870 insidiando
535 2815 711 2887 polluantur,
725 2818 766 2873 vel
788 2819 942 2891 despician·
991 2811 1216 2868 inaccessibilem
1231 2811 1350 2878 habitat,
1366 2811 1432 2884 quia
1446 2811 1493 2867 ubi
1508 2814 1591 2868 Pater
1604 2818 1657 2882 est,
1671 2812 1710 2867 ibi
1722 2813 1809 2868 etiam

125 2911 174 2974 tur,
190 2905 240 2960 sed
255 2904 359 2960 veritas
371 2906 510 2977 spirituali
523 2909 649 2965 redoleat
662 2910 781 2978 fervore,
795 2928 852 2983 pax
870 2929 942 2984 prcc-
989 2904 1094 2960 Filium
1109 2920 1171 2959 esse
1186 2904 1369 2960 indubitabili
1378 2904 1435 2959 ssde
1449 2904 1623 2961 credendum
1633 2910 1674 2961 est
1679 2923 1688 2976 3
1702 2923 1769 2960 nam
1783 2906 1809 2961 si

126 2998 212 3054 dicata
225 2997 310 3053 labiis
324 2999 412 3053 animi
431 3016 497 3055 cum
510 3002 653 3059 voluntate
672 3004 833 3060 concordet,
991 2997 1066 3053 solus
1079 2999 1161 3052 Pater
1181 2997 1241 3052 sine
1261 2997 1329 3052 Filio
1342 2996 1430 3069 (quod
1443 2996 1535 3054 dicere
1554 2998 1634 3053 netas
1649 2999 1700 3069 est)
1715 3000 1809 3054 lucem

374 3097 411 3148 lie
426 3093 547 3165 corpuqio
563 3096 690 3165 legitimo.
991 3090 1101 3146 habitat
1113 3090 1349 3158 inaccessibilem,
1363 3106 1475 3145 necesse
1494 3094 1537 3146 est
1553 3096 1586 3146 ut
1600 3094 1810 3164 sequestratam

154 3184 292 3240 Similiter
302 3184 473 3241 custoditum
483 3190 512 3242 et
520 3187 658 3243 traditum
671 3188 819 3258 habemus,
828 3195 859 3246 ut
869 3207 941 3247 uxor
990 3187 1103 3241 Patara
1123 3183 1193 3239 Filio
1213 3183 1313 3239 habeat
1336 3183 1533 3253 mansionem
1556 3184 1632 3257 quod
1652 3184 1675 3238 si
1695 3184 1735 3239 ita
1755 3188 1808 3254 est,

128 3277 245 3348 legitime
257 3277 320 3332 viro
329 3277 478 3350 jungatur.
492 3279 581 3335 Aliter
593 3281 670 3336 enim
684 3281 861 3353 legitimum,
878 3288 909 3340 ut
923 3301 940 3340 a
990 3294 1118 3353 quonmn
1128 3277 1214 3333 modo
1224 3276 1299 3332 idem
1314 3276 1400 3332 Filius
1411 3277 1446 3332 ed
1457 3277 1604 3333 deauram
1613 3278 1703 3333 Patris
1714 3283 1809 3333 astans

127 3369 247 3426 Patribus
259 3369 432 3442 accepimus,
443 3375 472 3426 et
483 3374 613 3429 asanctis
626 3375 770 3447 apostolis,
785 3392 941 3449 eorumque
989 3390 1005 3427 a
1021 3373 1104 3428 heato
1125 3374 1251 3442 martyre
1264 3370 1408 3442 Stephano
1423 3369 1527 3425 dicitur
1541 3370 1676 3442 conspici,
1690 3371 1712 3425 si
1726 3372 1809 3426 Pater

127 3463 328 3519 uoeasorihus
349 3464 498 3534 traditum,
518 3466 688 3535 invenimus,
707 3484 763 3523 uon
786 3470 817 3524 sst
838 3471 938 3542 conju·
990 3465 1148 3520 secundum
1161 3480 1210 3519 eos
1224 3464 1301 3519 solus
1315 3463 1419 3519 dicitur
1432 3462 1546 3518 sedibus
1563 3463 1633 3518 lueis
1654 3462 1806 3519 contineri.

128 3554 207 3625 pum,
222 3555 280 3610 uisi
292 3555 329 3610 ab
344 3555 389 3610 his
401 3557 451 3627 qui
464 3573 550 3629 super
559 3558 649 3630 ipsam
663 3560 800 3616 feminam
815 3561 939 3617 domina·
990 3558 1070 3612 Absit
1082 3558 1136 3613 hoc
1152 3574 1169 3612 a
1184 3571 1268 3611 sensu
1291 3555 1418 3611 fidebam
1434 3555 1547 3611 Christo
1561 3555 1591 3611 in
1611 3556 1718 3613 unitme
1741 3555 1809 3611 fidei

128 3648 226 3703 ionem
240 3648 377 3703 videntur
389 3649 679 3723 habere,etaquibus
690 3653 856 3724 custoditur,
868 3670 941 3710 uxor
988 3649 1207 3716 adhaerentium,
1224 3649 1361 3719 quoniam
1382 3648 1455 3703 sicut
1473 3633 1532 3704 non
1550 3650 1630 3705 obest
1648 3649 1720 3705 Filio
1742 3665 1808 3704 cum

127 3745 241 3810 petram,
253 3745 282 3795 et
294 3758 312 3794 a
322 3742 486 3812 parentibus
500 3748 550 3798 aut
564 3745 816 3818 propinquioribus
826 3763 941 3818 sponse·
989 3743 1064 3799 solus
1081 3741 1185 3797 dicitur
1204 3743 1287 3796 Pater
1304 3741 1398 3794 lucem
1422 3739 1645 3796 inaccessibilem
1667 3742 1806 3810 habitare,

126 3838 174 3904 tur,
189 3834 345 3906 atlagibas
358 3834 451 3902 detur,
465 3838 494 3892 et
506 3852 558 3891 suo
573 3839 701 3911 tempore
717 3840 938 3907 sacerdotaliter,
989 3835 1028 3892 ita
1047 3851 1106 3890 non
1129 3834 1209 3890 obest
1227 3833 1304 3888 Patri
1327 3848 1394 3887 cum
1415 3832 1566 3903 sapientia,
1579 3848 1644 3905 quae
1656 3835 1699 3888 est
1711 3833 1806 3898 Filius,

125 3931 151 3980 nt
164 3944 225 3983 mos
241 3930 370 3994 astrum
382 3927 514 4001 precibus
526 3933 554 3984 et
565 3930 754 3987 oblationibus
766 3949 782 3987 a
795 3934 939 3989 sacerdote
989 3928 1092 3984 dicitur
1104 3944 1206 3999 gyrum
1221 3925 1283 3981 coeli
1300 3924 1357 3980 sola
1374 3924 1493 3979 circuire
1499 3941 1508 3994 ;
1524 3926 1608 3981 Pater
1619 3924 1726 3996 itaque,
1740 3940 1808 3980 cum

123 4017 313 4088 benedicatur,
324 4023 604 4094 etaparanymphis,
616 4027 648 4079 ut
658 4026 833 4081 consuetudo
847 4026 938 4095 docet,
989 4022 1026 4077 sit
1052 4021 1198 4077 invisibilis
1231 4023 1259 4075 et
1283 4018 1427 4091 ingenitus
1456 4017 1487 4072 in
1514 4035 1554 4085 se,
1577 4018 1606 4072 in
1638 4017 1708 4074 Filio
1731 4017 1808 4072 visin

122 4113 257 4169 mnodita
271 4117 301 4168 et
314 4115 419 4169 sociata
430 4131 448 4169 a
459 4115 594 4187 proximis
606 4120 735 4189 tempora
751 4135 877 4192 congruo
889 4137 938 4192 pe·
988 4115 1114 4186 Apostoli
1134 4113 1297 4170 testimonio
1323 4111 1540 4182 comprobatur,
1555 4117 1583 4166 et
1602 4111 1631 4165 in
1653 4111 1721 4166 Filio
1743 4127 1760 4165 a
1778 4128 1808 4167 sa

121 4209 167 4260 tila
178 4206 293 4278 legibus
307 4206 401 4276 detur,
415 4212 445 4263 et
455 4208 620 4264 solemniter
633 4210 799 4282 accipiatur,
811 4217 840 4268 et
852 4212 939 4269 biduo
989 4206 1216 4264 inenarrabiliter
1229 4206 1324 4277 genito
1339 4204 1476 4260 mansisse
1491 4220 1523 4259 ae
1541 4204 1711 4276 requievisse
1724 4221 1805 4260 mon-

121 4298 159 4352 rel
168 4299 449 4355 triduoorationibus
457 4303 760 4360 vacentetcastitatem
769 4305 937 4376 custodiant,
989 4305 1104 4371 stratur,
1118 4299 1180 4371 ipso
1198 4299 1268 4354 Filio
1283 4298 1313 4353 in
1327 4298 1469 4369 propheta
1490 4297 1625 4368 loquente
1642 4315 1649 4352 :
1665 4317 1679 4350 a
1693 4297 1747 4362 Qui
1760 4314 1807 4353 me

123 4394 150 4444 nt
164 4392 247 4447 bonae
265 4390 374 4448 soboles
395 4397 577 4464 generentur,
592 4399 621 4451 et
641 4396 761 4452 Domino
782 4397 812 4452 in
829 4398 939 4453 actibus
990 4394 1100 4466 genuit,
1116 4391 1254 4465 requievit
1276 4391 1306 4446 in
1330 4390 1806 4459 tabernaculomeolltccli.xx1v,

124 4483 176 4538 su'u
187 4485 327 4556 placeant.
339 4485 443 4542 Taliter
454 4486 532 4542 enim
551 4492 579 4544 et
601 4489 722 4545 llomino
736 4490 897 4562 placebunt,
910 4495 940 4546 et
991 4490 1044 4558 lig
1060 4507 1073 4538 o
1087 4491 1116 4542 et
1126 4485 1155 4540 in
1169 4483 1323 4557 Evangelio
1340 4500 1346 4538 :
1368 4506 1383 4533 (ι
1396 4485 1480 4538 Pater
1495 4483 1525 4537 in
1539 4498 1586 4537 me
1601 4499 1720 4537 manens
1736 4483 1807 4538 lacit

123 4575 191 4632 tuoe
201 4594 262 4633 non
275 4578 396 4650 spurios,
408 4579 459 4634 sed
472 4579 625 4652 legitimos,
635 4585 720 4655 atque
731 4582 939 4639 haereditabiles
989 4595 1078 4651 opera
1097 4580 1157 4634 hac
1174 4581 1261 4646 (loon.
1275 4593 1331 4643 xiv,
1347 4576 1400 4647 to),
1416 4595 1430 4626 o
1450 4578 1489 4642 et,
1506 4597 1520 4624 «
1534 4576 1626 4630 Deum
1640 4591 1725 4630 nemo
1738 4575 1808 4631 vidit

124 4671 307 4741 generabunt.
329 4671 520 4745 Quapropter,
534 4672 585 4728 lilii
603 4674 771 4746 charissimi,
786 4678 816 4731 et
836 4677 938 4732 merito
989 4688 1126 4744 unquam,
1142 4670 1196 4725 nisi
1210 4668 1374 4741 unigenitus
1389 4667 1475 4722 Filius
1492 4667 1541 4738 qui
1564 4670 1609 4721 est
1626 4667 1656 4722 in
1678 4667 1743 4722 sinu
1757 4670 1808 4723 Pa·

123 4761 242 4818 sslmtres
255 4763 313 4819 lide
326 4764 463 4820 catholica
480 4766 664 4838 suffragante,
678 4767 717 4823 ita
734 4774 849 4840 peracta
865 4770 935 4842 legi-
988 4766 1038 4820 tris
1064 4766 1152 4836 (loen.
1177 4780 1196 4832 ι,
1221 4764 1283 4830 lti3
1307 4784 1320 4811 »
1344 4761 1367 4816 si
1392 4761 1469 4816 enim
1494 4760 1524 4815 iu
1544 4760 1609 4815 sinu
1632 4760 1721 4815 Patris
1746 4765 1807 4817 erat

124 4855 189 4911 tiana
201 4857 303 4912 scitote
323 4873 384 4913 esse
404 4859 545 4931 conjugia.
565 4858 657 4916 Aliter
676 4877 742 4916 vero
763 4866 937 4935 praesumpta
988 4858 1074 4914 Filius
1096 4857 1132 4912 ab
1152 4856 1244 4923 initio,
1259 4859 1335 4911 etex
1350 4855 1435 4910 corde
1453 4853 1675 4909 Patrisverbum
1697 4853 1805 4909 bonum

123 4963 177 5004 non
189 4949 336 5022 conjugia,
351 4951 459 5006 sedaut
468 4952 616 5020 adulteria,
626 4958 675 5009 aut
685 4954 877 5022 contubernia,
887 4959 938 5010 aut
987 4955 1145 5007 eructatum
1165 4952 1217 5018 est,
1234 4948 1380 5020 mornado
1395 4964 1451 5003 non
1467 4946 1497 5001 in
1510 4948 1597 5003 corde
1609 4951 1728 5018 paterno
1741 4962 1807 5002 con-

124 5044 226 5114 stapm,
240 5041 285 5097 vel
297 5042 495 5100 fornicationes
511 5045 710 5118 potiusquam
729 5047 936 5120 legitimacon·
987 5044 1087 5100 sistens
1102 5044 1194 5099 lucem
1213 5058 1278 5097 cum
1300 5041 1401 5097 eodem
1423 5039 1643 5096 inaccessibilem
1664 5039 1806 5096 habitasse

121 5133 196 5204 jugia
210 5151 271 5190 csse
286 5152 344 5191 nou
357 5136 494 5208 dubitate,
507 5138 699 5194 nisivolnnlas
708 5140 823 5212 propria
835 5140 936 5196 suffra-
987 5137 1144 5192 credendus
1156 5134 1220 5190 est‘l
1242 5133 1375 5207 Nunquid
1393 5135 1477 5188 Pater
1493 5132 1600 5204 absque
1620 5133 1678 5187 ulla
1695 5132 1758 5187 luce
1776 5132 1806 5186 in

125 5231 183 5297 gata
194 5228 285 5284 inerit
301 5235 330 5285 et
343 5235 410 5286 vota
426 5231 618 5288 succurrerint
636 5232 773 5304 legitima.
789 5234 860 5288 Nam
880 5235 937 5290 tru-
987 5230 1056 5285 Filio
1077 5228 1169 5301 potuit
1190 5243 1384 5295 commanere,
1410 5229 1460 5281 aut
1484 5226 1514 5280 in
1537 5225 1721 5281 tabernaculo
1743 5222 1805 5279 Filii

125 5325 180 5375 ctas
191 5321 305 5378 divinus
316 5324 361 5377 est
372 5329 512 5394 precepta
525 5325 621 5380 divina
639 5325 790 5382 custodire.
810 5328 850 5382 Ea
871 5323 977 5399 quel)
988 5323 1048 5378 sine
1061 5323 1161 5378 eadem
1175 5320 1267 5392 potuit
1279 5320 1467 5392 requiescere,
1477 5336 1543 5375 cum
1559 5318 1635 5374 idem
1648 5317 1733 5372 Filius
1742 5330 1805 5370 can·

124 5428 173 5484 qne
185 5415 318 5470 deserere
330 5416 583 5487 presumptionem
592 5417 653 5473 fleri
667 5418 738 5474 nulli
750 5419 871 5475 dubium
883 5426 935 5476 est.
986 5415 1038 5470 dor
1051 5415 1087 5469 sit
1100 5417 1215 5469 aterna
1230 5412 1310 5480 lucis,
1325 5417 1354 5468 et
1368 5413 1514 5484 speculum
1529 5411 1589 5466 sine
1609 5408 1721 5464 macula
1740 5405 1803 5460 dei-

124 5505 253 5579 emerge
266 5507 419 5580 indignum
432 5513 474 5565 est
487 5509 626 5566 unitatem
640 5511 769 5567 Ecclesia
782 5512 936 5568 custodiri?
985 5508 1062 5575 tatis,
1071 5523 1157 5579 quam
1168 5507 1301 5564 Salomon
1311 5521 1398 5577 super
1407 5505 1526 5559 salutem
1541 5518 1623 5557 suam
1633 5499 1765 5554 dilexisse
1773 5515 1803 5554 se

123 5597 934 5677 idemqncomncsporiurctcentemneetproounuomoo.
987 5600 1064 5669 dicit,
1075 5600 1105 5655 in
1118 5600 1198 5671 cujus
1211 5615 1289 5672 spem
1303 5614 1417 5671 semper
1428 5594 1561 5652 delectari
1574 5592 1704 5665 gestivit:
1716 5607 1803 5664 super

124 5689 147 5746 Si
159 5694 235 5750 enim
249 5694 334 5750 aliter
347 5698 525 5768 praesumpta
539 5696 656 5766 luerint,
670 5698 794 5770 perdunt
809 5698 935 5772 profecto
985 5699 1104 5754 sdntem
1126 5701 1155 5753 et
1175 5713 1253 5768 spem
1275 5695 1385 5770 (inquit)
1404 5693 1491 5750 dilexi
1515 5691 1603 5758 illam,
1618 5693 1648 5746 et
1668 5706 1720 5762 pro
1739 5689 1803 5747 luce

124 5783 169 5853 ipsi
178 5791 404 5859 nansgressores
413 5788 520 5860 seipsos
529 5789 770 5864 quiasemetipsos
778 5791 932 5863 decipiunt.
985 5790 1120 5863 proposui
1141 5791 1247 5845 habere
1265 5805 1339 5855 eam,
1356 5785 1492 5860 quoniam
1515 5783 1745 5857 inexstinguibile
1760 5787 1804 5839 est
