<?xml version="1.0" encoding="UTF-8"?>
<!DOCTYPE html PUBLIC "-//W3C//DTD XHTML 1.0 Transitional//EN"
    "http://www.w3.org/TR/xhtml1/DTD/xhtml1-transitional.dtd">
<html xmlns="http://www.w3.org/1999/xhtml" xml:lang="en" lang="en">
 <head>
  <title>
</title>
<meta http-equiv="Content-Type" content="text/html;charset=utf-8" />
  <meta name='ocr-system' content='tesseract 3.04.00' />
  <meta name='ocr-capabilities' content='ocr_page ocr_carea ocr_par ocr_line ocrx_word'/>
</head>
<body>
  <div class='ocr_page' id='page_1' title='image "./patrologiaecurs03unkngoog_0613.png"; bbox 0 0 3870 6150; ppageno 0'>
   <div class='ocr_carea' id='block_1_1' title="bbox 137 251 1809 309">
    <p class='ocr_par' dir='ltr' id='par_1_1' title="bbox 137 251 1809 309">
     <span class='ocr_line' id='line_1_1' title="bbox 137 251 1809 309; baseline 0 -1"><span class='ocrx_word' id='word_1_1' title='bbox 137 251 200 308; x_wconf 76' lang='lat' dir='ltr'><strong>lttl</strong></span> <span class='ocrx_word' id='word_1_2' title='bbox 581 252 723 307; x_wconf 73' lang='lat' dir='ltr'><strong>,treuna</strong></span> <span class='ocrx_word' id='word_1_3' title='bbox 743 253 787 306; x_wconf 79' lang='lat' dir='ltr'><strong>ab</strong></span> <span class='ocrx_word' id='word_1_4' title='bbox 806 253 886 308; x_wconf 87' lang='lat' dir='ltr'><strong>SAEC.</strong></span> <span class='ocrx_word' id='word_1_5' title='bbox 907 253 996 307; x_wconf 88' lang='grc'><strong>111.-</strong></span> <span class='ocrx_word' id='word_1_6' title='bbox 1016 253 1137 308; x_wconf 82' lang='lat' dir='ltr'><strong>tstbottl</strong></span> <span class='ocrx_word' id='word_1_7' title='bbox 1155 251 1369 308; x_wconf 78' lang='lat' dir='ltr'><strong>nuncatoats</strong></span> <span class='ocrx_word' id='word_1_8' title='bbox 1751 257 1809 309; x_wconf 74' lang='lat' dir='ltr'><strong>llit</strong></span> 
     </span>
    </p>
   </div>
   <div class='ocr_carea' id='block_1_2' title="bbox 132 358 1819 1939">
    <p class='ocr_par' dir='ltr' id='par_1_2' title="bbox 132 358 1819 1939">
     <span class='ocr_line' id='line_1_2' title="bbox 136 358 1815 447; baseline 0.001 -32"><span class='ocrx_word' id='word_1_9' title='bbox 136 360 290 415; x_wconf 91' lang='lat' dir='ltr'><strong>monachos</strong></span> <span class='ocrx_word' id='word_1_10' title='bbox 304 360 356 415; x_wconf 90' lang='lat' dir='ltr'><strong>sub</strong></span> <span class='ocrx_word' id='word_1_11' title='bbox 374 361 474 432; x_wconf 88' lang='lat' dir='ltr'><strong>regula</strong></span> <span class='ocrx_word' id='word_1_12' title='bbox 491 360 566 417; x_wconf 90' lang='lat' dir='ltr'><strong>beati</strong></span> <span class='ocrx_word' id='word_1_13' title='bbox 587 359 730 416; x_wconf 74' lang='lat' dir='ltr'><strong>Benedicti</strong></span> <span class='ocrx_word' id='word_1_14' title='bbox 752 360 858 432; x_wconf 91' lang='lat' dir='ltr'><strong>degere</strong></span> <span class='ocrx_word' id='word_1_15' title='bbox 874 360 951 416; x_wconf 91' lang='lat' dir='ltr'><strong>ordi·</strong></span> <span class='ocrx_word' id='word_1_16' title='bbox 962 372 992 447; x_wconf 69' lang='grc' dir='ltr'><strong>Ᾱ</strong></span> <span class='ocrx_word' id='word_1_17' title='bbox 1003 359 1331 433; x_wconf 87' lang='lat' dir='ltr'><strong>quemadmodnmviris,</strong></span> <span class='ocrx_word' id='word_1_18' title='bbox 1338 359 1393 416; x_wconf 87' lang='lat' dir='ltr'><strong>sibi</strong></span> <span class='ocrx_word' id='word_1_19' title='bbox 1401 358 1522 415; x_wconf 91' lang='lat' dir='ltr'><strong>invicem</strong></span> <span class='ocrx_word' id='word_1_20' title='bbox 1528 359 1617 431; x_wconf 89' lang='lat' dir='ltr'><strong>pedes</strong></span> <span class='ocrx_word' id='word_1_21' title='bbox 1625 360 1815 428; x_wconf 87' lang='lat' dir='ltr'><strong>abluere,tam</strong></span> 
     </span>
     <span class='ocr_line' id='line_1_3' title="bbox 135 453 1816 527; baseline 0.002 -19"><span class='ocrx_word' id='word_1_22' title='bbox 135 455 221 522; x_wconf 91' lang='lat' dir='ltr'><strong>uasti,</strong></span> <span class='ocrx_word' id='word_1_23' title='bbox 238 454 291 508; x_wconf 90' lang='lat' dir='ltr'><strong>hoc</strong></span> <span class='ocrx_word' id='word_1_24' title='bbox 305 454 468 510; x_wconf 87' lang='lat' dir='ltr'><strong>venerabile</strong></span> <span class='ocrx_word' id='word_1_25' title='bbox 483 455 690 510; x_wconf 91' lang='lat' dir='ltr'><strong>monasterinm</strong></span> <span class='ocrx_word' id='word_1_26' title='bbox 703 454 878 511; x_wconf 92' lang='lat' dir='ltr'><strong>nominituo</strong></span> <span class='ocrx_word' id='word_1_27' title='bbox 893 454 952 527; x_wconf 88' lang='lat' dir='ltr'><strong>pri·</strong></span> <span class='ocrx_word' id='word_1_28' title='bbox 1002 455 1032 510; x_wconf 91' lang='lat' dir='ltr'><strong>in</strong></span> <span class='ocrx_word' id='word_1_29' title='bbox 1047 471 1126 511; x_wconf 89' lang='lat' dir='ltr'><strong>coena</strong></span> <span class='ocrx_word' id='word_1_30' title='bbox 1140 454 1264 524; x_wconf 86' lang='lat' dir='ltr'><strong>Domini,</strong></span> <span class='ocrx_word' id='word_1_31' title='bbox 1280 470 1365 527; x_wconf 90' lang='lat' dir='ltr'><strong>quam</strong></span> <span class='ocrx_word' id='word_1_32' title='bbox 1384 454 1415 510; x_wconf 91' lang='lat' dir='ltr'><strong>iu</strong></span> <span class='ocrx_word' id='word_1_33' title='bbox 1436 453 1499 510; x_wconf 89' lang='lat' dir='ltr'><strong>aliis</strong></span> <span class='ocrx_word' id='word_1_34' title='bbox 1514 453 1627 509; x_wconf 88' lang='lat' dir='ltr'><strong>dicbus.</strong></span> <span class='ocrx_word' id='word_1_35' title='bbox 1648 454 1709 508; x_wconf 87' lang='lat' dir='ltr'><strong>lloe</strong></span> <span class='ocrx_word' id='word_1_36' title='bbox 1724 455 1816 511; x_wconf 89' lang='lat' dir='ltr'><strong>Domi·</strong></span> 
     </span>
     <span class='ocr_line' id='line_1_4' title="bbox 135 547 1817 622; baseline 0.002 -21"><span class='ocrx_word' id='word_1_37' title='bbox 135 547 239 618; x_wconf 89' lang='lat' dir='ltr'><strong>vilegio</strong></span> <span class='ocrx_word' id='word_1_38' title='bbox 264 547 339 602; x_wconf 87' lang='lat' dir='ltr'><strong>sedis</strong></span> <span class='ocrx_word' id='word_1_39' title='bbox 365 548 525 620; x_wconf 73' lang='lat' dir='ltr'><strong>apostolicae</strong></span> <span class='ocrx_word' id='word_1_40' title='bbox 548 548 666 605; x_wconf 91' lang='lat' dir='ltr'><strong>muniri.</strong></span> <span class='ocrx_word' id='word_1_41' title='bbox 692 548 773 614; x_wconf 85' lang='lat' dir='ltr'><strong>Quod</strong></span> <span class='ocrx_word' id='word_1_42' title='bbox 795 549 870 605; x_wconf 90' lang='lat' dir='ltr'><strong>votis</strong></span> <span class='ocrx_word' id='word_1_43' title='bbox 898 549 954 605; x_wconf 89' lang='lat' dir='ltr'><strong>tuis</strong></span> <span class='ocrx_word' id='word_1_44' title='bbox 1003 547 1641 622; x_wconf 81' lang='lat' dir='ltr'><strong>uicumpraeceptumest,quodquiperfidem</strong></span> <span class='ocrx_word' id='word_1_45' title='bbox 1652 547 1817 620; x_wconf 75' lang='lat' dir='ltr'>impleverit,</span> 
     </span>
     <span class='ocr_line' id='line_1_5' title="bbox 135 640 1819 715; baseline 0.001 -18"><span class='ocrx_word' id='word_1_46' title='bbox 135 640 347 713; x_wconf 74' lang='lat' dir='ltr'><strong>acquiescentes</strong></span> <span class='ocrx_word' id='word_1_47' title='bbox 365 642 559 699; x_wconf 84' lang='lat' dir='ltr'><strong>ordinavimus</strong></span> <span class='ocrx_word' id='word_1_48' title='bbox 576 642 657 714; x_wconf 84' lang='lat' dir='ltr'><strong>juxta</strong></span> <span class='ocrx_word' id='word_1_49' title='bbox 675 644 845 715; x_wconf 82' lang='lat' dir='ltr'><strong>petitionem</strong></span> <span class='ocrx_word' id='word_1_50' title='bbox 861 647 889 700; x_wconf 88' lang='lat' dir='ltr'><strong>et</strong></span> <span class='ocrx_word' id='word_1_51' title='bbox 902 643 952 699; x_wconf 91' lang='lat' dir='ltr'><strong>de·</strong></span> <span class='ocrx_word' id='word_1_52' title='bbox 1004 643 1120 699; x_wconf 88' lang='lat' dir='ltr'><strong>habebit</strong></span> <span class='ocrx_word' id='word_1_53' title='bbox 1129 659 1163 698; x_wconf 86' lang='lat' dir='ltr'><strong>er</strong></span> <span class='ocrx_word' id='word_1_54' title='bbox 1177 659 1210 700; x_wconf 89' lang='lat' dir='ltr'><strong>oo</strong></span> <span class='ocrx_word' id='word_1_55' title='bbox 1223 642 1350 699; x_wconf 91' lang='lat' dir='ltr'><strong>laudem.</strong></span> <span class='ocrx_word' id='word_1_56' title='bbox 1362 642 1474 699; x_wconf 86' lang='lat' dir='ltr'><strong>Etenim</strong></span> <span class='ocrx_word' id='word_1_57' title='bbox 1481 641 1535 697; x_wconf 90' lang='lat' dir='ltr'><strong>viri</strong></span> <span class='ocrx_word' id='word_1_58' title='bbox 1545 644 1574 697; x_wconf 90' lang='lat' dir='ltr'><strong>et</strong></span> <span class='ocrx_word' id='word_1_59' title='bbox 1585 641 1726 698; x_wconf 85' lang='lat' dir='ltr'><strong>mulieres</strong></span> <span class='ocrx_word' id='word_1_60' title='bbox 1738 658 1819 699; x_wconf 87' lang='lat' dir='ltr'><strong>unum</strong></span> 
     </span>
     <span class='ocr_line' id='line_1_6' title="bbox 135 735 1818 810; baseline 0.002 -21"><span class='ocrx_word' id='word_1_61' title='bbox 135 735 273 791; x_wconf 90' lang='lat' dir='ltr'><strong>siderium</strong></span> <span class='ocrx_word' id='word_1_62' title='bbox 298 742 390 792; x_wconf 89' lang='lat' dir='ltr'><strong>tuum.</strong></span> <span class='ocrx_word' id='word_1_63' title='bbox 417 737 556 809; x_wconf 79' lang='lat' dir='ltr'><strong>Congruit</strong></span> <span class='ocrx_word' id='word_1_64' title='bbox 579 737 658 792; x_wconf 91' lang='lat' dir='ltr'><strong>onim</strong></span> <span class='ocrx_word' id='word_1_65' title='bbox 685 736 774 793; x_wconf 93' lang='lat' dir='ltr'><strong>divini</strong></span> <span class='ocrx_word' id='word_1_66' title='bbox 802 736 953 793; x_wconf 91' lang='lat' dir='ltr'><strong>ministerii</strong></span> <span class='ocrx_word' id='word_1_67' title='bbox 1003 738 1092 793; x_wconf 82' lang='lat' dir='ltr'><strong>Deum</strong></span> <span class='ocrx_word' id='word_1_68' title='bbox 1104 737 1246 793; x_wconf 89' lang='lat' dir='ltr'><strong>habemus</strong></span> <span class='ocrx_word' id='word_1_69' title='bbox 1257 736 1346 810; x_wconf 92' lang='lat' dir='ltr'><strong>quiin</strong></span> <span class='ocrx_word' id='word_1_70' title='bbox 1356 737 1433 792; x_wconf 88' lang='lat' dir='ltr'><strong>ooelis</strong></span> <span class='ocrx_word' id='word_1_71' title='bbox 1446 740 1498 792; x_wconf 90' lang='lat' dir='ltr'><strong>est.</strong></span> <span class='ocrx_word' id='word_1_72' title='bbox 1508 739 1563 792; x_wconf 91' lang='lat' dir='ltr'><strong>Pro</strong></span> <span class='ocrx_word' id='word_1_73' title='bbox 1574 735 1818 793; x_wconf 87' lang='lat' dir='ltr'><strong>benedictionibus</strong></span> 
     </span>
     <span class='ocr_line' id='line_1_7' title="bbox 134 829 1817 905; baseline 0.001 -21"><span class='ocrx_word' id='word_1_74' title='bbox 134 829 352 902; x_wconf 78' lang='lat' dir='ltr'><strong>praedicatorem</strong></span> <span class='ocrx_word' id='word_1_75' title='bbox 366 830 566 904; x_wconf 89' lang='lat' dir='ltr'><strong>optimumque</strong></span> <span class='ocrx_word' id='word_1_76' title='bbox 576 831 740 887; x_wconf 89' lang='lat' dir='ltr'><strong>ministrum</strong></span> <span class='ocrx_word' id='word_1_77' title='bbox 750 831 785 887; x_wconf 91' lang='lat' dir='ltr'><strong>ad</strong></span> <span class='ocrx_word' id='word_1_78' title='bbox 795 831 954 888; x_wconf 89' lang='lat' dir='ltr'><strong>desiderata</strong></span> <span class='ocrx_word' id='word_1_79' title='bbox 1004 833 1101 887; x_wconf 88' lang='lat' dir='ltr'><strong>antem</strong></span> <span class='ocrx_word' id='word_1_80' title='bbox 1112 847 1183 905; x_wconf 90' lang='lat' dir='ltr'><strong>quas</strong></span> <span class='ocrx_word' id='word_1_81' title='bbox 1195 831 1305 887; x_wconf 83' lang='lat' dir='ltr'><strong>iaciunt</strong></span> <span class='ocrx_word' id='word_1_82' title='bbox 1317 831 1397 898; x_wconf 89' lang='lat' dir='ltr'><strong>Galli,</strong></span> <span class='ocrx_word' id='word_1_83' title='bbox 1411 834 1445 887; x_wconf 91' lang='lat' dir='ltr'><strong>ut</strong></span> <span class='ocrx_word' id='word_1_84' title='bbox 1457 829 1540 899; x_wconf 90' lang='lat' dir='ltr'><strong>nosti,</strong></span> <span class='ocrx_word' id='word_1_85' title='bbox 1554 831 1655 898; x_wconf 84' lang='lat' dir='ltr'><strong>frater,</strong></span> <span class='ocrx_word' id='word_1_86' title='bbox 1669 830 1768 886; x_wconf 90' lang='lat' dir='ltr'><strong>multis</strong></span> <span class='ocrx_word' id='word_1_87' title='bbox 1781 831 1817 886; x_wconf 90' lang='lat' dir='ltr'><strong>vi-</strong></span> 
     </span>
     <span class='ocr_line' id='line_1_8' title="bbox 134 923 1819 999; baseline 0.002 -21"><span class='ocrx_word' id='word_1_88' title='bbox 134 923 309 997; x_wconf 89' lang='lat' dir='ltr'><strong>pertiugere,</strong></span> <span class='ocrx_word' id='word_1_89' title='bbox 323 928 351 980; x_wconf 92' lang='lat' dir='ltr'><strong>et</strong></span> <span class='ocrx_word' id='word_1_90' title='bbox 362 929 487 997; x_wconf 73' lang='lat' dir='ltr'><strong>caeptum</strong></span> <span class='ocrx_word' id='word_1_91' title='bbox 501 926 611 981; x_wconf 92' lang='lat' dir='ltr'><strong>bonnm</strong></span> <span class='ocrx_word' id='word_1_92' title='bbox 625 942 697 998; x_wconf 91' lang='lat' dir='ltr'><strong>opus</strong></span> <span class='ocrx_word' id='word_1_93' title='bbox 711 942 800 999; x_wconf 89' lang='lat' dir='ltr'><strong>neque</strong></span> <span class='ocrx_word' id='word_1_94' title='bbox 818 927 848 981; x_wconf 92' lang='lat' dir='ltr'><strong>in</strong></span> <span class='ocrx_word' id='word_1_95' title='bbox 865 926 953 982; x_wconf 89' lang='lat' dir='ltr'><strong>linem</strong></span> <span class='ocrx_word' id='word_1_96' title='bbox 1002 925 1049 981; x_wconf 91' lang='lat' dir='ltr'><strong>tiis</strong></span> <span class='ocrx_word' id='word_1_97' title='bbox 1061 925 1217 981; x_wconf 89' lang='lat' dir='ltr'><strong>variantur.</strong></span> <span class='ocrx_word' id='word_1_98' title='bbox 1232 927 1304 981; x_wconf 90' lang='lat' dir='ltr'><strong>Nam</strong></span> <span class='ocrx_word' id='word_1_99' title='bbox 1315 941 1375 980; x_wconf 89' lang='lat' dir='ltr'><strong>nou</strong></span> <span class='ocrx_word' id='word_1_100' title='bbox 1388 940 1422 981; x_wconf 87' lang='lat' dir='ltr'><strong>ex</strong></span> <span class='ocrx_word' id='word_1_101' title='bbox 1435 924 1592 996; x_wconf 87' lang='lat' dir='ltr'><strong>apostolica</strong></span> <span class='ocrx_word' id='word_1_102' title='bbox 1604 924 1761 980; x_wconf 90' lang='lat' dir='ltr'><strong>traditione</strong></span> <span class='ocrx_word' id='word_1_103' title='bbox 1771 926 1819 981; x_wconf 90' lang='lat' dir='ltr'><strong>hoc</strong></span> 
     </span>
     <span class='ocr_line' id='line_1_9' title="bbox 133 1017 1819 1093; baseline 0.001 -21"><span class='ocrx_word' id='word_1_104' title='bbox 133 1017 282 1090; x_wconf 85' lang='lat' dir='ltr'><strong>perficere,</strong></span> <span class='ocrx_word' id='word_1_105' title='bbox 301 1018 373 1075; x_wconf 88' lang='lat' dir='ltr'><strong>sicut</strong></span> <span class='ocrx_word' id='word_1_106' title='bbox 396 1019 535 1091; x_wconf 88' lang='lat' dir='ltr'><strong>scriptum</strong></span> <span class='ocrx_word' id='word_1_107' title='bbox 555 1020 585 1075; x_wconf 92' lang='lat' dir='ltr'><strong>in</strong></span> <span class='ocrx_word' id='word_1_108' title='bbox 610 1020 757 1076; x_wconf 87' lang='lat' dir='ltr'><strong>Dominico</strong></span> <span class='ocrx_word' id='word_1_109' title='bbox 781 1025 925 1093; x_wconf 87' lang='lat' dir='ltr'><strong>praecepto</strong></span> <span class='ocrx_word' id='word_1_110' title='bbox 943 1037 950 1075; x_wconf 72' lang='grc' dir='ltr'><strong><em>ι</em></strong></span> <span class='ocrx_word' id='word_1_111' title='bbox 1002 1019 1120 1090; x_wconf 84' lang='lat' dir='ltr'><strong>faciunt,</strong></span> <span class='ocrx_word' id='word_1_112' title='bbox 1136 1020 1186 1076; x_wconf 89' lang='lat' dir='ltr'><strong>sed</strong></span> <span class='ocrx_word' id='word_1_113' title='bbox 1198 1036 1251 1092; x_wconf 88' lang='lat' dir='ltr'><strong>per</strong></span> <span class='ocrx_word' id='word_1_114' title='bbox 1264 1035 1366 1075; x_wconf 90' lang='lat' dir='ltr'><strong>vanam</strong></span> <span class='ocrx_word' id='word_1_115' title='bbox 1381 1018 1502 1091; x_wconf 89' lang='lat' dir='ltr'><strong>gloriam</strong></span> <span class='ocrx_word' id='word_1_116' title='bbox 1516 1019 1572 1075; x_wconf 91' lang='lat' dir='ltr'><strong>hoc</strong></span> <span class='ocrx_word' id='word_1_117' title='bbox 1588 1023 1758 1090; x_wconf 80' lang='lat' dir='ltr'><strong>operantur,</strong></span> <span class='ocrx_word' id='word_1_118' title='bbox 1770 1019 1819 1075; x_wconf 90' lang='lat' dir='ltr'><strong>sibi</strong></span> 
     </span>
     <span class='ocr_line' id='line_1_10' title="bbox 135 1111 1817 1187; baseline 0.001 -20"><span class='ocrx_word' id='word_1_119' title='bbox 135 1133 149 1162; x_wconf 94' lang='lat'>«</span> <span class='ocrx_word' id='word_1_120' title='bbox 164 1111 217 1177; x_wconf 81' lang='lat' dir='ltr'><strong>Qui</strong></span> <span class='ocrx_word' id='word_1_121' title='bbox 228 1113 449 1184; x_wconf 79' lang='lat' dir='ltr'><strong>perseveraverit</strong></span> <span class='ocrx_word' id='word_1_122' title='bbox 462 1130 552 1185; x_wconf 91' lang='lat' dir='ltr'><strong>usque</strong></span> <span class='ocrx_word' id='word_1_123' title='bbox 567 1113 596 1169; x_wconf 93' lang='lat' dir='ltr'><strong>in</strong></span> <span class='ocrx_word' id='word_1_124' title='bbox 613 1115 711 1184; x_wconf 84' lang='lat' dir='ltr'><strong>finem,</strong></span> <span class='ocrx_word' id='word_1_125' title='bbox 727 1113 774 1169; x_wconf 91' lang='lat' dir='ltr'><strong>hic</strong></span> <span class='ocrx_word' id='word_1_126' title='bbox 791 1114 885 1170; x_wconf 87' lang='lat' dir='ltr'><strong>salvus</strong></span> <span class='ocrx_word' id='word_1_127' title='bbox 898 1113 953 1170; x_wconf 90' lang='lat' dir='ltr'><strong>erit</strong></span> <span class='ocrx_word' id='word_1_128' title='bbox 1003 1114 1070 1187; x_wconf 88' lang='lat' dir='ltr'><strong>ipsis</strong></span> <span class='ocrx_word' id='word_1_129' title='bbox 1085 1113 1299 1171; x_wconf 87' lang='lat' dir='ltr'><strong>damnationem</strong></span> <span class='ocrx_word' id='word_1_130' title='bbox 1323 1113 1502 1182; x_wconf 81' lang='lat' dir='ltr'><strong>adhibentes,</strong></span> <span class='ocrx_word' id='word_1_131' title='bbox 1516 1113 1587 1169; x_wconf 92' lang='lat' dir='ltr'><strong>dum</strong></span> <span class='ocrx_word' id='word_1_132' title='bbox 1601 1113 1742 1186; x_wconf 89' lang='lat' dir='ltr'><strong>scriptum</strong></span> <span class='ocrx_word' id='word_1_133' title='bbox 1759 1118 1817 1169; x_wconf 83' lang='lat' dir='ltr'><strong>est:</strong></span> 
     </span>
     <span class='ocr_line' id='line_1_11' title="bbox 134 1206 1818 1281; baseline 0 -19"><span class='ocrx_word' id='word_1_134' title='bbox 134 1206 243 1277; x_wconf 72' lang='grc'><strong>(111111.</strong></span> <span class='ocrx_word' id='word_1_135' title='bbox 258 1223 286 1276; x_wconf 81' lang='lat' dir='ltr'><strong>x,</strong></span> <span class='ocrx_word' id='word_1_136' title='bbox 301 1208 356 1279; x_wconf 73' lang='grc'><strong>22).</strong></span> <span class='ocrx_word' id='word_1_137' title='bbox 371 1229 385 1256; x_wconf 76' lang='lat' dir='ltr'><strong>o</strong></span> <span class='ocrx_word' id='word_1_138' title='bbox 400 1209 434 1264; x_wconf 88' lang='lat' dir='ltr'><strong>Et</strong></span> <span class='ocrx_word' id='word_1_139' title='bbox 448 1229 462 1258; x_wconf 79' lang='lat' dir='ltr'><strong>o</strong></span> <span class='ocrx_word' id='word_1_140' title='bbox 483 1208 582 1263; x_wconf 88' lang='lat' dir='ltr'><strong>beatus</strong></span> <span class='ocrx_word' id='word_1_141' title='bbox 599 1224 696 1263; x_wconf 90' lang='lat' dir='ltr'><strong>servus</strong></span> <span class='ocrx_word' id='word_1_142' title='bbox 715 1208 772 1280; x_wconf 90' lang='lat' dir='ltr'><strong>ille,</strong></span> <span class='ocrx_word' id='word_1_143' title='bbox 787 1224 873 1281; x_wconf 91' lang='lat' dir='ltr'><strong>quem</strong></span> <span class='ocrx_word' id='word_1_144' title='bbox 887 1225 952 1264; x_wconf 92' lang='lat' dir='ltr'><strong>cum</strong></span> <span class='ocrx_word' id='word_1_145' title='bbox 1004 1230 1017 1259; x_wconf 74' lang='grc' dir='ltr'>α</span> <span class='ocrx_word' id='word_1_146' title='bbox 1028 1208 1055 1265; x_wconf 89' lang='lat' dir='ltr'><strong>Si</strong></span> <span class='ocrx_word' id='word_1_147' title='bbox 1070 1207 1134 1281; x_wconf 87' lang='lat' dir='ltr'><strong>quis</strong></span> <span class='ocrx_word' id='word_1_148' title='bbox 1143 1208 1226 1265; x_wconf 91' lang='lat' dir='ltr'><strong>vobis</strong></span> <span class='ocrx_word' id='word_1_149' title='bbox 1238 1207 1473 1280; x_wconf 84' lang='lat' dir='ltr'><strong>evangelizaverit</strong></span> <span class='ocrx_word' id='word_1_150' title='bbox 1484 1211 1593 1280; x_wconf 83' lang='lat' dir='ltr'><strong>prater</strong></span> <span class='ocrx_word' id='word_1_151' title='bbox 1606 1207 1636 1262; x_wconf 93' lang='lat' dir='ltr'><strong>id</strong></span> <span class='ocrx_word' id='word_1_152' title='bbox 1652 1207 1731 1280; x_wconf 89' lang='lat' dir='ltr'><strong>qnod</strong></span> <span class='ocrx_word' id='word_1_153' title='bbox 1741 1223 1818 1263; x_wconf 88' lang='lat' dir='ltr'><strong>evan-</strong></span> 
     </span>
     <span class='ocr_line' id='line_1_12' title="bbox 133 1299 1817 1375; baseline 0.001 -21"><span class='ocrx_word' id='word_1_154' title='bbox 133 1299 245 1355; x_wconf 88' lang='lat' dir='ltr'><strong>venerit</strong></span> <span class='ocrx_word' id='word_1_155' title='bbox 268 1300 415 1370; x_wconf 86' lang='lat' dir='ltr'><strong>Dominus,</strong></span> <span class='ocrx_word' id='word_1_156' title='bbox 431 1301 574 1357; x_wconf 89' lang='lat' dir='ltr'><strong>invenerit</strong></span> <span class='ocrx_word' id='word_1_157' title='bbox 596 1301 635 1356; x_wconf 88' lang='lat' dir='ltr'><strong>sic</strong></span> <span class='ocrx_word' id='word_1_158' title='bbox 657 1301 808 1359; x_wconf 83' lang='lat' dir='ltr'><strong>facientem</strong></span> <span class='ocrx_word' id='word_1_159' title='bbox 815 1320 824 1373; x_wconf 82' lang='lat'>3</span> <span class='ocrx_word' id='word_1_160' title='bbox 846 1302 953 1358; x_wconf 88' lang='lat' dir='ltr'><strong>etenim</strong></span> <span class='ocrx_word' id='word_1_161' title='bbox 1003 1302 1155 1375; x_wconf 87' lang='lat' dir='ltr'><strong>gelizatum</strong></span> <span class='ocrx_word' id='word_1_162' title='bbox 1176 1306 1228 1371; x_wconf 90' lang='lat' dir='ltr'><strong>est,</strong></span> <span class='ocrx_word' id='word_1_163' title='bbox 1251 1302 1405 1358; x_wconf 89' lang='lat' dir='ltr'><strong>anathema</strong></span> <span class='ocrx_word' id='word_1_164' title='bbox 1429 1302 1466 1356; x_wconf 90' lang='lat' dir='ltr'><strong>sit</strong></span> <span class='ocrx_word' id='word_1_165' title='bbox 1479 1300 1550 1372; x_wconf 80' lang='lat' dir='ltr'><strong>(eat.</strong></span> <span class='ocrx_word' id='word_1_166' title='bbox 1567 1318 1586 1369; x_wconf 87' lang='lat' dir='ltr'><strong>r,</strong></span> <span class='ocrx_word' id='word_1_167' title='bbox 1601 1304 1639 1373; x_wconf 79' lang='grc'><strong>9).</strong></span> <span class='ocrx_word' id='word_1_168' title='bbox 1656 1323 1671 1352; x_wconf 76' lang='lat' dir='ltr'><strong>n</strong></span> <span class='ocrx_word' id='word_1_169' title='bbox 1686 1302 1817 1374; x_wconf 82' lang='lat' dir='ltr'><strong>Regulam</strong></span> 
     </span>
     <span class='ocr_line' id='line_1_13' title="bbox 134 1393 1816 1468; baseline 0.002 -21"><span class='ocrx_word' id='word_1_170' title='bbox 134 1408 220 1464; x_wconf 91' lang='lat' dir='ltr'><strong>super</strong></span> <span class='ocrx_word' id='word_1_171' title='bbox 235 1393 334 1449; x_wconf 91' lang='lat' dir='ltr'><strong>omnia</strong></span> <span class='ocrx_word' id='word_1_172' title='bbox 353 1393 427 1449; x_wconf 91' lang='lat' dir='ltr'><strong>bona</strong></span> <span class='ocrx_word' id='word_1_173' title='bbox 441 1410 490 1449; x_wconf 92' lang='lat' dir='ltr'><strong>sua</strong></span> <span class='ocrx_word' id='word_1_174' title='bbox 504 1395 654 1451; x_wconf 89' lang='lat' dir='ltr'><strong>constituet</strong></span> <span class='ocrx_word' id='word_1_175' title='bbox 675 1411 741 1451; x_wconf 86' lang='lat' dir='ltr'><strong>aum</strong></span> <span class='ocrx_word' id='word_1_176' title='bbox 755 1396 862 1466; x_wconf 76' lang='lat' dir='ltr'><strong>(nette.</strong></span> <span class='ocrx_word' id='word_1_177' title='bbox 876 1412 950 1464; x_wconf 79' lang='lat' dir='ltr'><strong>xxiv,</strong></span> <span class='ocrx_word' id='word_1_178' title='bbox 1001 1395 1147 1453; x_wconf 79' lang='lat' dir='ltr'><strong>catholicae</strong></span> <span class='ocrx_word' id='word_1_179' title='bbox 1161 1395 1323 1452; x_wconf 88' lang='lat' dir='ltr'><strong>traditionis</strong></span> <span class='ocrx_word' id='word_1_180' title='bbox 1335 1395 1496 1468; x_wconf 87' lang='lat' dir='ltr'><strong>suscepisti,</strong></span> <span class='ocrx_word' id='word_1_181' title='bbox 1508 1394 1601 1450; x_wconf 86' lang='lat' dir='ltr'><strong>frater</strong></span> <span class='ocrx_word' id='word_1_182' title='bbox 1612 1395 1816 1451; x_wconf 91' lang='lat' dir='ltr'><strong>amantissime.</strong></span> 
     </span>
     <span class='ocr_line' id='line_1_14' title="bbox 134 1487 1817 1562; baseline 0.001 -20"><span class='ocrx_word' id='word_1_183' title='bbox 134 1488 178 1553; x_wconf 82' lang='lat' dir='ltr'><strong>te,</strong></span> <span class='ocrx_word' id='word_1_184' title='bbox 198 1488 252 1557; x_wconf 81' lang='lat' dir='ltr'><strong>tr).</strong></span> <span class='ocrx_word' id='word_1_185' title='bbox 269 1508 282 1536; x_wconf 78' lang='lat' dir='ltr'><strong>u</strong></span> <span class='ocrx_word' id='word_1_186' title='bbox 295 1489 408 1544; x_wconf 88' lang='lat' dir='ltr'><strong>interea</strong></span> <span class='ocrx_word' id='word_1_187' title='bbox 422 1489 666 1560; x_wconf 87' lang='lat' dir='ltr'><strong>praedictustnum</strong></span> <span class='ocrx_word' id='word_1_188' title='bbox 677 1489 799 1544; x_wconf 86' lang='lat' dir='ltr'><strong>Gerulus</strong></span> <span class='ocrx_word' id='word_1_189' title='bbox 811 1490 872 1559; x_wconf 86' lang='lat' dir='ltr'><strong>Lnl,</strong></span> <span class='ocrx_word' id='word_1_190' title='bbox 886 1506 952 1545; x_wconf 92' lang='lat' dir='ltr'><strong>curn</strong></span> <span class='ocrx_word' id='word_1_191' title='bbox 1001 1489 1046 1547; x_wconf 86' lang='lat' dir='ltr'><strong>Sic</strong></span> <span class='ocrx_word' id='word_1_192' title='bbox 1061 1489 1195 1546; x_wconf 90' lang='lat' dir='ltr'><strong>omnibus</strong></span> <span class='ocrx_word' id='word_1_193' title='bbox 1212 1487 1349 1562; x_wconf 75' lang='lat' dir='ltr'><strong>predica,</strong></span> <span class='ocrx_word' id='word_1_194' title='bbox 1364 1505 1522 1562; x_wconf 89' lang='lat' dir='ltr'><strong>omnesque</strong></span> <span class='ocrx_word' id='word_1_195' title='bbox 1541 1489 1621 1559; x_wconf 86' lang='lat' dir='ltr'><strong>doce,</strong></span> <span class='ocrx_word' id='word_1_196' title='bbox 1638 1489 1714 1545; x_wconf 90' lang='lat' dir='ltr'><strong>sicut</strong></span> <span class='ocrx_word' id='word_1_197' title='bbox 1726 1506 1744 1544; x_wconf 92' lang='lat' dir='ltr'><strong>a</strong></span> <span class='ocrx_word' id='word_1_198' title='bbox 1756 1506 1817 1545; x_wconf 88' lang='lat' dir='ltr'><strong>san-</strong></span> 
     </span>
     <span class='ocr_line' id='line_1_15' title="bbox 134 1581 1816 1656; baseline 0.002 -21"><span class='ocrx_word' id='word_1_199' title='bbox 134 1581 244 1637; x_wconf 78' lang='lat' dir='ltr'><strong>caeteris</strong></span> <span class='ocrx_word' id='word_1_200' title='bbox 258 1581 316 1637; x_wconf 87' lang='lat' dir='ltr'><strong>suis</strong></span> <span class='ocrx_word' id='word_1_201' title='bbox 335 1582 552 1652; x_wconf 89' lang='lat' dir='ltr'><strong>concomitibus,</strong></span> <span class='ocrx_word' id='word_1_202' title='bbox 567 1600 632 1656; x_wconf 79' lang='lat' dir='ltr'><strong>quas</strong></span> <span class='ocrx_word' id='word_1_203' title='bbox 655 1583 786 1656; x_wconf 89' lang='lat' dir='ltr'><strong>injuncta</strong></span> <span class='ocrx_word' id='word_1_204' title='bbox 807 1584 952 1640; x_wconf 86' lang='lat' dir='ltr'><strong>fuerunta</strong></span> <span class='ocrx_word' id='word_1_205' title='bbox 1002 1588 1046 1639; x_wconf 91' lang='lat' dir='ltr'><strong>cta</strong></span> <span class='ocrx_word' id='word_1_206' title='bbox 1071 1585 1211 1653; x_wconf 87' lang='lat' dir='ltr'><strong>Romana,</strong></span> <span class='ocrx_word' id='word_1_207' title='bbox 1232 1584 1279 1638; x_wconf 90' lang='lat' dir='ltr'><strong>cui</strong></span> <span class='ocrx_word' id='word_1_208' title='bbox 1303 1583 1360 1638; x_wconf 87' lang='lat' dir='ltr'><strong>Deo</strong></span> <span class='ocrx_word' id='word_1_209' title='bbox 1383 1586 1499 1638; x_wconf 91' lang='lat' dir='ltr'><strong>auctore</strong></span> <span class='ocrx_word' id='word_1_210' title='bbox 1525 1583 1718 1651; x_wconf 88' lang='lat' dir='ltr'><strong>deservimus,</strong></span> <span class='ocrx_word' id='word_1_211' title='bbox 1742 1599 1816 1638; x_wconf 87' lang='lat' dir='ltr'><strong>acoe-</strong></span> 
     </span>
     <span class='ocr_line' id='line_1_16' title="bbox 134 1675 1816 1751; baseline 0.003 -23"><span class='ocrx_word' id='word_1_212' title='bbox 134 1677 183 1730; x_wconf 90' lang='lat' dir='ltr'><strong>tua</strong></span> <span class='ocrx_word' id='word_1_213' title='bbox 209 1675 335 1731; x_wconf 79' lang='lat' dir='ltr'><strong>fraterna</strong></span> <span class='ocrx_word' id='word_1_214' title='bbox 360 1677 520 1748; x_wconf 78' lang='lat' dir='ltr'><strong>sanctitate,</strong></span> <span class='ocrx_word' id='word_1_215' title='bbox 545 1682 604 1734; x_wconf 91' lang='lat' dir='ltr'><strong>tam</strong></span> <span class='ocrx_word' id='word_1_216' title='bbox 630 1678 660 1734; x_wconf 90' lang='lat' dir='ltr'><strong>in</strong></span> <span class='ocrx_word' id='word_1_217' title='bbox 688 1679 787 1749; x_wconf 91' lang='lat' dir='ltr'><strong>verbo,</strong></span> <span class='ocrx_word' id='word_1_218' title='bbox 811 1695 899 1751; x_wconf 92' lang='lat' dir='ltr'><strong>quam</strong></span> <span class='ocrx_word' id='word_1_219' title='bbox 920 1678 950 1733; x_wconf 93' lang='lat' dir='ltr'><strong>in</strong></span> <span class='ocrx_word' id='word_1_220' title='bbox 1002 1677 1068 1749; x_wconf 90' lang='lat' dir='ltr'><strong>pisti</strong></span> <span class='ocrx_word' id='word_1_221' title='bbox 1080 1677 1213 1733; x_wconf 85' lang='lat' dir='ltr'><strong>Ecclesia.</strong></span> <span class='ocrx_word' id='word_1_222' title='bbox 1228 1676 1369 1750; x_wconf 86' lang='lat' dir='ltr'><strong>inquisisti</strong></span> <span class='ocrx_word' id='word_1_223' title='bbox 1393 1677 1599 1744; x_wconf 91' lang='lat' dir='ltr'><strong>etiamethoc,</strong></span> <span class='ocrx_word' id='word_1_224' title='bbox 1614 1677 1641 1733; x_wconf 91' lang='lat' dir='ltr'><strong>si</strong></span> <span class='ocrx_word' id='word_1_225' title='bbox 1656 1680 1724 1733; x_wconf 89' lang='lat' dir='ltr'><strong>ante</strong></span> <span class='ocrx_word' id='word_1_226' title='bbox 1738 1677 1816 1733; x_wconf 90' lang='lat' dir='ltr'><strong>trice·</strong></span> 
     </span>
     <span class='ocr_line' id='line_1_17' title="bbox 132 1755 1816 1844; baseline 0.003 -21"><span class='ocrx_word' id='word_1_227' title='bbox 132 1769 299 1840; x_wconf 70' lang='lat' dir='ltr'><strong>praescripto</strong></span> <span class='ocrx_word' id='word_1_228' title='bbox 325 1770 422 1825; x_wconf 89' lang='lat' dir='ltr'><strong>omnia</strong></span> <span class='ocrx_word' id='word_1_229' title='bbox 446 1771 583 1843; x_wconf 87' lang='lat' dir='ltr'><strong>liquidius</strong></span> <span class='ocrx_word' id='word_1_230' title='bbox 604 1777 789 1844; x_wconf 89' lang='lat' dir='ltr'><strong>suggerentes</strong></span> <span class='ocrx_word' id='word_1_231' title='bbox 815 1755 1106 1830; x_wconf 88' lang='lat' dir='ltr'><strong>innotue·Bsimum</strong></span> <span class='ocrx_word' id='word_1_232' title='bbox 1119 1788 1228 1828; x_wconf 93' lang='lat' dir='ltr'><strong>annum</strong></span> <span class='ocrx_word' id='word_1_233' title='bbox 1249 1771 1335 1828; x_wconf 87' lang='lat' dir='ltr'><strong>liceat</strong></span> <span class='ocrx_word' id='word_1_234' title='bbox 1353 1771 1533 1828; x_wconf 73' lang='lat' dir='ltr'><strong>sacerdotem</strong></span> <span class='ocrx_word' id='word_1_235' title='bbox 1558 1771 1698 1827; x_wconf 89' lang='lat' dir='ltr'><strong>ordinari.</strong></span> <span class='ocrx_word' id='word_1_236' title='bbox 1714 1773 1816 1828; x_wconf 87' lang='lat' dir='ltr'><strong>Bonum</strong></span> 
     </span>
     <span class='ocr_line' id='line_1_18' title="bbox 133 1863 1816 1939; baseline 0.004 -23"><span class='ocrx_word' id='word_1_237' title='bbox 133 1866 211 1932; x_wconf 90' lang='lat' dir='ltr'><strong>runt,</strong></span> <span class='ocrx_word' id='word_1_238' title='bbox 225 1863 261 1919; x_wconf 90' lang='lat' dir='ltr'><strong>de</strong></span> <span class='ocrx_word' id='word_1_239' title='bbox 276 1865 378 1936; x_wconf 89' lang='lat' dir='ltr'><strong>quibus</strong></span> <span class='ocrx_word' id='word_1_240' title='bbox 399 1868 460 1920; x_wconf 91' lang='lat' dir='ltr'><strong>tam</strong></span> <span class='ocrx_word' id='word_1_241' title='bbox 483 1865 513 1920; x_wconf 91' lang='lat' dir='ltr'><strong>in</strong></span> <span class='ocrx_word' id='word_1_242' title='bbox 535 1865 623 1922; x_wconf 88' lang='lat' dir='ltr'><strong>verbo</strong></span> <span class='ocrx_word' id='word_1_243' title='bbox 647 1882 817 1939; x_wconf 88' lang='lat' dir='ltr'><strong>responsum</strong></span> <span class='ocrx_word' id='word_1_244' title='bbox 838 1868 947 1935; x_wconf 88' lang='lat' dir='ltr'><strong>dantes,</strong></span> <span class='ocrx_word' id='word_1_245' title='bbox 1000 1868 1028 1920; x_wconf 89' lang='lat' dir='ltr'><strong>et</strong></span> <span class='ocrx_word' id='word_1_246' title='bbox 1042 1881 1212 1937; x_wconf 91' lang='lat' dir='ltr'><strong>congruum,</strong></span> <span class='ocrx_word' id='word_1_247' title='bbox 1229 1864 1396 1921; x_wconf 91' lang='lat' dir='ltr'><strong>charissime</strong></span> <span class='ocrx_word' id='word_1_248' title='bbox 1416 1865 1514 1934; x_wconf 85' lang='lat' dir='ltr'><strong>frater,</strong></span> <span class='ocrx_word' id='word_1_249' title='bbox 1531 1866 1555 1920; x_wconf 90' lang='lat' dir='ltr'><strong>si</strong></span> <span class='ocrx_word' id='word_1_250' title='bbox 1570 1866 1635 1922; x_wconf 86' lang='lat' dir='ltr'><strong>lieri</strong></span> <span class='ocrx_word' id='word_1_251' title='bbox 1656 1872 1685 1922; x_wconf 91' lang='lat' dir='ltr'><strong>et</strong></span> <span class='ocrx_word' id='word_1_252' title='bbox 1703 1867 1816 1923; x_wconf 86' lang='lat' dir='ltr'><strong>inveniri</strong></span> 
     </span>
    </p>
   </div>
   <div class='ocr_carea' id='block_1_3' title="bbox 32 1958 1816 2044">
    <p class='ocr_par' dir='ltr' id='par_1_3' title="bbox 32 1958 1816 2044">
     <span class='ocr_line' id='line_1_19' title="bbox 32 1958 1816 2044; baseline 0.003 -33"><span class='ocrx_word' id='word_1_253' title='bbox 32 2026 35 2033; x_wconf 30' lang='grc' dir='ltr'>Ι</span> <span class='ocrx_word' id='word_1_254' title='bbox 133 1962 162 2012; x_wconf 91' lang='lat' dir='ltr'><strong>et</strong></span> <span class='ocrx_word' id='word_1_255' title='bbox 188 1958 366 2031; x_wconf 71' lang='lat' dir='ltr'><strong>praescripto,</strong></span> <span class='ocrx_word' id='word_1_256' title='bbox 393 1963 449 2015; x_wconf 72' lang='lat' dir='ltr'><strong>tues</strong></span> <span class='ocrx_word' id='word_1_257' title='bbox 473 1960 634 2016; x_wconf 90' lang='lat' dir='ltr'><strong>remisimus</strong></span> <span class='ocrx_word' id='word_1_258' title='bbox 664 1961 847 2044; x_wconf 82' lang='lat' dir='ltr'><strong>fraternitati.</strong></span> <span class='ocrx_word' id='word_1_259' title='bbox 874 1962 949 2017; x_wconf 90' lang='lat' dir='ltr'><strong>Con·</strong></span> <span class='ocrx_word' id='word_1_260' title='bbox 999 1962 1146 2031; x_wconf 72' lang='lat' dir='ltr'><strong>potestat</strong></span> <span class='ocrx_word' id='word_1_261' title='bbox 1166 1961 1307 2030; x_wconf 79' lang='lat' dir='ltr'><strong>provecte</strong></span> <span class='ocrx_word' id='word_1_262' title='bbox 1331 1959 1423 2015; x_wconf 85' lang='lat' dir='ltr'><strong>aetatis</strong></span> <span class='ocrx_word' id='word_1_263' title='bbox 1443 1964 1472 2015; x_wconf 90' lang='lat' dir='ltr'><strong>et</strong></span> <span class='ocrx_word' id='word_1_264' title='bbox 1497 1959 1568 2015; x_wconf 93' lang='lat' dir='ltr'><strong>boni</strong></span> <span class='ocrx_word' id='word_1_265' title='bbox 1587 1959 1643 2016; x_wconf 89' lang='lat' dir='ltr'><strong>viri</strong></span> <span class='ocrx_word' id='word_1_266' title='bbox 1664 1960 1816 2016; x_wconf 89' lang='lat' dir='ltr'><strong>testimonii</strong></span> 
     </span>
    </p>
   </div>
   <div class='ocr_carea' id='block_1_4' title="bbox 129 2050 1816 3819">
    <p class='ocr_par' dir='ltr' id='par_1_4' title="bbox 129 2050 1816 3819">
     <span class='ocr_line' id='line_1_20' title="bbox 132 2050 1816 2127; baseline 0.002 -21"><span class='ocrx_word' id='word_1_267' title='bbox 132 2050 261 2108; x_wconf 89' lang='lat' dir='ltr'><strong>tinebant</strong></span> <span class='ocrx_word' id='word_1_268' title='bbox 274 2053 352 2108; x_wconf 89' lang='lat' dir='ltr'><strong>euim</strong></span> <span class='ocrx_word' id='word_1_269' title='bbox 369 2053 494 2126; x_wconf 88' lang='lat' dir='ltr'><strong>capitula</strong></span> <span class='ocrx_word' id='word_1_270' title='bbox 518 2054 550 2108; x_wconf 90' lang='lat' dir='ltr'><strong>in</strong></span> <span class='ocrx_word' id='word_1_271' title='bbox 565 2054 665 2126; x_wconf 90' lang='lat' dir='ltr'><strong>pitatio</strong></span> <span class='ocrx_word' id='word_1_272' title='bbox 686 2054 722 2109; x_wconf 91' lang='lat' dir='ltr'><strong>ab</strong></span> <span class='ocrx_word' id='word_1_273' title='bbox 744 2055 785 2110; x_wconf 90' lang='lat' dir='ltr'><strong>eis</strong></span> <span class='ocrx_word' id='word_1_274' title='bbox 806 2058 948 2127; x_wconf 87' lang='lat' dir='ltr'><strong>porrecto,</strong></span> <span class='ocrx_word' id='word_1_275' title='bbox 996 2053 1078 2124; x_wconf 83' lang='lat' dir='ltr'><strong>juxta</strong></span> <span class='ocrx_word' id='word_1_276' title='bbox 1091 2069 1236 2109; x_wconf 88' lang='lat' dir='ltr'><strong>sacrorum</strong></span> <span class='ocrx_word' id='word_1_277' title='bbox 1245 2068 1388 2109; x_wconf 87' lang='lat' dir='ltr'><strong>canonum</strong></span> <span class='ocrx_word' id='word_1_278' title='bbox 1397 2052 1537 2122; x_wconf 89' lang='lat' dir='ltr'><strong>instituta,</strong></span> <span class='ocrx_word' id='word_1_279' title='bbox 1545 2053 1721 2119; x_wconf 81' lang='lat' dir='ltr'><strong>ordinentur</strong></span> <span class='ocrx_word' id='word_1_280' title='bbox 1731 2072 1816 2110; x_wconf 89' lang='lat' dir='ltr'><strong>sacer-</strong></span> 
     </span>
     <span class='ocr_line' id='line_1_21' title="bbox 133 2145 1815 2222; baseline 0.001 -22"><span class='ocrx_word' id='word_1_281' title='bbox 133 2161 196 2216; x_wconf 84' lang='lat' dir='ltr'><strong>quae</strong></span> <span class='ocrx_word' id='word_1_282' title='bbox 219 2145 339 2202; x_wconf 90' lang='lat' dir='ltr'><strong>inlerius</strong></span> <span class='ocrx_word' id='word_1_283' title='bbox 363 2164 477 2203; x_wconf 90' lang='lat' dir='ltr'><strong>annexa</strong></span> <span class='ocrx_word' id='word_1_284' title='bbox 499 2153 577 2217; x_wconf 91' lang='lat' dir='ltr'><strong>snnt,</strong></span> <span class='ocrx_word' id='word_1_285' title='bbox 596 2147 631 2204; x_wconf 89' lang='lat' dir='ltr'><strong>de</strong></span> <span class='ocrx_word' id='word_1_286' title='bbox 655 2148 759 2220; x_wconf 91' lang='lat' dir='ltr'><strong>quibus</strong></span> <span class='ocrx_word' id='word_1_287' title='bbox 778 2149 913 2222; x_wconf 90' lang='lat' dir='ltr'><strong>flagitasti</strong></span> <span class='ocrx_word' id='word_1_288' title='bbox 932 2166 950 2205; x_wconf 95' lang='lat' dir='ltr'><strong>a</strong></span> <span class='ocrx_word' id='word_1_289' title='bbox 1000 2147 1091 2203; x_wconf 90' lang='lat' dir='ltr'><strong>dotes.</strong></span> <span class='ocrx_word' id='word_1_290' title='bbox 1109 2146 1137 2203; x_wconf 87' lang='lat' dir='ltr'><strong>si</strong></span> <span class='ocrx_word' id='word_1_291' title='bbox 1151 2150 1249 2203; x_wconf 88' lang='lat' dir='ltr'><strong>autem</strong></span> <span class='ocrx_word' id='word_1_292' title='bbox 1268 2146 1390 2203; x_wconf 90' lang='lat' dir='ltr'><strong>minime</strong></span> <span class='ocrx_word' id='word_1_293' title='bbox 1412 2147 1608 2219; x_wconf 88' lang='lat' dir='ltr'><strong>reperiuntur,</strong></span> <span class='ocrx_word' id='word_1_294' title='bbox 1627 2151 1658 2204; x_wconf 90' lang='lat' dir='ltr'><strong>et</strong></span> <span class='ocrx_word' id='word_1_295' title='bbox 1672 2149 1815 2205; x_wconf 75' lang='lat' dir='ltr'><strong>necessitas</strong></span> 
     </span>
     <span class='ocr_line' id='line_1_22' title="bbox 133 2238 1814 2315; baseline 0.002 -20"><span class='ocrx_word' id='word_1_296' title='bbox 133 2238 216 2295; x_wconf 89' lang='lat' dir='ltr'><strong>uobis</strong></span> <span class='ocrx_word' id='word_1_297' title='bbox 229 2256 294 2312; x_wconf 80' lang='lat' dir='ltr'><strong>que</strong></span> <span class='ocrx_word' id='word_1_298' title='bbox 309 2240 483 2312; x_wconf 89' lang='lat' dir='ltr'><strong>recipienda,</strong></span> <span class='ocrx_word' id='word_1_299' title='bbox 499 2258 563 2314; x_wconf 80' lang='lat' dir='ltr'><strong>qua·</strong></span> <span class='ocrx_word' id='word_1_300' title='bbox 577 2243 737 2315; x_wconf 91' lang='lat' dir='ltr'><strong>respuenda</strong></span> <span class='ocrx_word' id='word_1_301' title='bbox 750 2247 826 2299; x_wconf 89' lang='lat' dir='ltr'><strong>sunt.</strong></span> <span class='ocrx_word' id='word_1_302' title='bbox 1000 2240 1134 2313; x_wconf 80' lang='lat' dir='ltr'><strong>exposcit,</strong></span> <span class='ocrx_word' id='word_1_303' title='bbox 1157 2257 1174 2296; x_wconf 95' lang='lat' dir='ltr'><strong>a</strong></span> <span class='ocrx_word' id='word_1_304' title='bbox 1194 2240 1295 2313; x_wconf 90' lang='lat' dir='ltr'><strong>viginti</strong></span> <span class='ocrx_word' id='word_1_305' title='bbox 1317 2240 1447 2313; x_wconf 91' lang='lat' dir='ltr'><strong>quinque</strong></span> <span class='ocrx_word' id='word_1_306' title='bbox 1470 2241 1554 2297; x_wconf 89' lang='lat' dir='ltr'><strong>annis</strong></span> <span class='ocrx_word' id='word_1_307' title='bbox 1575 2244 1603 2297; x_wconf 92' lang='lat' dir='ltr'><strong>et</strong></span> <span class='ocrx_word' id='word_1_308' title='bbox 1629 2259 1718 2315; x_wconf 87' lang='lat' dir='ltr'><strong>supra</strong></span> <span class='ocrx_word' id='word_1_309' title='bbox 1739 2243 1814 2298; x_wconf 89' lang='lat' dir='ltr'><strong>levita</strong></span> 
     </span>
     <span class='ocr_line' id='line_1_23' title="bbox 167 2333 1813 2410; baseline 0.002 -22"><span class='ocrx_word' id='word_1_310' title='bbox 167 2335 199 2389; x_wconf 91' lang='lat' dir='ltr'><strong>ln</strong></span> <span class='ocrx_word' id='word_1_311' title='bbox 212 2334 313 2405; x_wconf 90' lang='lat' dir='ltr'><strong>primis</strong></span> <span class='ocrx_word' id='word_1_312' title='bbox 325 2335 361 2390; x_wconf 94' lang='lat' dir='ltr'><strong>do</strong></span> <span class='ocrx_word' id='word_1_313' title='bbox 374 2335 546 2408; x_wconf 91' lang='lat' dir='ltr'><strong>volatilibus,</strong></span> <span class='ocrx_word' id='word_1_314' title='bbox 560 2336 590 2392; x_wconf 91' lang='lat' dir='ltr'><strong>id</strong></span> <span class='ocrx_word' id='word_1_315' title='bbox 609 2340 661 2406; x_wconf 90' lang='lat' dir='ltr'><strong>est,</strong></span> <span class='ocrx_word' id='word_1_316' title='bbox 676 2337 800 2410; x_wconf 80' lang='lat' dir='ltr'><strong>graculis</strong></span> <span class='ocrx_word' id='word_1_317' title='bbox 814 2341 842 2394; x_wconf 90' lang='lat' dir='ltr'><strong>et</strong></span> <span class='ocrx_word' id='word_1_318' title='bbox 855 2339 948 2393; x_wconf 91' lang='lat' dir='ltr'><strong>corni·</strong></span> <span class='ocrx_word' id='word_1_319' title='bbox 1000 2339 1029 2390; x_wconf 90' lang='lat' dir='ltr'><strong>et</strong></span> <span class='ocrx_word' id='word_1_320' title='bbox 1038 2333 1387 2406; x_wconf 88' lang='lat' dir='ltr'><strong>sacerdotcsordiuentur,</strong></span> <span class='ocrx_word' id='word_1_321' title='bbox 1398 2335 1647 2407; x_wconf 88' lang='lat' dir='ltr'><strong>quemadmodum</strong></span> <span class='ocrx_word' id='word_1_322' title='bbox 1656 2336 1688 2392; x_wconf 92' lang='lat' dir='ltr'><strong>in</strong></span> <span class='ocrx_word' id='word_1_323' title='bbox 1697 2336 1759 2409; x_wconf 86' lang='lat' dir='ltr'><strong>lege</strong></span> <span class='ocrx_word' id='word_1_324' title='bbox 1768 2337 1813 2392; x_wconf 83' lang='lat' dir='ltr'><strong>llo</strong></span> 
     </span>
     <span class='ocr_line' id='line_1_24' title="bbox 131 2427 1812 2504; baseline 0.001 -22"><span class='ocrx_word' id='word_1_325' title='bbox 131 2427 211 2498; x_wconf 90' lang='lat' dir='ltr'><strong>culis,</strong></span> <span class='ocrx_word' id='word_1_326' title='bbox 228 2433 314 2501; x_wconf 90' lang='lat' dir='ltr'><strong>atque</strong></span> <span class='ocrx_word' id='word_1_327' title='bbox 328 2428 454 2499; x_wconf 91' lang='lat' dir='ltr'><strong>ciconiis,</strong></span> <span class='ocrx_word' id='word_1_328' title='bbox 470 2447 534 2504; x_wconf 88' lang='lat' dir='ltr'><strong>qnae</strong></span> <span class='ocrx_word' id='word_1_329' title='bbox 548 2430 666 2487; x_wconf 91' lang='lat' dir='ltr'><strong>omnino</strong></span> <span class='ocrx_word' id='word_1_330' title='bbox 688 2431 819 2487; x_wconf 81' lang='lat' dir='ltr'><strong>cavendae</strong></span> <span class='ocrx_word' id='word_1_331' title='bbox 834 2432 950 2488; x_wconf 89' lang='lat' dir='ltr'><strong>suntab</strong></span> <span class='ocrx_word' id='word_1_332' title='bbox 1000 2428 1071 2483; x_wconf 91' lang='lat' dir='ltr'><strong>mini</strong></span> <span class='ocrx_word' id='word_1_333' title='bbox 1084 2428 1257 2485; x_wconf 88' lang='lat' dir='ltr'><strong>continetur.</strong></span> <span class='ocrx_word' id='word_1_334' title='bbox 1268 2429 1308 2484; x_wconf 84' lang='lat' dir='ltr'><strong>De</strong></span> <span class='ocrx_word' id='word_1_335' title='bbox 1319 2427 1422 2485; x_wconf 87' lang='lat' dir='ltr'><strong>llilone</strong></span> <span class='ocrx_word' id='word_1_336' title='bbox 1431 2432 1530 2484; x_wconf 91' lang='lat' dir='ltr'><strong>antem</strong></span> <span class='ocrx_word' id='word_1_337' title='bbox 1544 2434 1574 2485; x_wconf 91' lang='lat' dir='ltr'><strong>et</strong></span> <span class='ocrx_word' id='word_1_338' title='bbox 1584 2429 1730 2501; x_wconf 87' lang='lat' dir='ltr'><strong>ejusmodi</strong></span> <span class='ocrx_word' id='word_1_339' title='bbox 1740 2429 1812 2486; x_wconf 90' lang='lat' dir='ltr'><strong>simi·</strong></span> 
     </span>
     <span class='ocr_line' id='line_1_25' title="bbox 130 2521 1811 2599; baseline 0.001 -23"><span class='ocrx_word' id='word_1_340' title='bbox 130 2537 181 2578; x_wconf 91' lang='lat' dir='ltr'><strong>esu</strong></span> <span class='ocrx_word' id='word_1_341' title='bbox 193 2523 430 2594; x_wconf 82' lang='lat' dir='ltr'><strong>Christianorum,</strong></span> <span class='ocrx_word' id='word_1_342' title='bbox 445 2525 532 2581; x_wconf 90' lang='lat' dir='ltr'><strong>etiam</strong></span> <span class='ocrx_word' id='word_1_343' title='bbox 549 2529 578 2581; x_wconf 92' lang='lat' dir='ltr'><strong>et</strong></span> <span class='ocrx_word' id='word_1_344' title='bbox 590 2525 665 2596; x_wconf 87' lang='lat' dir='ltr'><strong>fibri,</strong></span> <span class='ocrx_word' id='word_1_345' title='bbox 686 2528 773 2599; x_wconf 90' lang='lat' dir='ltr'><strong>atque</strong></span> <span class='ocrx_word' id='word_1_346' title='bbox 784 2527 905 2599; x_wconf 90' lang='lat' dir='ltr'><strong>lepores,</strong></span> <span class='ocrx_word' id='word_1_347' title='bbox 922 2531 951 2582; x_wconf 90' lang='lat' dir='ltr'><strong>et</strong></span> <span class='ocrx_word' id='word_1_348' title='bbox 1000 2521 1083 2591; x_wconf 90' lang='lat' dir='ltr'><strong>libus,</strong></span> <span class='ocrx_word' id='word_1_349' title='bbox 1098 2521 1148 2595; x_wconf 92' lang='lat' dir='ltr'><strong>qui</strong></span> <span class='ocrx_word' id='word_1_350' title='bbox 1163 2521 1292 2578; x_wconf 88' lang='lat' dir='ltr'><strong>Ecclesiis</strong></span> <span class='ocrx_word' id='word_1_351' title='bbox 1311 2522 1360 2579; x_wconf 86' lang='lat' dir='ltr'><strong>Dei</strong></span> <span class='ocrx_word' id='word_1_352' title='bbox 1382 2522 1538 2595; x_wconf 89' lang='lat' dir='ltr'><strong>plurimum</strong></span> <span class='ocrx_word' id='word_1_353' title='bbox 1562 2527 1679 2592; x_wconf 90' lang='lat' dir='ltr'><strong>nocent,</strong></span> <span class='ocrx_word' id='word_1_354' title='bbox 1692 2526 1726 2578; x_wconf 92' lang='lat' dir='ltr'><strong>ut</strong></span> <span class='ocrx_word' id='word_1_355' title='bbox 1741 2523 1811 2579; x_wconf 84' lang='lat' dir='ltr'><strong>atali</strong></span> 
     </span>
     <span class='ocr_line' id='line_1_26' title="bbox 131 2613 1809 2692; baseline 0 -21"><span class='ocrx_word' id='word_1_356' title='bbox 131 2616 197 2688; x_wconf 89' lang='lat' dir='ltr'><strong>eqni</strong></span> <span class='ocrx_word' id='word_1_357' title='bbox 226 2617 343 2674; x_wconf 85' lang='lat' dir='ltr'><strong>silvatici</strong></span> <span class='ocrx_word' id='word_1_358' title='bbox 374 2618 465 2674; x_wconf 90' lang='lat' dir='ltr'><strong>multo</strong></span> <span class='ocrx_word' id='word_1_359' title='bbox 499 2619 621 2692; x_wconf 89' lang='lat' dir='ltr'><strong>amplius</strong></span> <span class='ocrx_word' id='word_1_360' title='bbox 650 2620 779 2676; x_wconf 90' lang='lat' dir='ltr'><strong>cavendi.</strong></span> <span class='ocrx_word' id='word_1_361' title='bbox 803 2622 948 2690; x_wconf 80' lang='lat' dir='ltr'><strong>Attamen,</strong></span> <span class='ocrx_word' id='word_1_362' title='bbox 1000 2615 1110 2671; x_wconf 84' lang='lat' dir='ltr'><strong>nefario</strong></span> <span class='ocrx_word' id='word_1_363' title='bbox 1135 2631 1221 2688; x_wconf 90' lang='lat' dir='ltr'><strong>opere</strong></span> <span class='ocrx_word' id='word_1_364' title='bbox 1253 2613 1398 2684; x_wconf 90' lang='lat' dir='ltr'><strong>recedant,</strong></span> <span class='ocrx_word' id='word_1_365' title='bbox 1423 2617 1506 2688; x_wconf 75' lang='lat' dir='ltr'><strong>juxta</strong></span> <span class='ocrx_word' id='word_1_366' title='bbox 1534 2617 1665 2688; x_wconf 86' lang='lat' dir='ltr'><strong>Apostoli</strong></span> <span class='ocrx_word' id='word_1_367' title='bbox 1691 2633 1809 2674; x_wconf 88' lang='lat' dir='ltr'><strong>vocem:</strong></span> 
     </span>
     <span class='ocr_line' id='line_1_27' title="bbox 131 2709 1808 2787; baseline -0.001 -21"><span class='ocrx_word' id='word_1_368' title='bbox 131 2710 305 2767; x_wconf 87' lang='lat' dir='ltr'><strong>sanctissime</strong></span> <span class='ocrx_word' id='word_1_369' title='bbox 315 2712 413 2784; x_wconf 84' lang='lat' dir='ltr'><strong>frater,</strong></span> <span class='ocrx_word' id='word_1_370' title='bbox 425 2713 460 2769; x_wconf 92' lang='lat' dir='ltr'><strong>de</strong></span> <span class='ocrx_word' id='word_1_371' title='bbox 469 2713 603 2769; x_wconf 91' lang='lat' dir='ltr'><strong>omnibns</strong></span> <span class='ocrx_word' id='word_1_372' title='bbox 614 2713 769 2787; x_wconf 82' lang='lat' dir='ltr'><strong>scripturis</strong></span> <span class='ocrx_word' id='word_1_373' title='bbox 782 2714 867 2770; x_wconf 89' lang='lat' dir='ltr'><strong>sacris</strong></span> <span class='ocrx_word' id='word_1_374' title='bbox 876 2714 950 2771; x_wconf 93' lang='lat' dir='ltr'><strong>bene</strong></span> <span class='ocrx_word' id='word_1_375' title='bbox 1002 2733 1015 2760; x_wconf 75' lang='grc' dir='ltr'>α</span> <span class='ocrx_word' id='word_1_376' title='bbox 1028 2710 1207 2782; x_wconf 82' lang='lat' dir='ltr'><strong>Opportune,</strong></span> <span class='ocrx_word' id='word_1_377' title='bbox 1219 2710 1384 2782; x_wconf 88' lang='lat' dir='ltr'><strong>importune</strong></span> <span class='ocrx_word' id='word_1_378' title='bbox 1399 2709 1523 2782; x_wconf 76' lang='lat' dir='ltr'><strong>praedica</strong></span> <span class='ocrx_word' id='word_1_379' title='bbox 1534 2710 1575 2781; x_wconf 85' lang='lat' dir='ltr'><strong>(tl</strong></span> <span class='ocrx_word' id='word_1_380' title='bbox 1584 2714 1657 2767; x_wconf 72' lang='lat' dir='ltr'><strong>itm.</strong></span> <span class='ocrx_word' id='word_1_381' title='bbox 1671 2712 1751 2784; x_wconf 65' lang='lat' dir='ltr'><strong>ret).</strong></span> <span class='ocrx_word' id='word_1_382' title='bbox 1762 2732 1774 2762; x_wconf 79' lang='grc' dir='ltr'><strong>ι</strong></span> <span class='ocrx_word' id='word_1_383' title='bbox 1784 2710 1808 2767; x_wconf 83' lang='lat' dir='ltr'><strong>Si</strong></span> 
     </span>
     <span class='ocr_line' id='line_1_28' title="bbox 131 2803 1808 2880; baseline 0.001 -22"><span class='ocrx_word' id='word_1_384' title='bbox 131 2808 342 2876; x_wconf 88' lang='lat' dir='ltr'><strong>compertuses.</strong></span> <span class='ocrx_word' id='word_1_385' title='bbox 353 2807 466 2879; x_wconf 87' lang='lat' dir='ltr'><strong>Deigne</strong></span> <span class='ocrx_word' id='word_1_386' title='bbox 474 2811 570 2863; x_wconf 91' lang='lat' dir='ltr'><strong>autem</strong></span> <span class='ocrx_word' id='word_1_387' title='bbox 578 2808 800 2879; x_wconf 90' lang='lat' dir='ltr'><strong>Paschali,quod</strong></span> <span class='ocrx_word' id='word_1_388' title='bbox 807 2808 950 2880; x_wconf 87' lang='lat' dir='ltr'><strong>inquisisti</strong></span> <span class='ocrx_word' id='word_1_389' title='bbox 999 2804 1194 2875; x_wconf 86' lang='lat' dir='ltr'><strong>acquieverint</strong></span> <span class='ocrx_word' id='word_1_390' title='bbox 1203 2803 1450 2860; x_wconf 87' lang='lat' dir='ltr'><strong>admonitionibus</strong></span> <span class='ocrx_word' id='word_1_391' title='bbox 1461 2803 1528 2872; x_wconf 88' lang='lat' dir='ltr'><strong>tuis,</strong></span> <span class='ocrx_word' id='word_1_392' title='bbox 1542 2804 1700 2862; x_wconf 89' lang='lat' dir='ltr'><strong>salvabunt</strong></span> <span class='ocrx_word' id='word_1_393' title='bbox 1710 2805 1808 2862; x_wconf 83' lang='lat' dir='ltr'><strong>animas</strong></span> 
     </span>
     <span class='ocr_line' id='line_1_29' title="bbox 131 2898 1809 2973; baseline 0.001 -21"><span class='ocrx_word' id='word_1_394' title='bbox 131 2914 148 2952; x_wconf 92' lang='lat' dir='ltr'><strong>a</strong></span> <span class='ocrx_word' id='word_1_395' title='bbox 169 2898 273 2953; x_wconf 90' lang='lat' dir='ltr'><strong>sanctis</strong></span> <span class='ocrx_word' id='word_1_396' title='bbox 294 2899 393 2970; x_wconf 88' lang='lat' dir='ltr'><strong>priscis</strong></span> <span class='ocrx_word' id='word_1_397' title='bbox 415 2899 556 2969; x_wconf 88' lang='lat' dir='ltr'><strong>Patribus,</strong></span> <span class='ocrx_word' id='word_1_398' title='bbox 570 2916 605 2956; x_wconf 85' lang='lat' dir='ltr'><strong>ex</strong></span> <span class='ocrx_word' id='word_1_399' title='bbox 628 2917 685 2971; x_wconf 94' lang='lat' dir='ltr'><strong>quo</strong></span> <span class='ocrx_word' id='word_1_400' title='bbox 706 2916 758 2973; x_wconf 88' lang='lat' dir='ltr'><strong>per</strong></span> <span class='ocrx_word' id='word_1_401' title='bbox 775 2901 825 2957; x_wconf 85' lang='lat' dir='ltr'><strong>Dei</strong></span> <span class='ocrx_word' id='word_1_402' title='bbox 845 2902 873 2956; x_wconf 91' lang='lat' dir='ltr'><strong>et</strong></span> <span class='ocrx_word' id='word_1_403' title='bbox 893 2902 948 2957; x_wconf 85' lang='lat' dir='ltr'><strong>[lo-</strong></span> <span class='ocrx_word' id='word_1_404' title='bbox 999 2915 1072 2953; x_wconf 91' lang='lat' dir='ltr'><strong>suas.</strong></span> <span class='ocrx_word' id='word_1_405' title='bbox 1098 2898 1147 2954; x_wconf 92' lang='lat' dir='ltr'><strong>Sin</strong></span> <span class='ocrx_word' id='word_1_406' title='bbox 1171 2914 1239 2953; x_wconf 88' lang='lat' dir='ltr'><strong>vero</strong></span> <span class='ocrx_word' id='word_1_407' title='bbox 1261 2898 1315 2970; x_wconf 91' lang='lat' dir='ltr'><strong>ipsi</strong></span> <span class='ocrx_word' id='word_1_408' title='bbox 1335 2898 1471 2970; x_wconf 89' lang='lat' dir='ltr'><strong>peribunt</strong></span> <span class='ocrx_word' id='word_1_409' title='bbox 1495 2898 1624 2954; x_wconf 89' lang='lat' dir='ltr'><strong>obvoluti</strong></span> <span class='ocrx_word' id='word_1_410' title='bbox 1646 2899 1809 2972; x_wconf 87' lang='lat' dir='ltr'><strong>inpeccatis</strong></span> 
     </span>
     <span class='ocr_line' id='line_1_30' title="bbox 131 2990 1809 3066; baseline 0.002 -22"><span class='ocrx_word' id='word_1_411' title='bbox 131 2990 202 3045; x_wconf 91' lang='lat' dir='ltr'><strong>mini</strong></span> <span class='ocrx_word' id='word_1_412' title='bbox 218 2991 307 3046; x_wconf 91' lang='lat' dir='ltr'><strong>nostri</strong></span> <span class='ocrx_word' id='word_1_413' title='bbox 329 2993 395 3047; x_wconf 85' lang='lat' dir='ltr'><strong>Jesu</strong></span> <span class='ocrx_word' id='word_1_414' title='bbox 417 2992 520 3049; x_wconf 83' lang='lat' dir='ltr'><strong>Christi</strong></span> <span class='ocrx_word' id='word_1_415' title='bbox 543 2993 675 3066; x_wconf 89' lang='lat' dir='ltr'><strong>gratiam,</strong></span> <span class='ocrx_word' id='word_1_416' title='bbox 690 3000 718 3050; x_wconf 90' lang='lat' dir='ltr'><strong>et</strong></span> <span class='ocrx_word' id='word_1_417' title='bbox 736 2993 861 3066; x_wconf 88' lang='lat' dir='ltr'><strong>pretioso</strong></span> <span class='ocrx_word' id='word_1_418' title='bbox 882 3011 947 3051; x_wconf 91' lang='lat' dir='ltr'><strong>san·</strong></span> <span class='ocrx_word' id='word_1_419' title='bbox 999 2991 1066 3047; x_wconf 91' lang='lat' dir='ltr'><strong>suis.</strong></span> <span class='ocrx_word' id='word_1_420' title='bbox 1081 2993 1121 3046; x_wconf 87' lang='lat' dir='ltr'><strong>&#39;lu</strong></span> <span class='ocrx_word' id='word_1_421' title='bbox 1133 2994 1230 3047; x_wconf 89' lang='lat' dir='ltr'><strong>autem</strong></span> <span class='ocrx_word' id='word_1_422' title='bbox 1244 2992 1295 3064; x_wconf 90' lang='lat' dir='ltr'><strong>qui</strong></span> <span class='ocrx_word' id='word_1_423' title='bbox 1309 2995 1385 3048; x_wconf 87' lang='lat' dir='ltr'><strong>recte</strong></span> <span class='ocrx_word' id='word_1_424' title='bbox 1399 2990 1547 3063; x_wconf 87' lang='lat' dir='ltr'><strong>praedicas,</strong></span> <span class='ocrx_word' id='word_1_425' title='bbox 1557 3008 1619 3047; x_wconf 90' lang='lat' dir='ltr'><strong>non</strong></span> <span class='ocrx_word' id='word_1_426' title='bbox 1633 2992 1809 3064; x_wconf 89' lang='lat' dir='ltr'><strong>perdesmer·</strong></span> 
     </span>
     <span class='ocr_line' id='line_1_31' title="bbox 131 3083 1808 3204; baseline 0.001 -65"><span class='ocrx_word' id='word_1_427' title='bbox 131 3083 217 3153; x_wconf 83' lang='lat' dir='ltr'><strong>gnine</strong></span> <span class='ocrx_word' id='word_1_428' title='bbox 227 3084 288 3155; x_wconf 89' lang='lat' dir='ltr'><strong>ejus</strong></span> <span class='ocrx_word' id='word_1_429' title='bbox 300 3085 416 3141; x_wconf 90' lang='lat' dir='ltr'><strong>eeclesia</strong></span> <span class='ocrx_word' id='word_1_430' title='bbox 430 3086 559 3143; x_wconf 90' lang='lat' dir='ltr'><strong>dedicata</strong></span> <span class='ocrx_word' id='word_1_431' title='bbox 569 3092 613 3144; x_wconf 89' lang='lat' dir='ltr'><strong>est</strong></span> <span class='ocrx_word' id='word_1_432' title='bbox 626 3087 727 3161; x_wconf 91' lang='lat' dir='ltr'><strong>quinta</strong></span> <span class='ocrx_word' id='word_1_433' title='bbox 739 3088 809 3145; x_wconf 87' lang='lat' dir='ltr'><strong>feria</strong></span> <span class='ocrx_word' id='word_1_434' title='bbox 821 3090 946 3160; x_wconf 75' lang='lat' dir='ltr'><strong>Paschae,</strong></span> <span class='ocrx_word' id='word_1_435' title='bbox 957 3127 985 3204; x_wconf 77' lang='lat' dir='ltr'>C</span> <span class='ocrx_word' id='word_1_436' title='bbox 998 3085 1097 3141; x_wconf 91' lang='lat' dir='ltr'><strong>cedem</strong></span> <span class='ocrx_word' id='word_1_437' title='bbox 1116 3090 1207 3140; x_wconf 86' lang='lat' dir='ltr'><strong>inam.</strong></span> <span class='ocrx_word' id='word_1_438' title='bbox 1225 3086 1299 3141; x_wconf 87' lang='lat' dir='ltr'><strong>Nam</strong></span> <span class='ocrx_word' id='word_1_439' title='bbox 1318 3088 1348 3140; x_wconf 91' lang='lat' dir='ltr'><strong>et</strong></span> <span class='ocrx_word' id='word_1_440' title='bbox 1361 3085 1416 3141; x_wconf 91' lang='lat' dir='ltr'><strong>hoc</strong></span> <span class='ocrx_word' id='word_1_441' title='bbox 1431 3084 1583 3157; x_wconf 90' lang='lat' dir='ltr'><strong>inquisisti,</strong></span> <span class='ocrx_word' id='word_1_442' title='bbox 1597 3091 1665 3157; x_wconf 87' lang='lat' dir='ltr'><strong>post</strong></span> <span class='ocrx_word' id='word_1_443' title='bbox 1679 3090 1808 3159; x_wconf 88' lang='lat' dir='ltr'><strong>quantum</strong></span> 
     </span>
     <span class='ocr_line' id='line_1_32' title="bbox 132 3177 1809 3254; baseline 0.001 -22"><span class='ocrx_word' id='word_1_444' title='bbox 132 3177 200 3233; x_wconf 91' lang='lat' dir='ltr'><strong>dum</strong></span> <span class='ocrx_word' id='word_1_445' title='bbox 222 3195 336 3234; x_wconf 89' lang='lat' dir='ltr'><strong>sacrum</strong></span> <span class='ocrx_word' id='word_1_446' title='bbox 361 3180 486 3236; x_wconf 87' lang='lat' dir='ltr'><strong>chrisma</strong></span> <span class='ocrx_word' id='word_1_447' title='bbox 508 3186 699 3252; x_wconf 89' lang='lat' dir='ltr'><strong>consecratur,</strong></span> <span class='ocrx_word' id='word_1_448' title='bbox 724 3185 781 3238; x_wconf 90' lang='lat' dir='ltr'><strong>tres</strong></span> <span class='ocrx_word' id='word_1_449' title='bbox 803 3184 948 3254; x_wconf 91' lang='lat' dir='ltr'><strong>lampades</strong></span> <span class='ocrx_word' id='word_1_450' title='bbox 998 3180 1137 3252; x_wconf 89' lang='lat' dir='ltr'><strong>temporis</strong></span> <span class='ocrx_word' id='word_1_451' title='bbox 1147 3179 1232 3235; x_wconf 88' lang='lat' dir='ltr'><strong>debet</strong></span> <span class='ocrx_word' id='word_1_452' title='bbox 1243 3179 1342 3235; x_wconf 90' lang='lat' dir='ltr'><strong>lardus</strong></span> <span class='ocrx_word' id='word_1_453' title='bbox 1355 3179 1477 3249; x_wconf 90' lang='lat' dir='ltr'><strong>comedi,</strong></span> <span class='ocrx_word' id='word_1_454' title='bbox 1487 3179 1809 3236; x_wconf 79' lang='lat' dir='ltr'><strong>nobisal‘atribuscou·</strong></span> 
     </span>
     <span class='ocr_line' id='line_1_33' title="bbox 129 3272 1808 3346; baseline 0.002 -20"><span class='ocrx_word' id='word_1_455' title='bbox 129 3287 242 3343; x_wconf 83' lang='lat' dir='ltr'><strong>magnae</strong></span> <span class='ocrx_word' id='word_1_456' title='bbox 254 3273 418 3346; x_wconf 89' lang='lat' dir='ltr'><strong>capacitatis</strong></span> <span class='ocrx_word' id='word_1_457' title='bbox 428 3291 464 3330; x_wconf 84' lang='lat' dir='ltr'><strong>ex</strong></span> <span class='ocrx_word' id='word_1_458' title='bbox 475 3274 593 3331; x_wconf 90' lang='lat' dir='ltr'><strong>diversis</strong></span> <span class='ocrx_word' id='word_1_459' title='bbox 602 3276 729 3332; x_wconf 87' lang='lat' dir='ltr'><strong>candelis</strong></span> <span class='ocrx_word' id='word_1_460' title='bbox 741 3277 872 3332; x_wconf 83' lang='lat' dir='ltr'><strong>Ecclesiae</strong></span> <span class='ocrx_word' id='word_1_461' title='bbox 882 3278 947 3334; x_wconf 91' lang='lat' dir='ltr'><strong>oleo</strong></span> <span class='ocrx_word' id='word_1_462' title='bbox 998 3273 1129 3330; x_wconf 89' lang='lat' dir='ltr'><strong>stitutum</strong></span> <span class='ocrx_word' id='word_1_463' title='bbox 1142 3289 1194 3345; x_wconf 89' lang='lat' dir='ltr'><strong>per</strong></span> <span class='ocrx_word' id='word_1_464' title='bbox 1207 3274 1262 3329; x_wconf 94' lang='lat' dir='ltr'><strong>hoc</strong></span> <span class='ocrx_word' id='word_1_465' title='bbox 1278 3290 1338 3330; x_wconf 90' lang='lat' dir='ltr'><strong>non</strong></span> <span class='ocrx_word' id='word_1_466' title='bbox 1353 3275 1405 3331; x_wconf 89' lang='lat' dir='ltr'><strong>est.</strong></span> <span class='ocrx_word' id='word_1_467' title='bbox 1420 3272 1481 3329; x_wconf 88' lang='lat' dir='ltr'><strong>Tibi</strong></span> <span class='ocrx_word' id='word_1_468' title='bbox 1501 3277 1600 3329; x_wconf 89' lang='lat' dir='ltr'><strong>autem</strong></span> <span class='ocrx_word' id='word_1_469' title='bbox 1618 3275 1732 3345; x_wconf 88' lang='lat' dir='ltr'><strong>petenti</strong></span> <span class='ocrx_word' id='word_1_470' title='bbox 1750 3291 1808 3329; x_wconf 91' lang='lat' dir='ltr'><strong>con·</strong></span> 
     </span>
     <span class='ocr_line' id='line_1_34' title="bbox 129 3366 1808 3444; baseline 0.002 -24"><span class='ocrx_word' id='word_1_471' title='bbox 129 3366 257 3438; x_wconf 89' lang='lat' dir='ltr'><strong>collecto,</strong></span> <span class='ocrx_word' id='word_1_472' title='bbox 275 3368 304 3422; x_wconf 94' lang='lat' dir='ltr'><strong>in</strong></span> <span class='ocrx_word' id='word_1_473' title='bbox 320 3367 466 3424; x_wconf 84' lang='lat' dir='ltr'><strong>secretiori</strong></span> <span class='ocrx_word' id='word_1_474' title='bbox 480 3369 606 3426; x_wconf 79' lang='lat' dir='ltr'><strong>ecclesie</strong></span> <span class='ocrx_word' id='word_1_475' title='bbox 627 3371 698 3440; x_wconf 89' lang='lat' dir='ltr'><strong>loco,</strong></span> <span class='ocrx_word' id='word_1_476' title='bbox 713 3371 750 3426; x_wconf 92' lang='lat' dir='ltr'><strong>ad</strong></span> <span class='ocrx_word' id='word_1_477' title='bbox 765 3370 887 3444; x_wconf 86' lang='lat' dir='ltr'><strong>liguram</strong></span> <span class='ocrx_word' id='word_1_478' title='bbox 902 3373 946 3427; x_wconf 91' lang='lat' dir='ltr'><strong>in·</strong></span> <span class='ocrx_word' id='word_1_479' title='bbox 997 3367 1093 3423; x_wconf 91' lang='lat' dir='ltr'><strong>silium</strong></span> <span class='ocrx_word' id='word_1_480' title='bbox 1113 3366 1289 3438; x_wconf 87' lang='lat' dir='ltr'><strong>praebemus,</strong></span> <span class='ocrx_word' id='word_1_481' title='bbox 1303 3367 1381 3439; x_wconf 93' lang='lat' dir='ltr'><strong>quod</strong></span> <span class='ocrx_word' id='word_1_482' title='bbox 1397 3383 1457 3423; x_wconf 91' lang='lat' dir='ltr'><strong>uon</strong></span> <span class='ocrx_word' id='word_1_483' title='bbox 1477 3371 1610 3439; x_wconf 86' lang='lat' dir='ltr'><strong>oporteat</strong></span> <span class='ocrx_word' id='word_1_484' title='bbox 1624 3384 1694 3423; x_wconf 93' lang='lat' dir='ltr'><strong>eum</strong></span> <span class='ocrx_word' id='word_1_485' title='bbox 1710 3368 1808 3435; x_wconf 90' lang='lat' dir='ltr'><strong>mandi,</strong></span> 
     </span>
     <span class='ocr_line' id='line_1_35' title="bbox 129 3459 1808 3536; baseline 0.002 -22"><span class='ocrx_word' id='word_1_486' title='bbox 129 3459 240 3516; x_wconf 89' lang='lat' dir='ltr'><strong>terioris</strong></span> <span class='ocrx_word' id='word_1_487' title='bbox 267 3460 443 3518; x_wconf 87' lang='lat' dir='ltr'><strong>tabernaculi</strong></span> <span class='ocrx_word' id='word_1_488' title='bbox 469 3463 618 3520; x_wconf 90' lang='lat' dir='ltr'><strong>insistente</strong></span> <span class='ocrx_word' id='word_1_489' title='bbox 644 3464 852 3536; x_wconf 86' lang='lat' dir='ltr'><strong>indeficienter,</strong></span> <span class='ocrx_word' id='word_1_490' title='bbox 880 3482 948 3521; x_wconf 89' lang='lat' dir='ltr'><strong>cnm</strong></span> <span class='ocrx_word' id='word_1_491' title='bbox 998 3462 1164 3534; x_wconf 87' lang='lat' dir='ltr'><strong>prinsquam</strong></span> <span class='ocrx_word' id='word_1_492' title='bbox 1185 3477 1271 3533; x_wconf 86' lang='lat' dir='ltr'><strong>snper</strong></span> <span class='ocrx_word' id='word_1_493' title='bbox 1291 3462 1371 3518; x_wconf 83' lang='lat' dir='ltr'><strong>fumo</strong></span> <span class='ocrx_word' id='word_1_494' title='bbox 1394 3461 1523 3530; x_wconf 90' lang='lat' dir='ltr'><strong>siccatur,</strong></span> <span class='ocrx_word' id='word_1_495' title='bbox 1547 3467 1598 3516; x_wconf 92' lang='lat' dir='ltr'><strong>ant</strong></span> <span class='ocrx_word' id='word_1_496' title='bbox 1619 3462 1688 3535; x_wconf 90' lang='lat' dir='ltr'><strong>igne</strong></span> <span class='ocrx_word' id='word_1_497' title='bbox 1713 3479 1808 3535; x_wconf 89' lang='lat' dir='ltr'><strong>coqua-</strong></span> 
     </span>
     <span class='ocr_line' id='line_1_36' title="bbox 129 3554 1809 3630; baseline 0.002 -23"><span class='ocrx_word' id='word_1_498' title='bbox 129 3554 219 3609; x_wconf 88' lang='lat' dir='ltr'><strong>mnlta</strong></span> <span class='ocrx_word' id='word_1_499' title='bbox 243 3554 392 3626; x_wconf 90' lang='lat' dir='ltr'><strong>diligentia</strong></span> <span class='ocrx_word' id='word_1_500' title='bbox 413 3556 540 3629; x_wconf 90' lang='lat' dir='ltr'><strong>inspecte</strong></span> <span class='ocrx_word' id='word_1_501' title='bbox 563 3558 716 3626; x_wconf 86' lang='lat' dir='ltr'><strong>ardebunt,</strong></span> <span class='ocrx_word' id='word_1_502' title='bbox 735 3558 775 3615; x_wconf 91' lang='lat' dir='ltr'><strong>ita</strong></span> <span class='ocrx_word' id='word_1_503' title='bbox 797 3564 830 3615; x_wconf 92' lang='lat' dir='ltr'><strong>ut</strong></span> <span class='ocrx_word' id='word_1_504' title='bbox 852 3560 948 3616; x_wconf 92' lang='lat' dir='ltr'><strong>oleum</strong></span> <span class='ocrx_word' id='word_1_505' title='bbox 997 3560 1053 3611; x_wconf 88' lang='lat' dir='ltr'><strong>tur.</strong></span> <span class='ocrx_word' id='word_1_506' title='bbox 1079 3555 1108 3612; x_wconf 90' lang='lat' dir='ltr'><strong>Si</strong></span> <span class='ocrx_word' id='word_1_507' title='bbox 1129 3571 1197 3611; x_wconf 90' lang='lat' dir='ltr'><strong>vero</strong></span> <span class='ocrx_word' id='word_1_508' title='bbox 1218 3555 1289 3611; x_wconf 90' lang='lat' dir='ltr'><strong>libet</strong></span> <span class='ocrx_word' id='word_1_509' title='bbox 1311 3558 1345 3611; x_wconf 90' lang='lat' dir='ltr'><strong>nt</strong></span> <span class='ocrx_word' id='word_1_510' title='bbox 1366 3556 1510 3611; x_wconf 88' lang='lat' dir='ltr'><strong>incoctum</strong></span> <span class='ocrx_word' id='word_1_511' title='bbox 1534 3556 1737 3625; x_wconf 87' lang='lat' dir='ltr'><strong>manducetur,</strong></span> <span class='ocrx_word' id='word_1_512' title='bbox 1755 3559 1809 3630; x_wconf 89' lang='lat' dir='ltr'><strong>post</strong></span> 
     </span>
     <span class='ocr_line' id='line_1_37' title="bbox 129 3646 1692 3724; baseline 0.004 -23"><span class='ocrx_word' id='word_1_513' title='bbox 129 3646 224 3718; x_wconf 91' lang='lat' dir='ltr'><strong>ipsum</strong></span> <span class='ocrx_word' id='word_1_514' title='bbox 249 3648 379 3704; x_wconf 88' lang='lat' dir='ltr'><strong>sufficere</strong></span> <span class='ocrx_word' id='word_1_515' title='bbox 412 3650 501 3723; x_wconf 91' lang='lat' dir='ltr'><strong>possit</strong></span> <span class='ocrx_word' id='word_1_516' title='bbox 528 3668 618 3724; x_wconf 90' lang='lat' dir='ltr'><strong>usqua</strong></span> <span class='ocrx_word' id='word_1_517' title='bbox 643 3651 681 3707; x_wconf 90' lang='lat' dir='ltr'><strong>ad</strong></span> <span class='ocrx_word' id='word_1_518' title='bbox 708 3652 825 3709; x_wconf 90' lang='lat' dir='ltr'><strong>tertium</strong></span> <span class='ocrx_word' id='word_1_519' title='bbox 859 3653 945 3710; x_wconf 92' lang='lat' dir='ltr'><strong>diem.</strong></span> <span class='ocrx_word' id='word_1_520' title='bbox 997 3650 1162 3705; x_wconf 88' lang='lat' dir='ltr'><strong>Paschalem</strong></span> <span class='ocrx_word' id='word_1_521' title='bbox 1175 3649 1358 3706; x_wconf 85' lang='lat' dir='ltr'><strong>festivitatem</strong></span> <span class='ocrx_word' id='word_1_522' title='bbox 1376 3650 1430 3705; x_wconf 87' lang='lat' dir='ltr'><strong>erit</strong></span> <span class='ocrx_word' id='word_1_523' title='bbox 1444 3649 1692 3707; x_wconf 89' lang='lat' dir='ltr'><strong>manducandum.</strong></span> 
     </span>
     <span class='ocr_line' id='line_1_38' title="bbox 129 3740 1807 3819; baseline 0.003 -23"><span class='ocrx_word' id='word_1_524' title='bbox 129 3743 166 3796; x_wconf 86' lang='lat' dir='ltr'><strong>De</strong></span> <span class='ocrx_word' id='word_1_525' title='bbox 194 3740 297 3815; x_wconf 90' lang='lat' dir='ltr'><strong>quibus</strong></span> <span class='ocrx_word' id='word_1_526' title='bbox 330 3743 456 3799; x_wconf 89' lang='lat' dir='ltr'><strong>candelis</strong></span> <span class='ocrx_word' id='word_1_527' title='bbox 493 3743 615 3802; x_wconf 90' lang='lat' dir='ltr'><strong>Sabbato</strong></span> <span class='ocrx_word' id='word_1_528' title='bbox 649 3751 756 3817; x_wconf 89' lang='lat' dir='ltr'><strong>sancto,</strong></span> <span class='ocrx_word' id='word_1_529' title='bbox 782 3763 833 3819; x_wconf 94' lang='lat' dir='ltr'><strong>pro</strong></span> <span class='ocrx_word' id='word_1_530' title='bbox 861 3748 947 3804; x_wconf 85' lang='lat' dir='ltr'><strong>fontis</strong></span> <span class='ocrx_word' id='word_1_531' title='bbox 1032 3743 1186 3817; x_wconf 85' lang='lat' dir='ltr'><strong>Episcopus</strong></span> <span class='ocrx_word' id='word_1_532' title='bbox 1199 3746 1297 3799; x_wconf 90' lang='lat' dir='ltr'><strong>autern</strong></span> <span class='ocrx_word' id='word_1_533' title='bbox 1310 3743 1526 3812; x_wconf 88' lang='lat' dir='ltr'><strong>condemnatus,</strong></span> <span class='ocrx_word' id='word_1_534' title='bbox 1539 3743 1575 3799; x_wconf 90' lang='lat' dir='ltr'><strong>de</strong></span> <span class='ocrx_word' id='word_1_535' title='bbox 1588 3761 1650 3816; x_wconf 93' lang='lat' dir='ltr'><strong>quo</strong></span> <span class='ocrx_word' id='word_1_536' title='bbox 1664 3745 1807 3818; x_wconf 85' lang='lat' dir='ltr'><strong>inquisisti,</strong></span> 
     </span>
    </p>
   </div>
   <div class='ocr_carea' id='block_1_5' title="bbox 21 3836 1806 3913">
    <p class='ocr_par' dir='ltr' id='par_1_5' title="bbox 21 3836 1806 3913">
     <span class='ocr_line' id='line_1_39' title="bbox 21 3836 1806 3913; baseline 0.003 -24"><span class='ocrx_word' id='word_1_537' title='bbox 21 3900 29 3907; x_wconf 31' lang='lat'>¹</span> <span class='ocrx_word' id='word_1_538' title='bbox 129 3836 201 3891; x_wconf 86' lang='lat' dir='ltr'><strong>sacri</strong></span> <span class='ocrx_word' id='word_1_539' title='bbox 231 3836 404 3909; x_wconf 89' lang='lat' dir='ltr'><strong>baptismate</strong></span> <span class='ocrx_word' id='word_1_540' title='bbox 430 3843 560 3911; x_wconf 91' lang='lat' dir='ltr'><strong>sumptus</strong></span> <span class='ocrx_word' id='word_1_541' title='bbox 592 3840 666 3912; x_wconf 90' lang='lat' dir='ltr'><strong>iguis</strong></span> <span class='ocrx_word' id='word_1_542' title='bbox 693 3856 744 3913; x_wconf 84' lang='lat' dir='ltr'><strong>per</strong></span> <span class='ocrx_word' id='word_1_543' title='bbox 773 3842 947 3898; x_wconf 87' lang='lat' dir='ltr'><strong>sacerdotem</strong></span> <span class='ocrx_word' id='word_1_544' title='bbox 997 3838 1046 3911; x_wconf 92' lang='lat' dir='ltr'><strong>qni</strong></span> <span class='ocrx_word' id='word_1_545' title='bbox 1056 3837 1244 3910; x_wconf 90' lang='lat' dir='ltr'><strong>impugnator</strong></span> <span class='ocrx_word' id='word_1_546' title='bbox 1253 3840 1282 3893; x_wconf 89' lang='lat' dir='ltr'><strong>et</strong></span> <span class='ocrx_word' id='word_1_547' title='bbox 1291 3836 1448 3893; x_wconf 87' lang='lat' dir='ltr'><strong>fornicator</strong></span> <span class='ocrx_word' id='word_1_548' title='bbox 1461 3836 1566 3907; x_wconf 85' lang='lat' dir='ltr'><strong>existit,</strong></span> <span class='ocrx_word' id='word_1_549' title='bbox 1574 3841 1663 3910; x_wconf 87' lang='lat' dir='ltr'><strong>atque</strong></span> <span class='ocrx_word' id='word_1_550' title='bbox 1671 3855 1718 3895; x_wconf 88' lang='lat' dir='ltr'><strong>res</strong></span> <span class='ocrx_word' id='word_1_551' title='bbox 1730 3840 1806 3896; x_wconf 83' lang='lat' dir='ltr'><strong>eccle-</strong></span> 
     </span>
    </p>
   </div>
   <div class='ocr_carea' id='block_1_6' title="bbox 119 3930 1815 5890">
    <p class='ocr_par' dir='ltr' id='par_1_6' title="bbox 119 3930 1815 5890">
     <span class='ocr_line' id='line_1_40' title="bbox 129 3930 1808 4004; baseline 0.002 -21"><span class='ocrx_word' id='word_1_552' title='bbox 129 3930 322 3987; x_wconf 87' lang='lat' dir='ltr'><strong>renovabitur.</strong></span> <span class='ocrx_word' id='word_1_553' title='bbox 352 3934 389 3987; x_wconf 80' lang='lat' dir='ltr'><strong>lte</strong></span> <span class='ocrx_word' id='word_1_554' title='bbox 419 3933 571 3990; x_wconf 88' lang='lat' dir='ltr'><strong>christallis</strong></span> <span class='ocrx_word' id='word_1_555' title='bbox 598 3939 706 4004; x_wconf 90' lang='lat' dir='ltr'><strong>antem,</strong></span> <span class='ocrx_word' id='word_1_556' title='bbox 733 3939 765 3991; x_wconf 90' lang='lat' dir='ltr'><strong>nt</strong></span> <span class='ocrx_word' id='word_1_557' title='bbox 791 3935 945 4004; x_wconf 89' lang='lat' dir='ltr'><strong>asseruisti,</strong></span> <span class='ocrx_word' id='word_1_558' title='bbox 997 3931 1123 4004; x_wconf 88' lang='lat' dir='ltr'><strong>siaepost</strong></span> <span class='ocrx_word' id='word_1_559' title='bbox 1142 3931 1379 4003; x_wconf 87' lang='lat' dir='ltr'><strong>degradationem</strong></span> <span class='ocrx_word' id='word_1_560' title='bbox 1402 3931 1455 3986; x_wconf 91' lang='lat' dir='ltr'><strong>sibi</strong></span> <span class='ocrx_word' id='word_1_561' title='bbox 1470 3930 1626 3988; x_wconf 90' lang='lat' dir='ltr'><strong>vendicare</strong></span> <span class='ocrx_word' id='word_1_562' title='bbox 1646 3933 1759 4002; x_wconf 90' lang='lat' dir='ltr'><strong>nititur,</strong></span> <span class='ocrx_word' id='word_1_563' title='bbox 1772 3934 1808 3988; x_wconf 87' lang='lat' dir='ltr'><strong>hic</strong></span> 
     </span>
     <span class='ocr_line' id='line_1_41' title="bbox 127 4024 1808 4103; baseline 0.002 -25"><span class='ocrx_word' id='word_1_564' title='bbox 127 4024 236 4080; x_wconf 77' lang='lat' dir='ltr'><strong>niallam</strong></span> <span class='ocrx_word' id='word_1_565' title='bbox 260 4025 399 4081; x_wconf 88' lang='lat' dir='ltr'><strong>habemus</strong></span> <span class='ocrx_word' id='word_1_566' title='bbox 422 4027 619 4084; x_wconf 90' lang='lat' dir='ltr'><strong>traditionem.</strong></span> <span class='ocrx_word' id='word_1_567' title='bbox 645 4030 685 4085; x_wconf 86' lang='lat' dir='ltr'><strong>De</strong></span> <span class='ocrx_word' id='word_1_568' title='bbox 713 4029 767 4100; x_wconf 89' lang='lat' dir='ltr'><strong>his,</strong></span> <span class='ocrx_word' id='word_1_569' title='bbox 791 4029 841 4103; x_wconf 92' lang='lat' dir='ltr'><strong>qni</strong></span> <span class='ocrx_word' id='word_1_570' title='bbox 866 4030 947 4102; x_wconf 89' lang='lat' dir='ltr'><strong>regio</strong></span> <span class='ocrx_word' id='word_1_571' title='bbox 997 4027 1115 4083; x_wconf 91' lang='lat' dir='ltr'><strong>omnino</strong></span> <span class='ocrx_word' id='word_1_572' title='bbox 1127 4043 1159 4082; x_wconf 89' lang='lat' dir='ltr'><strong>ae</strong></span> <span class='ocrx_word' id='word_1_573' title='bbox 1172 4025 1380 4082; x_wconf 86' lang='lat' dir='ltr'><strong>detestabiliter</strong></span> <span class='ocrx_word' id='word_1_574' title='bbox 1388 4025 1566 4098; x_wconf 89' lang='lat' dir='ltr'><strong>respuendus</strong></span> <span class='ocrx_word' id='word_1_575' title='bbox 1576 4031 1632 4084; x_wconf 89' lang='lat' dir='ltr'><strong>est.</strong></span> <span class='ocrx_word' id='word_1_576' title='bbox 1641 4048 1655 4076; x_wconf 94' lang='lat'>«</span> <span class='ocrx_word' id='word_1_577' title='bbox 1664 4027 1808 4093; x_wconf 80' lang='lat' dir='ltr'><strong>Quaeeuin</strong></span> 
     </span>
     <span class='ocr_line' id='line_1_42' title="bbox 129 4118 1808 4196; baseline 0.001 -24"><span class='ocrx_word' id='word_1_578' title='bbox 129 4118 230 4174; x_wconf 91' lang='lat' dir='ltr'><strong>morbo</strong></span> <span class='ocrx_word' id='word_1_579' title='bbox 239 4121 540 4192; x_wconf 88' lang='lat' dir='ltr'><strong>vexantnrinqnisisti,</strong></span> <span class='ocrx_word' id='word_1_580' title='bbox 550 4123 607 4178; x_wconf 91' lang='lat' dir='ltr'><strong>sive</strong></span> <span class='ocrx_word' id='word_1_581' title='bbox 615 4124 682 4196; x_wconf 90' lang='lat' dir='ltr'><strong>eqni</strong></span> <span class='ocrx_word' id='word_1_582' title='bbox 693 4124 758 4194; x_wconf 92' lang='lat' dir='ltr'><strong>sint,</strong></span> <span class='ocrx_word' id='word_1_583' title='bbox 767 4123 947 4196; x_wconf 88' lang='lat' dir='ltr'><strong>quidlaeien·</strong></span> <span class='ocrx_word' id='word_1_584' title='bbox 995 4121 1091 4192; x_wconf 90' lang='lat' dir='ltr'><strong>portio</strong></span> <span class='ocrx_word' id='word_1_585' title='bbox 1115 4119 1238 4176; x_wconf 83' lang='lat' dir='ltr'><strong>infidelis</strong></span> <span class='ocrx_word' id='word_1_586' title='bbox 1262 4136 1328 4175; x_wconf 91' lang='lat' dir='ltr'><strong>cum</strong></span> <span class='ocrx_word' id='word_1_587' title='bbox 1352 4119 1454 4176; x_wconf 84' lang='lat' dir='ltr'><strong>lideli‘l</strong></span> <span class='ocrx_word' id='word_1_588' title='bbox 1477 4122 1531 4175; x_wconf 81' lang='lat' dir='ltr'><strong>dut</strong></span> <span class='ocrx_word' id='word_1_589' title='bbox 1557 4135 1625 4192; x_wconf 74' lang='lat' dir='ltr'><strong>quae</strong></span> <span class='ocrx_word' id='word_1_590' title='bbox 1654 4122 1808 4178; x_wconf 89' lang='lat' dir='ltr'><strong>communio</strong></span> 
     </span>
     <span class='ocr_line' id='line_1_43' title="bbox 129 4211 1806 4289; baseline 0.002 -24"><span class='ocrx_word' id='word_1_591' title='bbox 129 4211 197 4266; x_wconf 89' lang='lat' dir='ltr'><strong>dum</strong></span> <span class='ocrx_word' id='word_1_592' title='bbox 211 4211 248 4267; x_wconf 91' lang='lat' dir='ltr'><strong>sit</strong></span> <span class='ocrx_word' id='word_1_593' title='bbox 260 4212 296 4267; x_wconf 93' lang='lat' dir='ltr'><strong>de</strong></span> <span class='ocrx_word' id='word_1_594' title='bbox 310 4213 415 4270; x_wconf 74' lang='lat' dir='ltr'><strong>ithasi</strong></span> <span class='ocrx_word' id='word_1_595' title='bbox 429 4215 560 4271; x_wconf 91' lang='lat' dir='ltr'><strong>homines</strong></span> <span class='ocrx_word' id='word_1_596' title='bbox 573 4233 608 4271; x_wconf 85' lang='lat' dir='ltr'><strong>ex</strong></span> <span class='ocrx_word' id='word_1_597' title='bbox 619 4217 775 4287; x_wconf 91' lang='lat' dir='ltr'><strong>nativitate,</strong></span> <span class='ocrx_word' id='word_1_598' title='bbox 783 4223 833 4274; x_wconf 89' lang='lat' dir='ltr'><strong>ant</strong></span> <span class='ocrx_word' id='word_1_599' title='bbox 842 4234 946 4289; x_wconf 84' lang='lat' dir='ltr'><strong>genere</strong></span> <span class='ocrx_word' id='word_1_600' title='bbox 995 4213 1098 4272; x_wconf 87' lang='lat' dir='ltr'><strong>Christi</strong></span> <span class='ocrx_word' id='word_1_601' title='bbox 1113 4214 1149 4269; x_wconf 92' lang='lat' dir='ltr'><strong>ad</strong></span> <span class='ocrx_word' id='word_1_602' title='bbox 1172 4212 1277 4269; x_wconf 77' lang='lat' dir='ltr'><strong>Belial?</strong></span> <span class='ocrx_word' id='word_1_603' title='bbox 1291 4232 1305 4265; x_wconf 89' lang='lat'>»</span> <span class='ocrx_word' id='word_1_604' title='bbox 1321 4214 1360 4284; x_wconf 76' lang='lat' dir='ltr'><strong>til</strong></span> <span class='ocrx_word' id='word_1_605' title='bbox 1378 4217 1437 4271; x_wconf 84' lang='lat' dir='ltr'><strong>Cor.</strong></span> <span class='ocrx_word' id='word_1_606' title='bbox 1451 4229 1488 4282; x_wconf 88' lang='lat' dir='ltr'><strong>vr,</strong></span> <span class='ocrx_word' id='word_1_607' title='bbox 1507 4214 1559 4283; x_wconf 78' lang='lat' dir='ltr'><strong>le.)</strong></span> <span class='ocrx_word' id='word_1_608' title='bbox 1575 4214 1635 4269; x_wconf 87' lang='lat' dir='ltr'><strong>Has</strong></span> <span class='ocrx_word' id='word_1_609' title='bbox 1655 4219 1806 4271; x_wconf 84' lang='lat' dir='ltr'><strong>sanctornm</strong></span> 
     </span>
     <span class='ocr_line' id='line_1_44' title="bbox 128 4303 1809 4376; baseline 0.004 -19"><span class='ocrx_word' id='word_1_610' title='bbox 128 4303 214 4374; x_wconf 78' lang='lat' dir='ltr'><strong>liujus</strong></span> <span class='ocrx_word' id='word_1_611' title='bbox 230 4304 325 4360; x_wconf 92' lang='lat' dir='ltr'><strong>morbi</strong></span> <span class='ocrx_word' id='word_1_612' title='bbox 338 4310 414 4376; x_wconf 90' lang='lat' dir='ltr'><strong>sunt,</strong></span> <span class='ocrx_word' id='word_1_613' title='bbox 426 4307 455 4362; x_wconf 91' lang='lat' dir='ltr'><strong>hi</strong></span> <span class='ocrx_word' id='word_1_614' title='bbox 471 4312 549 4363; x_wconf 81' lang='lat' dir='ltr'><strong>entra</strong></span> <span class='ocrx_word' id='word_1_615' title='bbox 564 4309 710 4365; x_wconf 87' lang='lat' dir='ltr'><strong>civitatem</strong></span> <span class='ocrx_word' id='word_1_616' title='bbox 722 4311 853 4367; x_wconf 87' lang='lat' dir='ltr'><strong>comitari</strong></span> <span class='ocrx_word' id='word_1_617' title='bbox 863 4311 947 4368; x_wconf 87' lang='lat' dir='ltr'><strong>debe·</strong></span> <span class='ocrx_word' id='word_1_618' title='bbox 994 4310 1111 4364; x_wconf 87' lang='lat' dir='ltr'><strong>Petrum</strong></span> <span class='ocrx_word' id='word_1_619' title='bbox 1124 4307 1305 4376; x_wconf 90' lang='lat' dir='ltr'><strong>traditiones,</strong></span> <span class='ocrx_word' id='word_1_620' title='bbox 1315 4310 1344 4362; x_wconf 91' lang='lat' dir='ltr'><strong>et</strong></span> <span class='ocrx_word' id='word_1_621' title='bbox 1353 4310 1517 4362; x_wconf 88' lang='lat' dir='ltr'><strong>sanctornm</strong></span> <span class='ocrx_word' id='word_1_622' title='bbox 1530 4323 1680 4364; x_wconf 91' lang='lat' dir='ltr'><strong>canonum</strong></span> <span class='ocrx_word' id='word_1_623' title='bbox 1692 4309 1809 4366; x_wconf 85' lang='lat' dir='ltr'><strong>instituta</strong></span> 
     </span>
     <span class='ocr_line' id='line_1_45' title="bbox 128 4397 1808 4478; baseline 0.005 -27"><span class='ocrx_word' id='word_1_624' title='bbox 128 4397 211 4467; x_wconf 91' lang='lat' dir='ltr'><strong>bunt,</strong></span> <span class='ocrx_word' id='word_1_625' title='bbox 226 4398 439 4472; x_wconf 88' lang='lat' dir='ltr'><strong>eleemosynam</strong></span> <span class='ocrx_word' id='word_1_626' title='bbox 454 4417 520 4456; x_wconf 89' lang='lat' dir='ltr'><strong>vero</strong></span> <span class='ocrx_word' id='word_1_627' title='bbox 541 4403 577 4458; x_wconf 92' lang='lat' dir='ltr'><strong>ad</strong></span> <span class='ocrx_word' id='word_1_628' title='bbox 596 4403 823 4476; x_wconf 89' lang='lat' dir='ltr'><strong>accipiendnma</strong></span> <span class='ocrx_word' id='word_1_629' title='bbox 840 4406 946 4478; x_wconf 90' lang='lat' dir='ltr'><strong>populo</strong></span> <span class='ocrx_word' id='word_1_630' title='bbox 995 4401 1266 4458; x_wconf 88' lang='lat' dir='ltr'><strong>condemnaverunt.</strong></span> <span class='ocrx_word' id='word_1_631' title='bbox 1282 4402 1321 4457; x_wconf 87' lang='lat' dir='ltr'><strong>Da</strong></span> <span class='ocrx_word' id='word_1_632' title='bbox 1335 4399 1516 4457; x_wconf 89' lang='lat' dir='ltr'><strong>ordinatione</strong></span> <span class='ocrx_word' id='word_1_633' title='bbox 1529 4400 1617 4456; x_wconf 73' lang='lat' dir='ltr'><strong>eham</strong></span> <span class='ocrx_word' id='word_1_634' title='bbox 1634 4402 1808 4475; x_wconf 83' lang='lat' dir='ltr'><strong>presbytero·</strong></span> 
     </span>
     <span class='ocr_line' id='line_1_46' title="bbox 128 4493 1810 4580; baseline 0.005 -35"><span class='ocrx_word' id='word_1_635' title='bbox 128 4508 187 4548; x_wconf 90' lang='lat' dir='ltr'><strong>uou</strong></span> <span class='ocrx_word' id='word_1_636' title='bbox 200 4493 331 4548; x_wconf 87' lang='lat' dir='ltr'><strong>devitari.</strong></span> <span class='ocrx_word' id='word_1_637' title='bbox 347 4494 377 4550; x_wconf 91' lang='lat' dir='ltr'><strong>Si</strong></span> <span class='ocrx_word' id='word_1_638' title='bbox 388 4500 484 4551; x_wconf 90' lang='lat' dir='ltr'><strong>autem</strong></span> <span class='ocrx_word' id='word_1_639' title='bbox 505 4496 658 4569; x_wconf 90' lang='lat' dir='ltr'><strong>eontigerit</strong></span> <span class='ocrx_word' id='word_1_640' title='bbox 670 4513 808 4571; x_wconf 91' lang='lat' dir='ltr'><strong>magnum</strong></span> <span class='ocrx_word' id='word_1_641' title='bbox 821 4499 867 4555; x_wconf 93' lang='lat' dir='ltr'><strong>vel</strong></span> <span class='ocrx_word' id='word_1_642' title='bbox 880 4515 944 4570; x_wconf 89' lang='lat' dir='ltr'><strong>par·</strong></span> <span class='ocrx_word' id='word_1_643' title='bbox 955 4507 986 4580; x_wconf 75' lang='lat' dir='ltr'>D</span> <span class='ocrx_word' id='word_1_644' title='bbox 996 4512 1060 4552; x_wconf 90' lang='lat' dir='ltr'><strong>rum</strong></span> <span class='ocrx_word' id='word_1_645' title='bbox 1072 4499 1100 4552; x_wconf 89' lang='lat' dir='ltr'><strong>et</strong></span> <span class='ocrx_word' id='word_1_646' title='bbox 1113 4495 1311 4565; x_wconf 89' lang='lat' dir='ltr'><strong>diaconorum,</strong></span> <span class='ocrx_word' id='word_1_647' title='bbox 1325 4495 1374 4567; x_wconf 90' lang='lat' dir='ltr'><strong>qui</strong></span> <span class='ocrx_word' id='word_1_648' title='bbox 1387 4497 1508 4566; x_wconf 87' lang='lat' dir='ltr'><strong>cogente</strong></span> <span class='ocrx_word' id='word_1_649' title='bbox 1520 4495 1694 4552; x_wconf 87' lang='lat' dir='ltr'><strong>necessitate</strong></span> <span class='ocrx_word' id='word_1_650' title='bbox 1709 4502 1739 4553; x_wconf 91' lang='lat' dir='ltr'><strong>et</strong></span> <span class='ocrx_word' id='word_1_651' title='bbox 1752 4512 1810 4569; x_wconf 88' lang='lat' dir='ltr'><strong>peu·</strong></span> 
     </span>
     <span class='ocr_line' id='line_1_47' title="bbox 127 4587 1808 4666; baseline 0.003 -27"><span class='ocrx_word' id='word_1_652' title='bbox 127 4601 195 4641; x_wconf 84' lang='lat' dir='ltr'><strong>vum</strong></span> <span class='ocrx_word' id='word_1_653' title='bbox 209 4603 268 4642; x_wconf 92' lang='lat' dir='ltr'><strong>nou</strong></span> <span class='ocrx_word' id='word_1_654' title='bbox 291 4588 449 4660; x_wconf 88' lang='lat' dir='ltr'><strong>nativitate,</strong></span> <span class='ocrx_word' id='word_1_655' title='bbox 465 4590 514 4645; x_wconf 91' lang='lat' dir='ltr'><strong>sed</strong></span> <span class='ocrx_word' id='word_1_656' title='bbox 533 4591 753 4664; x_wconf 87' lang='lat' dir='ltr'><strong>superveniente</strong></span> <span class='ocrx_word' id='word_1_657' title='bbox 775 4593 946 4666; x_wconf 79' lang='lat' dir='ltr'><strong>egritudine</strong></span> <span class='ocrx_word' id='word_1_658' title='bbox 997 4592 1106 4662; x_wconf 88' lang='lat' dir='ltr'><strong>pertale</strong></span> <span class='ocrx_word' id='word_1_659' title='bbox 1120 4587 1284 4660; x_wconf 90' lang='lat' dir='ltr'><strong>rogantium</strong></span> <span class='ocrx_word' id='word_1_660' title='bbox 1298 4604 1358 4644; x_wconf 91' lang='lat' dir='ltr'><strong>non</strong></span> <span class='ocrx_word' id='word_1_661' title='bbox 1372 4587 1509 4660; x_wconf 91' lang='lat' dir='ltr'><strong>legitimis</strong></span> <span class='ocrx_word' id='word_1_662' title='bbox 1521 4589 1708 4659; x_wconf 89' lang='lat' dir='ltr'><strong>temporibus</strong></span> <span class='ocrx_word' id='word_1_663' title='bbox 1720 4593 1748 4647; x_wconf 90' lang='lat' dir='ltr'><strong>et</strong></span> <span class='ocrx_word' id='word_1_664' title='bbox 1759 4590 1808 4645; x_wconf 86' lang='lat' dir='ltr'><strong>die</strong></span> 
     </span>
     <span class='ocr_line' id='line_1_48' title="bbox 128 4680 1808 4758; baseline 0.002 -25"><span class='ocrx_word' id='word_1_665' title='bbox 128 4680 231 4749; x_wconf 86' lang='lat' dir='ltr'><strong>venari,</strong></span> <span class='ocrx_word' id='word_1_666' title='bbox 253 4697 312 4736; x_wconf 90' lang='lat' dir='ltr'><strong>non</strong></span> <span class='ocrx_word' id='word_1_667' title='bbox 334 4687 376 4738; x_wconf 91' lang='lat' dir='ltr'><strong>est</strong></span> <span class='ocrx_word' id='word_1_668' title='bbox 399 4683 603 4756; x_wconf 88' lang='lat' dir='ltr'><strong>projiciendus,</strong></span> <span class='ocrx_word' id='word_1_669' title='bbox 624 4687 672 4741; x_wconf 91' lang='lat' dir='ltr'><strong>sed</strong></span> <span class='ocrx_word' id='word_1_670' title='bbox 699 4687 722 4741; x_wconf 92' lang='lat' dir='ltr'><strong>si</strong></span> <span class='ocrx_word' id='word_1_671' title='bbox 744 4685 880 4758; x_wconf 88' lang='lat' dir='ltr'><strong>possibile</strong></span> <span class='ocrx_word' id='word_1_672' title='bbox 904 4690 946 4742; x_wconf 91' lang='lat' dir='ltr'><strong>est</strong></span> <span class='ocrx_word' id='word_1_673' title='bbox 997 4683 1078 4739; x_wconf 91' lang='lat' dir='ltr'><strong>busa</strong></span> <span class='ocrx_word' id='word_1_674' title='bbox 1094 4686 1122 4739; x_wconf 87' lang='lat' dir='ltr'><strong>te</strong></span> <span class='ocrx_word' id='word_1_675' title='bbox 1141 4685 1347 4755; x_wconf 89' lang='lat' dir='ltr'><strong>provenerunt,</strong></span> <span class='ocrx_word' id='word_1_676' title='bbox 1364 4681 1388 4738; x_wconf 89' lang='lat' dir='ltr'><strong>si</strong></span> <span class='ocrx_word' id='word_1_677' title='bbox 1402 4682 1528 4754; x_wconf 92' lang='lat' dir='ltr'><strong>aliquam</strong></span> <span class='ocrx_word' id='word_1_678' title='bbox 1548 4681 1693 4739; x_wconf 87' lang='lat' dir='ltr'><strong>habentes</strong></span> <span class='ocrx_word' id='word_1_679' title='bbox 1716 4701 1749 4742; x_wconf 85' lang='lat' dir='ltr'><strong>ex</strong></span> <span class='ocrx_word' id='word_1_680' title='bbox 1764 4685 1808 4739; x_wconf 83' lang='lat' dir='ltr'><strong>hoc</strong></span> 
     </span>
     <span class='ocr_line' id='line_1_49' title="bbox 128 4772 1808 4848; baseline 0.005 -22"><span class='ocrx_word' id='word_1_681' title='bbox 128 4772 281 4828; x_wconf 89' lang='lat' dir='ltr'><strong>curandus.</strong></span> <span class='ocrx_word' id='word_1_682' title='bbox 296 4777 429 4832; x_wconf 83' lang='lat' dir='ltr'><strong>Attamen</strong></span> <span class='ocrx_word' id='word_1_683' title='bbox 448 4777 477 4832; x_wconf 92' lang='lat' dir='ltr'><strong>in</strong></span> <span class='ocrx_word' id='word_1_684' title='bbox 495 4778 622 4848; x_wconf 87' lang='lat' dir='ltr'><strong>ecclesia,</strong></span> <span class='ocrx_word' id='word_1_685' title='bbox 635 4779 704 4834; x_wconf 94' lang='lat' dir='ltr'><strong>dum</strong></span> <span class='ocrx_word' id='word_1_686' title='bbox 719 4780 754 4835; x_wconf 90' lang='lat' dir='ltr'><strong>ad</strong></span> <span class='ocrx_word' id='word_1_687' title='bbox 767 4781 944 4835; x_wconf 90' lang='lat' dir='ltr'><strong>communio·</strong></span> <span class='ocrx_word' id='word_1_688' title='bbox 997 4776 1185 4833; x_wconf 77' lang='lat' dir='ltr'><strong>offensionem</strong></span> <span class='ocrx_word' id='word_1_689' title='bbox 1205 4776 1365 4846; x_wconf 89' lang='lat' dir='ltr'><strong>insinuasti,</strong></span> <span class='ocrx_word' id='word_1_690' title='bbox 1379 4775 1501 4832; x_wconf 90' lang='lat' dir='ltr'><strong>dicimus</strong></span> <span class='ocrx_word' id='word_1_691' title='bbox 1521 4781 1621 4831; x_wconf 90' lang='lat' dir='ltr'><strong>antem</strong></span> <span class='ocrx_word' id='word_1_692' title='bbox 1639 4777 1704 4846; x_wconf 90' lang='lat' dir='ltr'><strong>tibi,</strong></span> <span class='ocrx_word' id='word_1_693' title='bbox 1718 4778 1808 4843; x_wconf 84' lang='lat' dir='ltr'><strong>irater,</strong></span> 
     </span>
     <span class='ocr_line' id='line_1_50' title="bbox 127 4868 1809 4946; baseline 0.004 -26"><span class='ocrx_word' id='word_1_694' title='bbox 127 4883 196 4921; x_wconf 89' lang='lat' dir='ltr'><strong>nem</strong></span> <span class='ocrx_word' id='word_1_695' title='bbox 229 4868 349 4938; x_wconf 84' lang='lat' dir='ltr'><strong>venerit,</strong></span> <span class='ocrx_word' id='word_1_696' title='bbox 378 4874 444 4942; x_wconf 89' lang='lat' dir='ltr'><strong>post</strong></span> <span class='ocrx_word' id='word_1_697' title='bbox 480 4871 612 4928; x_wconf 89' lang='lat' dir='ltr'><strong>omniurn</strong></span> <span class='ocrx_word' id='word_1_698' title='bbox 651 4873 862 4946; x_wconf 91' lang='lat' dir='ltr'><strong>suppletionem</strong></span> <span class='ocrx_word' id='word_1_699' title='bbox 893 4874 947 4930; x_wconf 88' lang='lat' dir='ltr'><strong>erit</strong></span> <span class='ocrx_word' id='word_1_700' title='bbox 997 4871 1069 4926; x_wconf 88' lang='lat' dir='ltr'><strong>bene</strong></span> <span class='ocrx_word' id='word_1_701' title='bbox 1080 4870 1153 4926; x_wconf 89' lang='lat' dir='ltr'><strong>nosti</strong></span> <span class='ocrx_word' id='word_1_702' title='bbox 1166 4870 1245 4942; x_wconf 91' lang='lat' dir='ltr'><strong>quod</strong></span> <span class='ocrx_word' id='word_1_703' title='bbox 1258 4869 1330 4925; x_wconf 91' lang='lat' dir='ltr'><strong>sacri</strong></span> <span class='ocrx_word' id='word_1_704' title='bbox 1342 4886 1466 4925; x_wconf 90' lang='lat' dir='ltr'><strong>canones</strong></span> <span class='ocrx_word' id='word_1_705' title='bbox 1476 4870 1579 4926; x_wconf 89' lang='lat' dir='ltr'><strong>docent</strong></span> <span class='ocrx_word' id='word_1_706' title='bbox 1592 4871 1668 4944; x_wconf 87' lang='lat' dir='ltr'><strong>aptis</strong></span> <span class='ocrx_word' id='word_1_707' title='bbox 1680 4871 1809 4945; x_wconf 87' lang='lat' dir='ltr'><strong>tempori·</strong></span> 
     </span>
     <span class='ocr_line' id='line_1_51' title="bbox 128 4960 1809 5040; baseline 0.003 -26"><span class='ocrx_word' id='word_1_708' title='bbox 128 4960 310 5032; x_wconf 90' lang='lat' dir='ltr'><strong>ingressurus</strong></span> <span class='ocrx_word' id='word_1_709' title='bbox 319 4963 353 5017; x_wconf 91' lang='lat' dir='ltr'><strong>ad</strong></span> <span class='ocrx_word' id='word_1_710' title='bbox 366 4964 598 5038; x_wconf 89' lang='lat' dir='ltr'><strong>participandum</strong></span> <span class='ocrx_word' id='word_1_711' title='bbox 608 4983 722 5023; x_wconf 88' lang='lat' dir='ltr'><strong>manns.</strong></span> <span class='ocrx_word' id='word_1_712' title='bbox 735 4968 807 5040; x_wconf 84' lang='lat' dir='ltr'><strong>Equi</strong></span> <span class='ocrx_word' id='word_1_713' title='bbox 818 4984 885 5023; x_wconf 89' lang='lat' dir='ltr'><strong>vero</strong></span> <span class='ocrx_word' id='word_1_714' title='bbox 897 4968 946 5040; x_wconf 92' lang='lat' dir='ltr'><strong>qui</strong></span> <span class='ocrx_word' id='word_1_715' title='bbox 996 4965 1049 5020; x_wconf 91' lang='lat' dir='ltr'><strong>bus</strong></span> <span class='ocrx_word' id='word_1_716' title='bbox 1063 4964 1220 5020; x_wconf 82' lang='lat' dir='ltr'><strong>sacerdotes</strong></span> <span class='ocrx_word' id='word_1_717' title='bbox 1232 4963 1418 5020; x_wconf 90' lang='lat' dir='ltr'><strong>ordinandos.</strong></span> <span class='ocrx_word' id='word_1_718' title='bbox 1429 4966 1564 5020; x_wconf 77' lang='lat' dir='ltr'><strong>Attamen</strong></span> <span class='ocrx_word' id='word_1_719' title='bbox 1579 4963 1610 5019; x_wconf 91' lang='lat' dir='ltr'><strong>in</strong></span> <span class='ocrx_word' id='word_1_720' title='bbox 1624 4980 1658 5022; x_wconf 91' lang='lat' dir='ltr'><strong>eo</strong></span> <span class='ocrx_word' id='word_1_721' title='bbox 1672 4965 1752 5038; x_wconf 90' lang='lat' dir='ltr'><strong>quod</strong></span> <span class='ocrx_word' id='word_1_722' title='bbox 1764 4970 1809 5021; x_wconf 88' lang='lat' dir='ltr'><strong>ale</strong></span> 
     </span>
     <span class='ocr_line' id='line_1_52' title="bbox 128 5055 1810 5132; baseline 0.005 -23"><span class='ocrx_word' id='word_1_723' title='bbox 128 5055 246 5126; x_wconf 78' lang='lat' dir='ltr'><strong>prelato</strong></span> <span class='ocrx_word' id='word_1_724' title='bbox 268 5057 372 5113; x_wconf 90' lang='lat' dir='ltr'><strong>morbo</strong></span> <span class='ocrx_word' id='word_1_725' title='bbox 392 5058 500 5114; x_wconf 83' lang='lat' dir='ltr'><strong>inerint</strong></span> <span class='ocrx_word' id='word_1_726' title='bbox 520 5059 707 5132; x_wconf 88' lang='lat' dir='ltr'><strong>coinquinati,</strong></span> <span class='ocrx_word' id='word_1_727' title='bbox 724 5062 747 5117; x_wconf 90' lang='lat' dir='ltr'><strong>si</strong></span> <span class='ocrx_word' id='word_1_728' title='bbox 771 5062 864 5118; x_wconf 89' lang='lat' dir='ltr'><strong>curari</strong></span> <span class='ocrx_word' id='word_1_729' title='bbox 887 5079 946 5118; x_wconf 90' lang='lat' dir='ltr'><strong>non</strong></span> <span class='ocrx_word' id='word_1_730' title='bbox 995 5063 1114 5131; x_wconf 90' lang='lat' dir='ltr'><strong>propter</strong></span> <span class='ocrx_word' id='word_1_731' title='bbox 1126 5059 1218 5114; x_wconf 87' lang='lat' dir='ltr'><strong>zelum</strong></span> <span class='ocrx_word' id='word_1_732' title='bbox 1232 5057 1300 5114; x_wconf 90' lang='lat' dir='ltr'><strong>fidei</strong></span> <span class='ocrx_word' id='word_1_733' title='bbox 1314 5062 1410 5114; x_wconf 92' lang='lat' dir='ltr'><strong>actum</strong></span> <span class='ocrx_word' id='word_1_734' title='bbox 1421 5062 1474 5125; x_wconf 91' lang='lat' dir='ltr'><strong>est,</strong></span> <span class='ocrx_word' id='word_1_735' title='bbox 1486 5075 1503 5113; x_wconf 92' lang='lat' dir='ltr'><strong>a</strong></span> <span class='ocrx_word' id='word_1_736' title='bbox 1515 5058 1640 5114; x_wconf 88' lang='lat' dir='ltr'><strong>Domino</strong></span> <span class='ocrx_word' id='word_1_737' title='bbox 1650 5061 1709 5117; x_wconf 83' lang='lat' dir='ltr'><strong>Deo</strong></span> <span class='ocrx_word' id='word_1_738' title='bbox 1726 5065 1810 5116; x_wconf 72' lang='lat' dir='ltr'><strong>neno</strong></span> 
     </span>
     <span class='ocr_line' id='line_1_53' title="bbox 128 5149 1811 5227; baseline 0.004 -25"><span class='ocrx_word' id='word_1_739' title='bbox 128 5149 282 5220; x_wconf 87' lang='lat' dir='ltr'><strong>valuerint,</strong></span> <span class='ocrx_word' id='word_1_740' title='bbox 299 5150 329 5205; x_wconf 90' lang='lat' dir='ltr'><strong>in</strong></span> <span class='ocrx_word' id='word_1_741' title='bbox 352 5150 447 5223; x_wconf 88' lang='lat' dir='ltr'><strong>puteis</strong></span> <span class='ocrx_word' id='word_1_742' title='bbox 469 5157 497 5208; x_wconf 88' lang='lat' dir='ltr'><strong>et</strong></span> <span class='ocrx_word' id='word_1_743' title='bbox 516 5153 604 5210; x_wconf 84' lang='lat' dir='ltr'><strong>foveis</strong></span> <span class='ocrx_word' id='word_1_744' title='bbox 627 5155 797 5227; x_wconf 90' lang='lat' dir='ltr'><strong>projiciendi</strong></span> <span class='ocrx_word' id='word_1_745' title='bbox 818 5160 894 5224; x_wconf 85' lang='lat' dir='ltr'><strong>sunt,</strong></span> <span class='ocrx_word' id='word_1_746' title='bbox 911 5173 946 5212; x_wconf 90' lang='lat' dir='ltr'><strong>ne</strong></span> <span class='ocrx_word' id='word_1_747' title='bbox 996 5153 1205 5225; x_wconf 87' lang='lat' dir='ltr'><strong>indulgentiam</strong></span> <span class='ocrx_word' id='word_1_748' title='bbox 1219 5152 1407 5225; x_wconf 89' lang='lat' dir='ltr'><strong>postulamus.</strong></span> <span class='ocrx_word' id='word_1_749' title='bbox 1423 5153 1461 5209; x_wconf 82' lang='lat' dir='ltr'><strong>De</strong></span> <span class='ocrx_word' id='word_1_750' title='bbox 1475 5168 1562 5208; x_wconf 90' lang='lat' dir='ltr'><strong>censu</strong></span> <span class='ocrx_word' id='word_1_751' title='bbox 1575 5157 1676 5210; x_wconf 89' lang='lat' dir='ltr'><strong>autem</strong></span> <span class='ocrx_word' id='word_1_752' title='bbox 1690 5155 1811 5211; x_wconf 78' lang='lat' dir='ltr'><strong>ecclesia</strong></span> 
     </span>
     <span class='ocr_line' id='line_1_54' title="bbox 130 5241 1812 5322; baseline 0.004 -24"><span class='ocrx_word' id='word_1_753' title='bbox 130 5241 221 5316; x_wconf 82' lang='lat'><strong>291</strong></span> <span class='ocrx_word' id='word_1_754' title='bbox 234 5244 364 5315; x_wconf 88' lang='lat' dir='ltr'><strong>ejusdem</strong></span> <span class='ocrx_word' id='word_1_755' title='bbox 374 5245 468 5302; x_wconf 92' lang='lat' dir='ltr'><strong>morbi</strong></span> <span class='ocrx_word' id='word_1_756' title='bbox 477 5248 645 5320; x_wconf 88' lang='lat' dir='ltr'><strong>contagione</strong></span> <span class='ocrx_word' id='word_1_757' title='bbox 656 5249 751 5305; x_wconf 76' lang='lat' dir='ltr'><strong>caeteri</strong></span> <span class='ocrx_word' id='word_1_758' title='bbox 762 5249 948 5322; x_wconf 89' lang='lat' dir='ltr'><strong>coinquinen·</strong></span> <span class='ocrx_word' id='word_1_759' title='bbox 997 5264 1072 5317; x_wconf 91' lang='lat' dir='ltr'><strong>rum,</strong></span> <span class='ocrx_word' id='word_1_760' title='bbox 1088 5247 1117 5303; x_wconf 89' lang='lat' dir='ltr'><strong>id</strong></span> <span class='ocrx_word' id='word_1_761' title='bbox 1138 5252 1190 5316; x_wconf 87' lang='lat' dir='ltr'><strong>est,</strong></span> <span class='ocrx_word' id='word_1_762' title='bbox 1206 5246 1330 5303; x_wconf 91' lang='lat' dir='ltr'><strong>solidum</strong></span> <span class='ocrx_word' id='word_1_763' title='bbox 1343 5247 1378 5303; x_wconf 94' lang='lat' dir='ltr'><strong>de</strong></span> <span class='ocrx_word' id='word_1_764' title='bbox 1396 5250 1503 5303; x_wconf 88' lang='lat' dir='ltr'><strong>cassata</strong></span> <span class='ocrx_word' id='word_1_765' title='bbox 1522 5247 1649 5320; x_wconf 90' lang='lat' dir='ltr'><strong>suscipe,</strong></span> <span class='ocrx_word' id='word_1_766' title='bbox 1665 5253 1698 5306; x_wconf 87' lang='lat' dir='ltr'><strong>et</strong></span> <span class='ocrx_word' id='word_1_767' title='bbox 1712 5250 1812 5306; x_wconf 85' lang='lat' dir='ltr'><strong>nullam</strong></span> 
     </span>
     <span class='ocr_line' id='line_1_55' title="bbox 127 5339 1811 5414; baseline 0.003 -22"><span class='ocrx_word' id='word_1_768' title='bbox 127 5343 184 5392; x_wconf 92' lang='lat' dir='ltr'><strong>tur.</strong></span> <span class='ocrx_word' id='word_1_769' title='bbox 201 5340 239 5393; x_wconf 87' lang='lat' dir='ltr'><strong>De</strong></span> <span class='ocrx_word' id='word_1_770' title='bbox 260 5339 433 5396; x_wconf 91' lang='lat' dir='ltr'><strong>animalibus</strong></span> <span class='ocrx_word' id='word_1_771' title='bbox 450 5346 547 5398; x_wconf 91' lang='lat' dir='ltr'><strong>autem</strong></span> <span class='ocrx_word' id='word_1_772' title='bbox 563 5358 629 5414; x_wconf 80' lang='lat' dir='ltr'><strong>qnae</strong></span> <span class='ocrx_word' id='word_1_773' title='bbox 643 5360 660 5398; x_wconf 93' lang='lat' dir='ltr'><strong>a</strong></span> <span class='ocrx_word' id='word_1_774' title='bbox 674 5343 846 5413; x_wconf 84' lang='lat' dir='ltr'><strong>furentibus,</strong></span> <span class='ocrx_word' id='word_1_775' title='bbox 861 5343 890 5399; x_wconf 92' lang='lat' dir='ltr'><strong>id</strong></span> <span class='ocrx_word' id='word_1_776' title='bbox 905 5346 948 5399; x_wconf 88' lang='lat' dir='ltr'><strong>est</strong></span> <span class='ocrx_word' id='word_1_777' title='bbox 996 5341 1103 5397; x_wconf 89' lang='lat' dir='ltr'><strong>habeas</strong></span> <span class='ocrx_word' id='word_1_778' title='bbox 1125 5340 1346 5412; x_wconf 81' lang='lat' dir='ltr'><strong>haesitationem,</strong></span> <span class='ocrx_word' id='word_1_779' title='bbox 1363 5341 1432 5397; x_wconf 91' lang='lat' dir='ltr'><strong>dum</strong></span> <span class='ocrx_word' id='word_1_780' title='bbox 1455 5357 1489 5398; x_wconf 84' lang='lat' dir='ltr'><strong>ex</strong></span> <span class='ocrx_word' id='word_1_781' title='bbox 1505 5358 1540 5397; x_wconf 92' lang='lat' dir='ltr'><strong>oo</strong></span> <span class='ocrx_word' id='word_1_782' title='bbox 1561 5343 1674 5414; x_wconf 85' lang='lat' dir='ltr'><strong>poteris</strong></span> <span class='ocrx_word' id='word_1_783' title='bbox 1695 5344 1811 5401; x_wconf 86' lang='lat' dir='ltr'><strong>eleemo-</strong></span> 
     </span>
     <span class='ocr_line' id='line_1_56' title="bbox 128 5430 1815 5513; baseline 0.004 -29"><span class='ocrx_word' id='word_1_784' title='bbox 128 5430 233 5486; x_wconf 87' lang='lat' dir='ltr'><strong>rabidis</strong></span> <span class='ocrx_word' id='word_1_785' title='bbox 248 5433 324 5505; x_wconf 91' lang='lat' dir='ltr'><strong>lupis</strong></span> <span class='ocrx_word' id='word_1_786' title='bbox 334 5437 362 5489; x_wconf 90' lang='lat' dir='ltr'><strong>et</strong></span> <span class='ocrx_word' id='word_1_787' title='bbox 369 5435 487 5491; x_wconf 89' lang='lat' dir='ltr'><strong>canibus</strong></span> <span class='ocrx_word' id='word_1_788' title='bbox 501 5436 609 5491; x_wconf 90' lang='lat' dir='ltr'><strong>fuerint</strong></span> <span class='ocrx_word' id='word_1_789' title='bbox 620 5436 755 5506; x_wconf 90' lang='lat' dir='ltr'><strong>lacerata,</strong></span> <span class='ocrx_word' id='word_1_790' title='bbox 764 5440 877 5510; x_wconf 89' lang='lat' dir='ltr'><strong>oportet</strong></span> <span class='ocrx_word' id='word_1_791' title='bbox 886 5453 947 5492; x_wconf 87' lang='lat' dir='ltr'><strong>aaa</strong></span> <span class='ocrx_word' id='word_1_792' title='bbox 992 5452 1097 5513; x_wconf 74' lang='lat' dir='ltr'><strong>synam</strong></span> <span class='ocrx_word' id='word_1_793' title='bbox 1120 5434 1257 5500; x_wconf 86' lang='lat' dir='ltr'><strong>tribuere,</strong></span> <span class='ocrx_word' id='word_1_794' title='bbox 1272 5452 1305 5491; x_wconf 89' lang='lat' dir='ltr'><strong>ae</strong></span> <span class='ocrx_word' id='word_1_795' title='bbox 1324 5435 1354 5491; x_wconf 92' lang='lat' dir='ltr'><strong>in</strong></span> <span class='ocrx_word' id='word_1_796' title='bbox 1375 5435 1479 5491; x_wconf 91' lang='lat' dir='ltr'><strong>Christi</strong></span> <span class='ocrx_word' id='word_1_797' title='bbox 1501 5452 1645 5508; x_wconf 87' lang='lat' dir='ltr'><strong>pauperes</strong></span> <span class='ocrx_word' id='word_1_798' title='bbox 1662 5439 1779 5511; x_wconf 79' lang='lat' dir='ltr'><strong>partiri,</strong></span> <span class='ocrx_word' id='word_1_799' title='bbox 1791 5439 1815 5492; x_wconf 91' lang='lat' dir='ltr'><strong>et</strong></span> 
     </span>
     <span class='ocr_line' id='line_1_57' title="bbox 127 5525 1813 5603; baseline 0.006 -25"><span class='ocrx_word' id='word_1_800' title='bbox 127 5525 238 5581; x_wconf 73' lang='lat' dir='ltr'><strong>caeteris</strong></span> <span class='ocrx_word' id='word_1_801' title='bbox 248 5528 618 5600; x_wconf 84' lang='lat' dir='ltr'><strong>separari,neperfurentes</strong></span> <span class='ocrx_word' id='word_1_802' title='bbox 627 5534 656 5585; x_wconf 89' lang='lat' dir='ltr'><strong>ct</strong></span> <span class='ocrx_word' id='word_1_803' title='bbox 665 5530 831 5587; x_wconf 84' lang='lat' dir='ltr'><strong>mordentes</strong></span> <span class='ocrx_word' id='word_1_804' title='bbox 844 5533 947 5587; x_wconf 81' lang='lat' dir='ltr'><strong>caetera</strong></span> <span class='ocrx_word' id='word_1_805' title='bbox 997 5530 1211 5603; x_wconf 87' lang='lat' dir='ltr'><strong>opusperlleere</strong></span> <span class='ocrx_word' id='word_1_806' title='bbox 1220 5545 1366 5585; x_wconf 88' lang='lat' dir='ltr'><strong>sacrarum</strong></span> <span class='ocrx_word' id='word_1_807' title='bbox 1380 5530 1669 5603; x_wconf 83' lang='lat' dir='ltr'><strong>ecclesiarum,jnxta</strong></span> <span class='ocrx_word' id='word_1_808' title='bbox 1679 5547 1813 5590; x_wconf 72' lang='lat' dir='ltr'><strong>monum</strong></span> 
     </span>
     <span class='ocr_line' id='line_1_58' title="bbox 128 5617 1812 5698; baseline 0.006 -26"><span class='ocrx_word' id='word_1_809' title='bbox 128 5617 358 5690; x_wconf 91' lang='lat' dir='ltr'><strong>coinquinentur.</strong></span> <span class='ocrx_word' id='word_1_810' title='bbox 382 5622 466 5688; x_wconf 82' lang='lat' dir='ltr'><strong>Quod</strong></span> <span class='ocrx_word' id='word_1_811' title='bbox 480 5623 503 5678; x_wconf 92' lang='lat' dir='ltr'><strong>si</strong></span> <span class='ocrx_word' id='word_1_812' title='bbox 516 5640 609 5696; x_wconf 90' lang='lat' dir='ltr'><strong>panca</strong></span> <span class='ocrx_word' id='word_1_813' title='bbox 631 5627 706 5692; x_wconf 91' lang='lat' dir='ltr'><strong>snnt,</strong></span> <span class='ocrx_word' id='word_1_814' title='bbox 723 5626 755 5678; x_wconf 92' lang='lat' dir='ltr'><strong>ut</strong></span> <span class='ocrx_word' id='word_1_815' title='bbox 775 5640 860 5696; x_wconf 88' lang='lat' dir='ltr'><strong>snpra</strong></span> <span class='ocrx_word' id='word_1_816' title='bbox 874 5623 945 5679; x_wconf 86' lang='lat' dir='ltr'><strong>dixi·</strong></span> <span class='ocrx_word' id='word_1_817' title='bbox 996 5623 1136 5679; x_wconf 90' lang='lat' dir='ltr'><strong>instituta.</strong></span> <span class='ocrx_word' id='word_1_818' title='bbox 1159 5623 1187 5679; x_wconf 89' lang='lat' dir='ltr'><strong>Si</strong></span> <span class='ocrx_word' id='word_1_819' title='bbox 1210 5640 1282 5696; x_wconf 89' lang='lat' dir='ltr'><strong>qnos</strong></span> <span class='ocrx_word' id='word_1_820' title='bbox 1305 5640 1373 5678; x_wconf 90' lang='lat' dir='ltr'><strong>vero</strong></span> <span class='ocrx_word' id='word_1_821' title='bbox 1396 5623 1588 5695; x_wconf 79' lang='lat' dir='ltr'><strong>presbyteros,</strong></span> <span class='ocrx_word' id='word_1_822' title='bbox 1612 5624 1665 5698; x_wconf 90' lang='lat' dir='ltr'><strong>qni</strong></span> <span class='ocrx_word' id='word_1_823' title='bbox 1686 5626 1724 5684; x_wconf 90' lang='lat' dir='ltr'><strong>de</strong></span> <span class='ocrx_word' id='word_1_824' title='bbox 1744 5624 1812 5682; x_wconf 81' lang='lat' dir='ltr'><strong>iaicis</strong></span> 
     </span>
     <span class='ocr_line' id='line_1_59' title="bbox 130 5714 1811 5790; baseline 0.007 -26"><span class='ocrx_word' id='word_1_825' title='bbox 130 5726 206 5781; x_wconf 90' lang='lat' dir='ltr'><strong>mus,</strong></span> <span class='ocrx_word' id='word_1_826' title='bbox 216 5714 247 5768; x_wconf 88' lang='lat' dir='ltr'><strong>in</strong></span> <span class='ocrx_word' id='word_1_827' title='bbox 257 5714 352 5771; x_wconf 82' lang='lat' dir='ltr'><strong>foveas</strong></span> <span class='ocrx_word' id='word_1_828' title='bbox 364 5716 539 5789; x_wconf 88' lang='lat' dir='ltr'><strong>projicienda</strong></span> <span class='ocrx_word' id='word_1_829' title='bbox 552 5721 630 5774; x_wconf 88' lang='lat' dir='ltr'><strong>sunt.</strong></span> <span class='ocrx_word' id='word_1_830' title='bbox 643 5718 714 5773; x_wconf 87' lang='lat' dir='ltr'><strong>Nam</strong></span> <span class='ocrx_word' id='word_1_831' title='bbox 726 5721 754 5774; x_wconf 89' lang='lat' dir='ltr'><strong>et</strong></span> <span class='ocrx_word' id='word_1_832' title='bbox 768 5717 821 5774; x_wconf 88' lang='lat' dir='ltr'><strong>hoc</strong></span> <span class='ocrx_word' id='word_1_833' title='bbox 832 5716 948 5790; x_wconf 89' lang='lat' dir='ltr'><strong>inquisi-</strong></span> <span class='ocrx_word' id='word_1_834' title='bbox 996 5715 1119 5790; x_wconf 91' lang='lat' dir='ltr'><strong>promoti</strong></span> <span class='ocrx_word' id='word_1_835' title='bbox 1134 5716 1249 5786; x_wconf 87' lang='lat' dir='ltr'><strong>luerint,</strong></span> <span class='ocrx_word' id='word_1_836' title='bbox 1265 5719 1294 5773; x_wconf 93' lang='lat' dir='ltr'><strong>et</strong></span> <span class='ocrx_word' id='word_1_837' title='bbox 1313 5720 1397 5773; x_wconf 91' lang='lat' dir='ltr'><strong>autea</strong></span> <span class='ocrx_word' id='word_1_838' title='bbox 1415 5716 1615 5775; x_wconf 86' lang='lat' dir='ltr'><strong>criminalibus</strong></span> <span class='ocrx_word' id='word_1_839' title='bbox 1627 5720 1722 5777; x_wconf 84' lang='lat' dir='ltr'><strong>oensis</strong></span> <span class='ocrx_word' id='word_1_840' title='bbox 1733 5721 1811 5777; x_wconf 87' lang='lat' dir='ltr'><strong>obro-</strong></span> 
     </span>
     <span class='ocr_line' id='line_1_60' title="bbox 119 5802 1809 5890; baseline 0.009 -33"><span class='ocrx_word' id='word_1_841' title='bbox 119 5802 159 5860; x_wconf 86' lang='lat' dir='ltr'><strong>vr&#39;t</strong></span> <span class='ocrx_word' id='word_1_842' title='bbox 172 5806 339 5868; x_wconf 72' lang='lat' dir='ltr'><strong>fraternitas</strong></span> <span class='ocrx_word' id='word_1_843' title='bbox 356 5816 414 5887; x_wconf 88' lang='lat' dir='ltr'><strong>tua,</strong></span> <span class='ocrx_word' id='word_1_844' title='bbox 429 5812 454 5871; x_wconf 89' lang='lat' dir='ltr'><strong>si</strong></span> <span class='ocrx_word' id='word_1_845' title='bbox 472 5811 557 5872; x_wconf 89' lang='lat' dir='ltr'><strong>liceat</strong></span> <span class='ocrx_word' id='word_1_846' title='bbox 577 5811 807 5874; x_wconf 86' lang='lat' dir='ltr'><strong>sanctimoniales</strong></span> <span class='ocrx_word' id='word_1_847' title='bbox 826 5812 947 5871; x_wconf 77' lang='lat' dir='ltr'><strong>seminas</strong></span> <span class='ocrx_word' id='word_1_848' title='bbox 995 5811 1048 5868; x_wconf 88' lang='lat' dir='ltr'><strong>luti</strong></span> <span class='ocrx_word' id='word_1_849' title='bbox 1064 5811 1189 5868; x_wconf 87' lang='lat' dir='ltr'><strong>celantes</strong></span> <span class='ocrx_word' id='word_1_850' title='bbox 1201 5815 1445 5884; x_wconf 86' lang='lat' dir='ltr'><strong>peccatumsnum</strong></span> <span class='ocrx_word' id='word_1_851' title='bbox 1460 5810 1586 5870; x_wconf 83' lang='lat' dir='ltr'><strong>ordinati</strong></span> <span class='ocrx_word' id='word_1_852' title='bbox 1598 5819 1677 5888; x_wconf 87' lang='lat' dir='ltr'><strong>sunt,</strong></span> <span class='ocrx_word' id='word_1_853' title='bbox 1691 5821 1809 5890; x_wconf 78' lang='lat' dir='ltr'><strong>postero·</strong></span> 
     </span>
    </p>
   </div>
   <div class='ocr_carea' id='block_1_7' title="bbox 0 0 1940 6150">
    <p class='ocr_par' dir='ltr' id='par_1_7' title="bbox 0 0 1940 6150">
     <span class='ocr_line' id='line_1_61' title="bbox 0 0 1940 6150; baseline 0 0"><span class='ocrx_word' id='word_1_854' title='bbox 0 0 1940 6150; x_wconf 95' lang='lat' dir='ltr'><strong> </strong></span> 
     </span>
    </p>
   </div>
  </div>
 </body>
</html>
