3870 6150
56 247 112 298 877
680 240 914 297 uruuet'atttu
933 239 1128 296 deutautto.
1690 248 1741 298 ata

54 351 192 406 virtutem
213 349 303 404 saucii
328 349 449 421 Spiritus
474 353 672 421 consequatur.
690 350 780 415 Quam
800 368 873 421 rem,
886 347 955 434 Ain
965 349 1096 420 eligendo
1107 349 1411 419 sacerdotejudieium,
1421 350 1459 404 ila
1467 349 1742 423 gravisemetipsutu
1791 331 1797 337 ¹

55 446 147 500 frater
174 443 352 511 charissime,
380 443 446 498 ideo
474 443 647 515 generaliter
674 444 709 499 ad
744 446 876 501 omnium
926 442 1013 497 alticit
1029 441 1205 513 damno,qui
1215 443 1250 497 ad
1264 459 1322 497 sues
1334 443 1480 515 dignitatis
1494 444 1646 516 collegium
1658 445 1742 500 subli-

57 542 185 594 restrum
199 538 329 593 volumus
350 537 501 609 pervenire
523 538 664 607 notitiam,
681 555 717 593 ne
732 540 799 594 dum
813 541 877 609 plus
926 533 1742 610 matindignum.217b'ouenimincujusquampersona

52 634 134 704 justo
149 632 287 687 metuitur
301 631 495 687 misericordia
515 632 563 686 ilei
582 633 681 687 salvari
697 633 877 704 cupientibus
927 628 1201 701 praetermittendum
1211 633 1253 684 cst
1262 630 1337 701 quod
1345 630 1481 686 institutis
1489 631 1668 702 generalibus
1678 649 1742 687 con·

57 726 228 796 denegetur.
246 727 315 780 [iata
328 741 406 780 nono
429 725 566 780 Kalendas
583 726 759 796 Novembris,
774 743 874 783 consu·
926 725 1043 791 tinctur,
1050 741 1103 779 nee
1110 722 1254 795 putandus
1264 726 1307 777 est
1317 723 1460 779 honoritle
1470 724 1615 795 legitimus
1622 726 1740 798 quifuc·

56 820 114 876 latu
129 820 260 877 ltartiani
270 818 399 890 Arrgusti.
927 818 1004 873 ritde
1013 817 1243 889 prevaricatione
1251 816 1499 885 collatus,dicente
1507 818 1583 873 enim
1589 819 1739 889 Apostolo:

241 911 315 966 LXV.
327 939 361 950 -
374 909 421 964 Ad
432 911 568 980 episcopos
581 911 693 978 aesca.
927 913 962 966 Ut
983 912 1061 966 iuter
1073 910 1216 967 electionis
1238 910 1398 981 regulas,·is
1414 910 1564 982 episeopus
1583 912 1739 981 ordinetur,

93 1007 150 1060 Leo
163 1004 302 1060 universis
315 1004 456 1076 episcopis
472 1020 524 1075 per
537 1003 660 1059 Africam
674 1005 832 1060 constitutis
847 1005 876 1060 in
926 1023 1011 1078 quem
1027 1025 1040 1057 u
1064 1005 1146 1060 unius
1169 1005 1265 1060 uxoris
1287 1004 1378 1059 virum
1393 1003 1414 1073 (l
1436 1005 1503 1059 Tim.
1519 1021 1558 1072 m,
1572 1008 1597 1074 ²i
1614 1028 1628 1055 »
1644 1006 1740 1072 fuisse,

56 1100 183 1155 Donuno
196 1099 327 1154 salutem.
928 1104 977 1155 aut
991 1116 1052 1155 esse
1071 1099 1241 1154 constiterit.
1261 1099 1330 1153 Tam
1353 1114 1431 1152 sacra
1455 1113 1567 1169 semper
1586 1100 1682 1154 habita
1700 1106 1743 1156 est

92 1197 167 1250 Curn
182 1193 211 1248 in
224 1191 449 1249 ordinationibus
462 1192 640 1246 sacerdotum
653 1191 786 1262 quadam
801 1191 878 1262 apud
927 1194 979 1248 ista
995 1193 1159 1264 preceptio,
1175 1195 1205 1246 ut
1221 1192 1307 1247 eharn
1328 1191 1363 1246 de
1378 1190 1499 1246 muliere
1519 1193 1673 1247 sacerdotis
1692 1193 1742 1248 eli·

54 1305 107 1343 vos
130 1286 227 1342 illicite
249 1289 384 1358 usurpate
406 1285 533 1341 crebrior
554 1285 630 1340 fama
653 1289 791 1352 narraret,
807 1285 878 1341 ratio
929 1287 1015 1359 gaudi
1025 1287 1125 1341 eadem
1140 1286 1315 1357 intelligatur
1325 1284 1460 1340 servanda
1473 1285 1611 1354 conditio,
1623 1303 1659 1340 ne
1669 1286 1742 1341 forts

54 1380 173 1452 pietatis
194 1382 301 1452 exegit,
316 1385 347 1436 ut
363 1397 415 1452 pro
429 1379 617 1435 sollieitudine
634 1395 720 1450 quarn
740 1380 878 1435 universa
928 1381 976 1435 illa
998 1381 1166 1452 priusquam
1191 1380 1219 1434 iu
1241 1378 1457 1433 matrimonium
1479 1379 1541 1450 ejus
1564 1379 1671 1435 veniret
1695 1379 1743 1451 qui

54 1475 191 1530 Ecclesiae
204 1491 238 1529 er
254 1473 350 1528 divina
369 1473 546 1529 institutione
568 1472 765 1544 dependimus,
781 1489 877 1528 remm
927 1475 1011 1529 aliam
1036 1491 1094 1529 non
1129 1472 1276 1528 habuisset
1306 1489 1435 1541 uxorem,
1461 1472 1576 1527 alterius
1597 1473 1649 1527 viri
1670 1477 1744 1529 osset

54 1570 145 1624 tidem
168 1569 347 1624 studeremus
369 1583 536 1638 agnoscere,
557 1567 649 1621 vicem
670 1583 745 1621 curae
772 1571 878 1622 nostrae
928 1572 1046 1640 experta
1067 1567 1246 1639 conjugium.
1267 1566 1334 1631 Quis
1351 1582 1421 1637 ergo
1439 1566 1616 1622 dissimulare
1639 1567 1743 1624 audeat

53 1662 248 1734 proficiscenti
271 1679 287 1716 a
308 1662 389 1716 nobis
410 1660 492 1715 fratri
515 1664 544 1714 et
565 1660 760 1716 consacerdoti
782 1666 878 1717 nostro
928 1662 1003 1734 quod
1025 1662 1054 1716 in
1076 1661 1148 1716 tanti
1178 1660 1344 1714 sacramenti
1377 1663 1560 1732 perpetretur
1588 1660 1744 1732 injuriam?

53 1757 189 1812 Potentio
213 1756 406 1827 injungentes,
430 1755 480 1826 qui
506 1755 664 1810 seeundum
686 1754 790 1825 scripta
813 1731 998 1826 quaeBCum
1014 1755 1080 1810 huic
1098 1770 1205 1825 magno
1223 1753 1445 1825 venerandoque
1465 1754 1603 1824 mysterio
1622 1771 1657 1810 nc
1671 1755 1744 1826 legis

55 1849 222 1921 peripsum
243 1850 278 1903 ad
297 1865 346 1903 vos
366 1848 523 1903 direximus
540 1849 574 1904 de
590 1848 738 1919 episcopis,
754 1865 876 1920 quorum
927 1849 1044 1921 quidem
1067 1853 1172 1904 statuta
1195 1847 1346 1914 defuerint,
1362 1847 1464 1918 quibus
1479 1847 1626 1903 evidenter
1638 1854 1680 1903 est
1693 1850 1741 1904 dc·
1762 1871 1764 1876 ·

53 1943 210 2015 culpabilis
233 1943 378 1998 ferebatur
398 1941 508 2006 electio,
533 1941 608 2012 quod
633 1941 737 1997 veritas
761 1941 879 1998 haberat
927 1943 1050 2012 finitum,
1074 1948 1103 1998 ut
1124 1942 1265 2015 virginem
1286 1940 1415 1995 sacerdos
1435 1940 1554 2013 accipiat
1575 1945 1604 1997 et
1626 1943 1742 1997 alterius

54 2036 228 2108 inquireret,
240 2035 377 2108 nobisque
390 2036 487 2090 omnia
498 2035 622 2090 fideliter
636 2035 784 2090 indicaret.
797 2036 878 2092 Unde
928 2043 1021 2093 torum
1033 2036 1142 2092 neseiat
1156 2034 1286 2107 conjugis
1299 2050 1363 2106 quse
1379 2050 1449 2089 uror
1463 2039 1503 2090 ost
1516 2035 1613 2089 futura
1624 2036 1741 2107 pontifi·

54 2131 128 2202 quia
151 2129 228 2185 idem
251 2129 412 2201 plenissime
440 2128 549 2184 notitiae
577 2132 682 2183 nostrae
706 2134 807 2184 cuneta
831 2144 876 2184 re·
928 2132 989 2186 cist
1012 2133 1075 2187 lain
1099 2135 1168 2185 tunc
1191 2130 1269 2185 enim
1293 2130 1323 2184 in
1346 2128 1540 2185 sacerdotibus
1567 2130 1743 2200 figurabatur

54 2224 175 2292 seravit,
188 2229 216 2280 et
230 2223 282 2278 suh
296 2223 398 2295 quibus
415 2223 602 2294 qualibusque
625 2222 783 2277 rectoribus
797 2239 877 2295 quae·
929 2225 1031 2280 Christi
1042 2230 1071 2281 et
1082 2225 1212 2281 Ecclesiae
1220 2225 1365 2296 spirituale
1375 2223 1554 2295 conjugium,
1565 2229 1597 2278 ut
1605 2223 1741 2295 quoniam

55 2317 129 2374 dam
142 2317 244 2373 Christi
257 2317 355 2388 plebes
369 2316 399 2371 in
414 2316 543 2388 partibus
555 2316 706 2388 provincias
722 2316 876 2373 Caesarien-
928 2320 971 2374 vir
991 2322 1078 2390 caput
1104 2323 1147 2373 est
1178 2318 1315 2385 mulieris,
1340 2318 1427 2372 discat
1456 2334 1556 2389 sponsa
1581 2318 1664 2372 Verbi
1686 2335 1744 2373 nou

55 2412 98 2467 sis
129 2411 277 2478 habeatur,
308 2411 420 2465 sincera
452 2411 532 2465 nohis
565 2411 703 2465 relatione
736 2411 876 2482 patefecit,
929 2414 1018 2469 alium
1032 2413 1123 2467 virum
1144 2430 1227 2468 nosse
1248 2412 1401 2478 Christum,
1417 2411 1541 2483 qnieam
1558 2428 1744 2484 enumquam

55 2505 251 2561 necessarium
272 2505 327 2559 fuit
339 2510 372 2560 ut
386 2504 513 2560 dolorem
535 2504 628 2559 cordis
644 2504 733 2559 nostri
753 2522 809 2576 quo
827 2522 878 2576 pro
929 2508 1007 2577 legit,
1024 2523 1112 2561 unam
1126 2505 1229 2577 diligit,
1245 2510 1273 2561 ct
1284 2505 1371 2560 aliam
1386 2508 1492 2576 praeter
1504 2506 1595 2576 ipsam
1610 2522 1662 2560 suo
1676 2522 1743 2561 cou-

56 2599 273 2655 llomiuicorum
286 2614 408 2671 gregum
429 2599 562 2669 periculis
578 2603 740 2667 aestuamus,
755 2598 827 2653 datis
841 2598 877 2654 ad
928 2601 1014 2656 sortio
1032 2617 1088 2655 non
1113 2600 1255 2672 adjungit.
1272 2600 1301 2655 Si
1319 2615 1387 2671 ergo
1400 2599 1487 2654 etiam
1500 2599 1530 2653 in
1543 2599 1636 2654 Veteri
1648 2601 1742 2655 Testo-

55 2710 108 2750 vos
124 2692 226 2747 litteris
240 2708 445 2762 promeremus.
467 2692 601 2747 Mirantes
615 2697 730 2747 tantum
742 2693 817 2765 apud
831 2709 878 2748 vos
929 2699 1026 2750 mento
1040 2696 1101 2749 hoec
1120 2693 1338 2749 sacerdotalium
1361 2692 1561 2764 conjugiorum
1576 2693 1669 2748 foruna
1683 2711 1743 2748 ser-

58 2804 111 2859 per
123 2787 300 2841 occasionem
315 2785 453 2859 temporis
476 2786 610 2857 impacati
627 2790 676 2841 aut
690 2787 878 2842 ambientium
929 2792 993 2844 vata
1009 2793 1062 2856 est,
1076 2792 1183 2859 quanto
1197 2786 1290 2854 magis
1302 2785 1354 2840 sub
1368 2785 1492 2841 revelata
1501 2785 1563 2856 jam
1579 2787 1670 2858 gratia
1680 2803 1745 2842 cou-

57 2881 385 2953 praesumptionemmut
395 2881 552 2934 tumultum
565 2879 685 2934 valuisse
696 2881 876 2952 popularem,
930 2883 1018 2937 stituti
1044 2881 1204 2953 apostolicis
1232 2880 1369 2935 debemus
1397 2879 1500 2934 servire
1531 2881 1690 2952 praeceptis,
1714 2883 1744 2936 ut

58 2978 91 3030 ut
110 2974 240 3045 indignis
259 2973 429 3044 quibusque,
446 2976 475 3028 et
496 2973 582 3045 longe
604 2980 683 3029 extra
705 2975 878 3030 sacerdotale
929 2974 1213 3048 quomodolihctquis
1221 2973 1303 3030 bonis
1311 2973 1439 3028 moribus
1449 2973 1597 3044 praeditus,
1606 2977 1635 3028 et
1644 2974 1745 3030 sanetis

58 3068 198 3123 meritum
216 3067 375 3122 constitutis
394 3068 535 3138 pastorale
558 3067 715 3139 fastigium,
730 3072 759 3123 et
773 3068 876 3139 guber·
889 3099 916 3173 C
929 3069 1062 3141 operibus
1075 3069 1236 3123 inveniatur
1250 3073 1375 3135 ornatus,
1392 3083 1572 3138 naquaquam
1587 3071 1684 3122 tamen
1702 3070 1745 3124 vel
1848 3096 1851 3100 ¹

57 3161 141 3216 natio
162 3160 289 3216 Ecclesia
312 3161 486 3216 crederetur.
508 3162 569 3214 lion
593 3166 635 3216 est
656 3161 709 3215 hoc
730 3162 877 3216 consulere
929 3163 964 3218 ad
986 3163 1109 3218 diaconii
1132 3162 1262 3232 gradum,
1277 3162 1319 3215 rel
1340 3161 1377 3215 ad
1402 3161 1571 3232 presbyterii
1591 3162 1743 3230 honorem,

57 3255 186 3327 populis,
200 3254 249 3309 sed
262 3271 376 3324 nocere,
391 3271 442 3310 nee
455 3258 589 3325 praestare
604 3254 745 3326 regimen,
760 3255 810 3310 sed
826 3272 875 3310 au·
928 3258 969 3311 rel
980 3258 1014 3311 ad
1031 3257 1209 3327 episcopatus
1232 3255 1346 3309 culmen
1370 3254 1516 3322 ascendat,
1532 3255 1555 3309 si
1578 3260 1628 3310 aut
1649 3256 1745 3328 ipsum

57 3366 130 3420 gere
143 3348 307 3404 discrimen.
319 3347 471 3420 integritas
485 3349 564 3402 enim
577 3349 878 3419 praesidentimnsalus
929 3368 987 3406 non
1001 3349 1084 3405 unius
1099 3349 1194 3403 uxoris
1204 3349 1306 3417 virum,
1317 3352 1366 3402 aut
1381 3365 1499 3403 uxorem
1514 3349 1575 3418 ejus
1590 3365 1648 3405 non
1662 3350 1744 3404 utrius

57 3448 101 3498 est
124 3442 303 3498 subditomm
322 3444 349 3498 et
366 3442 413 3496 ubi
434 3445 476 3497 cst
497 3441 679 3497 incolumitas
698 3443 876 3510 obedientie,
928 3445 979 3498 viri
993 3444 1076 3498 fuisse
1098 3441 1242 3510 claruerit,
1260 3446 1394 3496 mouente
1416 3457 1482 3495 vero
1502 3443 1636 3512 apostolo
1659 3448 1743 3514 atque

57 3536 99 3590 ibi
123 3552 192 3590 sana
214 3540 257 3590 est
280 3537 373 3590 forma
402 3535 548 3590 doctrinae.
575 3534 751 3606 Principatus
781 3542 877 3592 autem
927 3538 1057 3593 dicente:
1071 3559 1085 3587 ιι
1096 3539 1130 3593 Et
1142 3536 1173 3590 hi
1186 3540 1236 3591 aut
1247 3535 1407 3606 probentur
1421 3534 1559 3605 primurn,
1570 3537 1600 3590 et
1613 3536 1653 3591 sic
1662 3535 1744 3592 mini·

56 3646 149 3702 quem
172 3633 223 3684 aut
242 3629 344 3684 seditio
365 3629 492 3697 extorsit,
506 3634 556 3684 aut
579 3629 702 3684 ambitus
721 3631 876 3701 occupavit,
928 3633 1019 3687 strent
1034 3631 1058 3698 (f
1075 3633 1143 3685 Tiar.
1158 3646 1198 3700 ru,
1215 3630 1267 3700 lb).
1284 3652 1297 3679 o

57 3725 149 3778 etiam
161 3723 183 3777 si
201 3723 330 3778 moribus
345 3726 431 3794 atque
448 3723 556 3778 actibus
569 3739 627 3777 non
645 3723 774 3791 offendit,
790 3724 878 3795 ipsius
963 3724 1033 3793 Quid
1047 3724 1125 3779 aliud
1140 3723 1360 3795 intelligendum
1383 3727 1526 3794 putemus,
1539 3724 1596 3778 nisi
1611 3725 1685 3779 utin
1700 3725 1745 3780 his

55 3822 160 3873 tamen
179 3817 253 3872 initii
271 3817 315 3872 sui
338 3821 381 3872 est
405 3816 577 3887 perniciosus
602 3819 743 3888 exemplo,
760 3822 789 3873 et
801 3818 876 3872 diffi·
928 3818 1157 3891 provectionibus
1165 3817 1318 3872 nonsolum
1330 3817 1575 3873 matrimoniorum
1583 3818 1743 3890 privilegia,

56 3911 112 3966 cite
126 3916 178 3979 est,
192 3916 224 3965 ut
238 3911 312 3966 bono
335 3914 512 3981 peragantur
528 3911 617 3979 exitu,
634 3927 699 3982 quae
718 3912 793 3967 malo
814 3918 879 3969 suut
929 3914 1086 3968 sedetiam
1114 3912 1244 3967 laborum
1272 3911 1373 3966 merita
1400 3911 1568 3983 cogitemus,
1589 3928 1624 3967 ne
1651 3917 1701 3967 aut
1728 3929 1756 3967 a·

58 4006 192 4060 inchoata
213 4003 362 4074 principio.
385 4004 466 4069 Quod
482 4004 504 4058 si
520 4004 549 4058 in
563 4004 735 4075 quibuslibet
749 4007 879 4062 Ecclesiae
929 4007 1070 4079 baptismo
1085 4005 1213 4074 rudibus,
1227 4008 1277 4060 aru
1288 4022 1305 4059 a
1318 4005 1445 4060 seculari
1467 4011 1530 4061 actu
1546 4010 1663 4077 repente
1675 4023 1744 4061 con·

59 4097 200 4171 gradibus
214 4098 399 4169 providenter
411 4097 589 4170 scienterque
608 4098 767 4154 curandum
782 4104 833 4169 est,
847 4107 880 4156 ut
929 4101 1015 4156 versis
1030 4100 1157 4156 officium
1175 4101 1315 4170 pastorale
1336 4099 1478 4167 credatur,
1492 4116 1558 4154 cum
1571 4100 1664 4154 omnis
1679 4117 1744 4172 gra-

58 4192 89 4247 in
119 4191 230 4246 Domini
258 4191 343 4246 donro
365 4191 436 4245 nihil
459 4191 495 4246 sit
521 4191 727 4261 inordinatum,
750 4193 879 4266 nihilque
930 4194 1107 4250 dusmilitiae
1121 4193 1286 4248 Christianae
1305 4193 1338 4248 de
1358 4193 1540 4248 incrementis
1563 4194 1742 4266 profectuum

58 4287 396 4358 praeposterrim,quanto
410 4284 786 4356 magiselaborandumest,
805 4288 879 4343 utin
930 4289 1031 4343 debeat
1050 4286 1193 4354 aestimari,
1209 4304 1246 4341 an
1261 4285 1370 4357 possint
1385 4287 1521 4357 cuiquam
1542 4287 1649 4357 maj0ra
1668 4303 1743 4342 com·

57 4379 198 4434 electione
212 4379 273 4448 ejus
286 4379 336 4450 qui
349 4396 434 4450 super
448 4395 548 4433 omnes
562 4378 668 4449 gradus
687 4380 878 4451 constituitur,
930 4381 1027 4436 mitti?
1041 4382 1140 4436 Merito
1159 4384 1323 4436 sanctorum
1344 4382 1460 4436 Patrunr
1481 4381 1657 4435 venerabiles
1680 4397 1743 4435 san-

57 4473 265 4528 uonerretur‘?
281 4475 352 4528 Nem
375 4472 461 4526 totius
483 4472 597 4527 familiae
622 4473 833 4528 Doministatus
849 4469 1034 4541 etDctiones
1052 4491 1117 4528 cum
1137 4475 1172 4528 de
1196 4473 1377 4529 sacerdotum
1401 4473 1538 4528 electione
1560 4475 1747 4544 loquerentur
1843 4489 1846 4493 ’

56 4566 132 4621 ordo
145 4565 264 4634 nutabit,
282 4566 305 4619 si
319 4566 396 4637 quod
409 4565 538 4637 sequitur
553 4567 582 4620 in
598 4582 715 4637 corpore
729 4582 786 4622 non
798 4568 876 4623 inve·
929 4585 976 4623 eos
993 4567 1110 4622 demum
1125 4568 1243 4622 idoneos
1260 4567 1347 4621 sacris
1367 4566 1663 4621 administrationibus
1677 4583 1744 4621 cen·

58 4660 159 4715 niatur
174 4660 203 4714 in
225 4660 327 4731 eapite.
352 4660 402 4716 Cbi
426 4665 469 4714 est
489 4661 564 4714 beati
587 4661 665 4715 Pauli
687 4660 806 4732 aposmli
827 4679 879 4733 per
929 4678 1020 4730 sucre,
1044 4677 1167 4732 quorum
1193 4660 1287 4714 omrris
1312 4663 1379 4714 oetas
1400 4676 1416 4713 a
1439 4659 1595 4730 puerilibus
1622 4659 1746 4715 exordiis

58 4753 193 4825 spiritum
217 4754 264 4807 Dei
288 4753 391 4808 emissa
422 4754 582 4824 preceptio,
609 4754 676 4824 quia
702 4754 730 4808 in
756 4772 879 4828 persona
929 4771 1018 4827 usque
1032 4755 1067 4810 ad
1078 4753 1269 4826 provectiores
1282 4770 1370 4807 annos
1385 4769 1436 4824 per
1448 4752 1603 4823 disciplina
1614 4755 1744 4810 ecclesia-

56 4846 204 4902 Tinrothei
235 4847 365 4901 omnium
396 4848 575 4903 sacerdotum
609 4847 712 4903 Christi
744 4865 879 4904 numerus
929 4850 1005 4904 stica
1031 4848 1171 4919 stipendia
1195 4847 1374 4915 cucurrisset,
1391 4850 1423 4901 ut
1443 4846 1597 4919 uuicuique
1617 4848 1745 4904 testimo·

59 4940 201 5006 erarditur,
227 4945 256 4995 ct
278 4940 398 5011 perinde
422 4941 576 5012 unicuique
598 4945 729 4996 nostrum
751 4941 877 4997 dicitur:
929 4944 1009 4997 nium
1031 4942 1110 5014 prior
1124 4942 1180 4996 vita
1201 4940 1352 5012 praebcret,
1369 4956 1420 4995 uec
1434 4945 1528 5012 posset
1547 4941 1583 4995 de
1598 4942 1659 5013 eJus
1678 4960 1744 5014 pro·

60 5060 73 5081 «
89 5035 189 5088 Manus
203 5035 258 5088 cito
273 5034 379 5088 nemini
390 5035 570 5105 imposueris,
583 5052 675 5106 neque
688 5036 880 5091 communica·
930 5036 1057 5091 vectione
1085 5034 1220 5102 dubitari,
1240 5035 1285 5089 cui
1314 5051 1365 5106 pro
1394 5034 1540 5089 laboribus
1566 5037 1672 5105 multis,
1692 5053 1745 5108 pro

60 5128 136 5183 teris
160 5128 283 5198 peccatis
309 5128 430 5183 alienis?
445 5151 458 5177 »
482 5131 505 5197 (l
527 5131 598 5184 Tim.
622 5147 646 5195 v,
669 5131 723 5199 Ὦ.)
742 5129 814 5194 Quid
838 5135 881 5185 est
930 5129 1058 5184 moribus
1079 5129 1172 5198 castis,
1194 5146 1245 5200 pro
1267 5128 1377 5183 actibus
1403 5128 1526 5183 strenuis
1548 5129 1670 5185 celsioris
1691 5129 1745 5183 lori

59 5222 120 5276 cito
133 5237 236 5275 manus
248 5222 406 5293 imponere,
420 5222 475 5277 nisi
491 5225 557 5277 ante
572 5227 683 5280 etatem
699 5223 879 5290 maturitatis,
930 5222 1083 5295 proemium
1107 5222 1268 5278 deberetur.
1285 5222 1315 5278 Si
1334 5221 1411 5278 enim
1434 5223 1469 5278 ad
1491 5224 1630 5278 honorem
1646 5222 1745 5277 mundi

58 5320 127 5370 ante
143 5318 256 5385 tempus
277 5316 428 5384 examinis,
445 5319 510 5370 ante
530 5318 664 5372 meritum
688 5317 799 5386 laboris,
813 5322 880 5373 ante
930 5315 1745 5388 siuesuflragiotemporis,siuemeritolaborisindigunm

58 5408 268 5480 experientiam
282 5408 451 5480 disciplina,
466 5409 672 5465 sacerdotalem
682 5411 823 5465 honorem
833 5411 882 5465 tri·
931 5417 972 5466 est
986 5411 1145 5482 pervenire,
1162 5415 1191 5465 et
1204 5410 1298 5466 notari
1312 5411 1439 5466 ambitus
1452 5410 1553 5475 solent,
1567 5425 1638 5479 quos
1652 5408 1746 5479 probi·

59 5503 151 5557 huere
165 5518 222 5556 nou
239 5501 382 5573 probatis?
394 5506 424 5557 et
438 5504 507 5574 quid
529 5507 571 5557 est
592 5504 801 5559 communicare
816 5521 879 5576 pec·
933 5505 998 5559 tatis
1019 5505 1189 5560 documenta
1212 5521 1271 5560 non
1298 5505 1442 5576 adjuvant,
1463 5518 1551 5574 quam
1571 5501 1702 5574 diligens,
1717 5508 1747 5559 et

57 5594 131 5651 catis
157 5594 269 5662 alienis,
290 5595 346 5650 nisi
371 5596 458 5651 talem
484 5597 557 5652 ellici
585 5596 765 5651 ordinantem
789 5597 881 5668 qualis
933 5614 1019 5669 quam
1037 5599 1161 5670 prudens
1182 5598 1313 5654 habenda
1335 5600 1378 5652 est
1400 5595 1569 5667 dispensatio
1585 5595 1744 5652 divinorum

58 5690 109 5743 ille
125 5689 233 5760 estqui
248 5705 307 5743 non
329 5690 434 5744 meruit
455 5690 604 5744 ordinari?
623 5689 702 5744 Sicut
722 5690 800 5745 euim
814 5690 881 5745 boni
932 5708 1097 5755 munerum,
1116 5697 1144 5747 et
1165 5692 1319 5747 coelestium
1341 5689 1522 5760 dignitatum,
1542 5706 1579 5744 ne
1601 5689 1629 5744 in
1651 5690 1745 5761 aliquo

59 5783 157 5857 operis
172 5782 225 5836 sihi
246 5782 607 5856 comparatf1·uctnm,qui
629 5787 739 5839 rectum
761 5787 882 5840 sectatur
934 5786 1102 5858 apostolica,
1126 5791 1154 5842 et
1175 5785 1314 5843 canonica
1338 5783 1456 5841 decreta
1473 5782 1639 5849 sistentur,
1657 5786 1692 5835 et
1707 5784 1767 5837 ‘aas
