3870 6150
57 262 127 314 1061
661 252 896 312 tacueramus!
916 252 1111 309 euniberto.
1681 258 1747 312 1331

54 365 165 438 quibus
177 363 350 418 invocabunt
361 368 401 417 tc.
421 364 460 416 'l'n
480 363 557 416 erum
569 363 705 435 separasti
719 378 767 418 eos
782 362 831 416 tibi
847 363 877 415 in
889 361 1030 447 Adivinis
1045 360 1176 432 precibus
1199 379 1215 415 a
1233 361 1415 433 pontificibus
1430 362 1529 418 dicatis
1550 364 1622 418 etin
1640 366 1747 420 mensis

54 458 259 515 haereditatem
273 456 309 511 de
324 455 461 512 universis
472 455 585 527 populis
600 460 694 524 terrae,
711 456 784 510 sient
797 455 877 511 locu·
930 454 1050 509 Domino
1063 455 1189 523 sacratis,
1204 460 1231 510 et
1243 471 1323 510 sacra
1334 457 1468 511 unctione
1479 474 1495 510 a
1508 458 1688 529 pontificibus
1697 459 1744 513 de·

56 559 105 610 tus
121 567 152 608 es
164 567 216 623 per
229 551 353 622 lloysen,
372 566 485 605 servum
505 553 599 618 tuum,
621 549 736 621 quando
757 548 880 604 eduxisti
930 548 1025 604 libutis
1038 564 1090 620 pro
1104 564 1215 603 summa
1234 549 1275 617 (nt
1292 550 1440 621 praefixum
1464 552 1515 621 est)
1527 551 1703 619 necessitate,
1719 555 1747 607 et

56 651 158 719 patres
181 650 294 700 nostros
318 643 353 699 de
374 649 450 699 terra
461 642 584 716 AEgppti,
599 643 810 699 bominebeus.
827 641 879 696 ra·
930 657 987 697 non
1000 634 1148 713 pro‘libito
1162 641 1329 714 cujusquam
1342 649 1370 698 et
1383 642 1498 715 pigritia
1521 649 1633 715 agatur.
1655 645 1747 701 Satius

55 744 141 796 ctum
161 744 203 795 eet
225 743 332 805 antem,
356 754 423 793 cum
444 737 614 808 complesset
632 737 777 804 Salomon,
794 751 880 791 orans
930 751 998 807 ergo
1012 740 1055 790 est
1067 735 1186 790 missam
1199 750 1256 790 non
1269 738 1393 803 cantare,
1408 740 1526 792 autnon
1537 737 1646 807 audire,
1658 755 1745 810 quain

54 834 212 890 Dominum
231 832 390 887 orationem
409 836 439 886 et
456 831 687 902 deprecationem
709 832 797 898 hanc,
817 846 878 885 snr—
930 829 960 884 in
970 829 1026 885 illis
1035 828 1104 884 locis
1115 829 1163 883 nbi
1174 828 1236 883 lieri
1246 846 1304 885 non
1312 835 1433 902 oportet,
1441 830 1494 885 nisi
1506 834 1547 902 tut
1554 848 1629 904 saepe
1638 833 1746 887 dictum

55 928 135 984 rexit
152 927 188 982 de
206 928 359 996 conspeetu
378 924 474 980 altaris
489 924 610 979 Domini.
627 926 785 996 Utrumque
803 923 880 979 enim
930 927 981 994 est)
991 938 1044 995 pro
1059 939 1171 978 summa
1183 923 1333 996 contingat
1349 925 1526 993 necessitate,
1546 926 1682 998 quoniam
1694 944 1745 982 ne-

56 1039 138 1094 genu
152 1021 182 1075 in
195 1025 273 1075 terra
287 1018 401 1088 fixerat,
417 1024 446 1073 et
461 1034 565 1073 manus
581 1018 757 1090 expanderat
771 1018 807 1073 ad
822 1034 878 1072 coe·
930 1017 1044 1072 cessitas
1055 1034 1113 1072 non
1124 1017 1327 1090 habetlegem.
1340 1018 1418 1073 Unde
1429 1019 1567 1090 scriptum
1578 1024 1637 1075 est:
1653 1042 1667 1070 «
1679 1021 1746 1076 Vide

55 1117 131 1170 lum.
156 1115 238 1171 Stetit
260 1129 329 1185 ergo
349 1118 378 1168 et
396 1112 540 1168 benedixit
561 1113 641 1167 omni
654 1113 782 1167 Ecclesiae
796 1112 879 1167 lsrael
931 1127 966 1166 ne
979 1110 1080 1166 offeras
1094 1111 1255 1167 holocausta
1265 1115 1315 1166 tua
1325 1112 1354 1166 in
1367 1111 1446 1167 omni
1459 1111 1520 1167 loco
1535 1129 1621 1184 quem
1631 1114 1744 1182 videris,

56 1226 130 1264 voce
142 1223 249 1280 magna
264 1207 361 1263 dicens
374 1225 382 1262 z
398 1206 566 1261 Benedictus
579 1206 726 1274 Dominus,
737 1205 788 1279 qui
801 1205 880 1261 dedit
930 1205 980 1260 sed
992 1205 1022 1260 in
1034 1206 1094 1260 loco
1108 1222 1195 1277 quem
1211 1206 1331 1276 elegerit
1343 1205 1478 1261 Dominus
1493 1208 1567 1261 Dens
1581 1209 1745 1277 1333111331.

56 1302 189 1376 requiem
200 1301 308 1374 populo
321 1317 374 1356 suo
387 1300 484 1369 lsrael,
492 1300 574 1371 juxta
584 1300 683 1355 omnia
693 1317 758 1372 quae
769 1300 880 1356 locutus
930 1316 979 1366 xn,
995 1299 1047 1369 13).
1064 1322 1078 1348 o
1099 1300 1134 1353 Et
1148 1299 1178 1353 in
1196 1299 1290 1354 Exodo
1303 1300 1428 1370 legitur:
1449 1321 1463 1350 a
1478 1301 1531 1354 Vos
1546 1301 1664 1370 vidistis,
1679 1303 1747 1373 quia

55 1402 115 1464 est;
133 1413 191 1452 non
205 1395 307 1451 cecidit
320 1411 356 1450 ue
369 1411 443 1450 nnus
457 1394 574 1466 quidem
587 1410 680 1449 sermo
694 1394 724 1448 in
746 1393 880 1449 omnibns
930 1392 965 1447 de
979 1392 1047 1448 coslo
1062 1394 1173 1448 locutus
1186 1409 1249 1447 sum
1266 1393 1353 1447 vobis.
1365 1394 1425 1447 Non
1439 1393 1548 1449 iacietis
1561 1394 1631 1449 deos
1643 1411 1745 1467 argen-

56 1507 128 1563 quae
142 1491 252 1545 locutus
270 1491 314 1544 est
331 1505 383 1561 per
399 1490 512 1560 Moysen
529 1504 642 1543 servum
658 1505 751 1543 enum.
770 1489 811 1544 Sit
823 1489 877 1543 Do·
931 1489 999 1555 teos,
1014 1502 1065 1541 nee
1084 1487 1152 1541 deos
1174 1502 1277 1541 aureos
1290 1486 1398 1541 facietis
1411 1487 1498 1542 vobis.
1514 1488 1608 1543 altare
1623 1489 1658 1544 de
1671 1495 1746 1544 tarra

56 1582 618 1655 minnslleusnobiscum,sicutluitcnm
626 1582 753 1654 patribus
762 1581 879 1648 nostris,
930 1580 1038 1635 iacietis
1056 1580 1139 1648 mihi,
1159 1584 1187 1634 et
1207 1580 1331 1635 offeretis
1349 1597 1435 1652 snper
1453 1581 1521 1635 illud
1537 1582 1702 1639 holocausta
1717 1587 1747 1639 et

59 1695 121 1734 non
135 1677 337 1749 derelinquens
349 1693 402 1732 nos
416 1693 509 1749 neque
524 1676 686 1748 projiciens,
701 1675 750 1731 scd
763 1675 880 1731 inclinet
930 1672 1046 1744 pacifica
1064 1677 1166 1728 vestra.
1191 1673 1263 1729 Oves
1279 1677 1385 1729 vestras
1399 1679 1427 1729 et
1440 1674 1524 1729 boves
1537 1674 1567 1729 in
1580 1677 1659 1731 omni
1673 1677 1744 1745 loco,

59 1770 152 1827 corda
172 1774 268 1825 nostra
289 1770 325 1825 ad
338 1786 378 1838 se,
394 1774 425 1824 nt
436 1769 616 1824 ambulemus
631 1769 662 1824 in
676 1769 814 1824 universis
828 1752 917 1825 viisB
929 1766 958 1821 in
983 1783 1039 1838 quo
1067 1767 1205 1822 memoria
1231 1767 1318 1823 fuerit
1341 1768 1466 1823 nominis
1493 1769 1549 1823 mei
1576 1770 1672 1839 (Erod.
1697 1789 1743 1841 xx,

54 1865 136 1935 eius,
150 1869 180 1919 et
189 1863 382 1919 custodiamus
391 1860 526 1917 mandata
536 1862 597 1932 ejus
614 1867 643 1917 et
654 1861 840 1918 caeremonias
851 1867 879 1917 et
929 1861 1029 1933 22-24).
1048 1880 1062 1913 »
1079 1862 1113 1915 et
1125 1861 1198 1916 sicut
1213 1877 1270 1916 non
1285 1861 1331 1915 alii
1347 1878 1435 1933 qnam
1449 1862 1550 1916 sacrati
1565 1864 1685 1919 Domino
1699 1883 1743 1920 sa-

47 1957 166 2030 judicia
176 1972 354 2030 quaecunque
365 1955 511 2011 mandavit
521 1954 651 2025 patribus
660 1956 775 2024 nostris,
785 1960 814 2011 et
822 1955 879 2011 sint
929 1953 1058 2010 cerdotes
1069 1954 1173 2010 debent
1181 1955 1281 2010 3313333
1288 1958 1413 2022 cantare,
1426 1973 1478 2011 nec
1486 1956 1622 2012 sacrificia
1630 1959 1742 2027 otlerre,

52 2068 206 2108 sermones
220 2051 279 2106 mei
291 2051 338 2106 isti
351 2050 453 2122 quibus
466 2048 631 2121 deprecatus
641 2065 705 2105 snm
715 2066 811 2105 coram
825 2050 879 2105 Do
928 2048 967 2103 sic
990 2065 1042 2104 nec
1066 2049 1097 2104 in
1119 2048 1183 2103 aliis
1201 2066 1288 2121 qnam
1310 2049 1339 2104 in
1355 2050 1478 2121 praefatis
1492 2051 1613 2107 bomine
1627 2055 1744 2109 sacratis

52 2146 139 2201 mino
158 2145 421 2218 appropinquantes
441 2145 560 2200 Domino
584 2144 641 2200 Deo
665 2147 761 2200 nostro
781 2145 827 2200 die
846 2161 878 2199 ac
928 2142 995 2197 locis
1008 2142 1108 2198 missas
1121 2147 1248 2212 cantare,
1262 2146 1312 2199 aut
1324 2144 1459 2199 sacrificia
1478 2144 1581 2200 offerre
1595 2146 1700 2203 licebit.
1716 2149 1743 2204 Si

52 2244 151 2308 nocte,
173 2245 203 2295 nt
225 2239 311 2294 faciat
330 2238 472 2310 judicium
493 2255 573 2293 servo
596 2255 647 2294 sno
663 2241 692 2293 et
706 2238 813 2311 populo
826 2253 877 2294 suo
927 2241 1024 2292 autem
1046 2237 1201 2309 allegitur
1225 2237 1254 2291 in
1278 2237 1396 2293 concilio
1410 2239 1583 2309 laodicensi,
1606 2257 1669 2313 cap.
1697 2246 1742 2308 26,

53 2332 340 2405 lsraelpersingulos
351 2331 876 2404 (11333133133133133333331113333,
928 2330 1006 2402 quod
1025 2331 1065 2399 hi,
1089 2331 1139 2402 qui
1164 2348 1222 2386 non
1246 2337 1313 2386 sunt
1336 2333 1371 2386 ab
1390 2333 1528 2404 episcopis
1543 2333 1667 2390 ordinati
1683 2339 1743 2390 tam

53 2427 128 2499 qnia
140 2426 273 2481 [lominus
286 2427 347 2498 ipse
360 2427 498 2493 33111333,
513 2428 541 2480 et
554 2442 612 2480 non
628 2429 671 2480 est
686 2424 757 2480 alius
771 2425 877 2497 absque
928 2425 957 2478 in
980 2425 1113 2491 ecelesiis,
1137 2442 1224 2496 quam
1243 2425 1271 2480 in
1286 2425 1417 2481 domibus
1430 2428 1590 2483 exorcizare
1608 2446 1665 2485 non
1678 2447 1741 2501 pos-

55 2537 102 2575 eo.
117 2520 163 2576 Sit
174 2536 289 2593 quoque
301 2525 490 2576 cornostrum
504 2520 664 2591 perfectum
675 2535 740 2574 cum
756 2519 878 2575 Domino
928 2522 1009 2585 sunt,
1025 2520 1114 2574 multo
1135 2520 1227 2590 magis
1247 2520 1361 2589 majoris
1382 2522 1486 2592 gradus
1503 2523 1671 2592 ministeria,
1689 2525 1743 2579 nisi

55 2615 116 2670 Deo
129 2618 237 2683 nostro,
254 2620 285 2670 ut
296 2614 477 2670 ambidemns
490 2614 520 2669 in
532 2613 654 2669 decretis
666 2614 737 2685 ejus,
750 2616 877 2669 etcueto·
927 2613 962 2666 ab
977 2613 1126 2685 episcopis,
1142 2613 1189 2684 qni
1205 2614 1242 2668 ad
1258 2630 1307 2669 eos
1318 2615 1421 2686 gradus
1434 2620 1500 2671 sunt
1513 2617 1624 2684 sacrati,
1640 2618 1743 2690 quibus

53 2708 173 2764 diamus
193 2708 330 2764 mandata
351 2709 414 2780 ejus
436 2708 508 2763 sicut
529 2713 559 2763 et
574 2708 668 2763 hodie.
685 2708 778 2779 lgitur
789 2723 838 2764 rex
850 2714 878 2763 et
927 2706 1010 2777 fungi
1029 2706 1135 2762 debent
1149 2707 1242 2763 officia
1254 2709 1311 2780 agi,
1331 2710 1375 2764 vel
1394 2709 1531 2765 sacrificia
1551 2710 1646 2766 offerri
1667 2713 1740 2769 licet.

54 2803 153 2858 omnis
167 2802 251 2858 lsrael
259 2819 325 2858 cum
335 2818 369 2858 eo
380 2801 566 2857 immolabant
574 2802 701 2858 victimas
714 2818 813 2858 coram
823 2804 876 2857 llo·
927 2801 1006 2865 Quod
1018 2806 1114 2856 autem
1125 2802 1168 2872 (ut
1178 2803 1264 2873 paulo
1277 2803 1406 2874 superius
1416 2805 1595 2874 prelibatum
1603 2808 1654 2877 est)
1665 2807 1745 2863 obla-

55 2896 149 2952 mino.
164 2896 349 2967 ducuntque
363 2896 470 2951 hostias
485 2896 614 2967 pacificas
631 2912 702 2968 quas
722 2896 879 2951 immolavit
927 2895 1018 2949 tiones
1032 2895 1061 2949 in
1077 2895 1210 2950 domibus
1224 2896 1319 2951 offerri
1329 2913 1386 2951 non
1400 2897 1515 2966 debent,
1526 2898 1556 2953 in
1564 2899 1665 2955 eodem
1673 2917 1743 2956 con-

56 2990 191 3058 Domino,
205 2990 294 3045 boum
305 2990 470 3062 vigintiduo
485 2990 584 3058 millia,
601 2991 697 3045 ovium
709 2994 824 3045 centum
837 2990 877 3044 vi·
927 2989 991 3043 cilio
1005 3005 1065 3059 cap.
1083 2993 1127 3058 59,
1142 2990 1318 3061 prohibitum
1335 2991 1421 3046 habet
1435 2991 1475 3047 ita
1492 3011 1498 3046 :
1514 2992 1576 3048 Non
1589 2999 1701 3066 oportet
1714 2997 1745 3052 in

34 3122 42 3135 .
55 3083 135 3155 ginti
146 3083 245 3152 millia,
257 3090 287 3139 et
295 3084 498 3140 dedicaverunt
511 3085 650 3156 templum
661 3083 780 3139 Domino
790 3099 840 3139 rex
850 3087 879 3139 et
888 3125 916 3202 C
929 3082 1061 3138 domibus
1073 3082 1231 3138 oblationes
1243 3085 1378 3140 celebrari
1393 3085 1429 3140 ab
1442 3086 1581 3157 episcopis
1590 3093 1618 3143 et
1631 3090 1745 3161 presby-

55 3177 108 3233 filii
122 3178 218 3234 lsrael.
232 3179 263 3234 ln
279 3177 325 3233 die
341 3177 391 3233 illa
406 3177 592 3233 sanctificavit
605 3194 657 3233 rex
670 3177 799 3233 medium
812 3176 877 3232 atrii
930 3177 1011 3231 teris:
1022 3175 1215 3232 solemnitates
1224 3195 1289 3233 vero
1300 3177 1513 3234 dedicationum
1524 3181 1707 3239 ecclesiarum
1717 3190 1747 3241 et

55 3271 139 3345 qnod
162 3275 224 3327 erat
245 3277 312 3329 ante
335 3272 454 3328 domum
480 3272 604 3328 bomini.
633 3272 708 3328 Fecit
729 3271 876 3329 autemibi
928 3270 1109 3325 sacerdotum
1128 3287 1178 3342 per
1199 3272 1329 3343 singulos
1355 3289 1445 3328 annos
1471 3279 1538 3329 sunt
1556 3276 1742 3346 celebrande,

54 3367 258 3422 holocaustum
273 3370 304 3423 et
315 3366 487 3422 sacrificinm
503 3370 532 3422 et
546 3366 663 3439 adipem
682 3365 875 3438 pacificorum,
927 3363 987 3435 ipso
1001 3364 1122 3419 Domino
1135 3367 1266 3438 exempla
1287 3367 1382 3436 dante,
1403 3368 1452 3439 qui
1464 3369 1500 3422 ad
1516 3369 1621 3424 festum
1634 3371 1744 3427 dedico·

55 3461 129 3534 quia
145 3461 235 3517 altare
249 3477 362 3518 aeneum
378 3461 527 3533 quoderat
541 3462 768 3517 coramDomino
781 3462 877 3517 minus
928 3457 1013 3513 tionis
1025 3458 1125 3529 templi
1137 3459 1271 3514 omnibus
1290 3460 1318 3515 id
1339 3459 1502 3516 laciendum
1521 3463 1592 3517 dans
1608 3463 1743 3534 sormam,

55 3558 133 3625 erat,
148 3559 179 3611 et
196 3572 300 3628 capere
322 3571 381 3612 non
395 3562 508 3627 poterat
520 3556 717 3611 holocaustum
730 3561 759 3611 et
771 3555 876 3611 sacriti-
927 3568 993 3607 cum
1003 3551 1120 3622 reliquis
1131 3554 1244 3625 populis
1253 3554 1383 3609 eamdem
1393 3554 1575 3611 festivitatem
1585 3558 1745 3614 celebratu-

55 3650 135 3706 cium
151 3654 182 3707 et
193 3650 309 3722 adipem
325 3650 520 3723 pacificorum.
535 3651 611 3707 Fecit
625 3655 722 3706 autem
738 3650 876 3706 Salomon
928 3662 976 3700 rus
989 3645 1074 3713 venit,
1086 3646 1159 3701 sient
1168 3648 1306 3718 scriptum
1316 3650 1358 3703 est
1368 3665 1374 3703 :
1386 3672 1399 3698 3
1409 3650 1492 3704 Facta
1502 3654 1570 3704 sunt
1579 3653 1706 3707 encaenia
1715 3654 1744 3707 in

56 3745 87 3800 in
101 3750 232 3817 tempore
242 3745 290 3801 illo
303 3744 486 3801 testivitatem
496 3745 645 3813 celebrem,
657 3745 877 3801 etomnislsmel
927 3739 1128 3810 Hierosolymis
1145 3746 1173 3796 et
1187 3741 1280 3796 hiems
1295 3747 1364 3797 erat.
1387 3744 1421 3797 Et
1437 3744 1604 3801 ambulabat
1620 3747 1700 3801 tesns
1715 3748 1745 3803 in

56 3855 125 3895 urm
139 3855 175 3895 eo
191 3838 343 3894 multitudo
357 3855 474 3910 magna,
488 3843 517 3894 et
529 3839 650 3895 introitu
665 3839 769 3894 Emath
787 3855 877 3911 usque
928 3834 1044 3905 templo,
1067 3834 1097 3888 in
1118 3835 1230 3906 porticu
1246 3835 1618 3909 Sal⁰m⁰1¹isiJ⁰alt·x‚28)·
1634 3860 1647 3887 ”
1663 3840 1745 3904 Quod

56 3933 93 3988 ad
103 3931 200 3988 rivum
210 3933 333 4004 AEgypti,
349 3949 446 3988 coram
455 3932 576 3988 bomine
591 3933 649 3988 Deo
662 3938 759 3989 nostro
768 3939 877 4006 septem
927 3931 1024 3982 antem
1039 3933 1103 3984 octo
1115 3929 1227 3984 dierum
1238 3930 1295 3984 sint
1304 3931 1429 3985 encaenia
1439 3932 1622 4001 celebranda,
1633 3934 1663 3988 in
1673 3934 1745 3990 libro

57 4025 160 4083 diebus
172 4030 202 4081 et
214 4030 323 4098 septem
335 4026 444 4095 diebus,
458 4027 487 4083 id
496 4029 540 4082 est
548 4027 765 4099 quatuordecim
776 4027 877 4083 diebus
928 4024 1041 4094 Regum
1055 4028 1169 4094 peracta
1181 4023 1359 4080 dedicatione
1375 4026 1474 4098 templi
1490 4028 1624 4099 reperies.

57 4123 87 4175 et
111 4121 142 4175 in
168 4120 213 4176 die
238 4125 335 4176 octava
361 4120 470 4177 dimisit
495 4122 615 4193 populos
643 4122 693 4190 1111
723 4124 787 4192 Hep.
817 4138 876 4191 vui,
964 4119 996 4172 11.
1018 4119 1056 4173 ba
1078 4118 1262 4173 ecclesiarum
1281 4121 1493 4176 consecratione
1508 4122 1621 4193 quoties
1637 4124 1745 4180 dubita-

58 4214 160 4287 13-66).
181 4237 195 4263 a
213 4214 303 4270 lndaei
324 4231 392 4287 ergo
414 4217 486 4284 loca,
502 4216 646 4288 inquibus
661 4215 782 4271 Domino
796 4216 878 4271 sacri-
928 4215 985 4280 tur,
1001 4216 1030 4267 et
1040 4229 1093 4266 nec
1106 4215 1184 4267 certa
1198 4212 1348 4284 scriptura,
1362 4230 1414 4269 nec
1428 4215 1500 4270 certi
1514 4220 1599 4272 testes
1609 4218 1743 4275 existunt.

55 4307 193 4378 licebant,
219 4308 320 4364 divinis
341 4308 486 4366 habebant
501 4309 755 4382 supplicationibus
781 4325 877 4364 conse·
928 4321 945 4360 a
968 4306 1072 4378 quibus
1092 4307 1264 4362 consecratio
1285 4308 1399 4374 sciatur,
1424 4309 1529 4381 absque
1550 4311 1608 4367 nlla
1631 4313 1741 4369 dubita·

55 4405 148 4469 mata,
163 4418 215 4458 nec
228 4402 257 4458 in
271 4403 333 4458 aliis
347 4420 434 4475 quam
450 4403 479 4457 in
493 4406 549 4459 Deo
564 4404 664 4459 dicatis
679 4403 746 4460 locis
758 4419 878 4462 munera
928 4399 1006 4455 tione
1022 4400 1120 4455 scitote
1136 4416 1184 4455 eas
1199 4417 1261 4455 esse
1276 4404 1492 4471 consecrandas,
1515 4420 1567 4459 nec
1582 4406 1645 4460 talis
1661 4409 1745 4478 trepi-

10 4555 12 4561 ,
55 4495 181 4552 Domino
200 4494 366 4553 offerebant.
382 4497 408 4552 Si
425 4497 604 4553 enimtudaei
619 4497 670 4569 qni
685 4493 1005 4577 umbraelegistatio
1025 4493 1111 4548 saciat
1133 4494 1392 4562 deteriorationem,
1417 4498 1553 4567 quoniam
1579 4515 1637 4554 non
1660 4515 1742 4554 mon-

10 4621 13 4646 :
53 4588 264 4660 deserviebant,
290 4591 351 4646 haec
372 4591 525 4658 faciebant,
548 4591 751 4663 multomagis
773 4593 877 4664 quibus
927 4591 1033 4642 stratur
1055 4602 1114 4642 esse
1134 4587 1280 4657 iteratum,
1301 4589 1377 4659 qnod
1401 4591 1526 4645 nescitur
1542 4592 1660 4648 factum.
1685 4595 1741 4662 llis,

10 4722 12 4752 e
55 4682 164 4738 veritas
180 4684 321 4755 patefacta
336 4689 388 4753 est,
404 4688 433 4740 et
447 4686 540 4757 gratia
556 4689 584 4741 et
598 4686 702 4741 veritas
719 4689 877 4758 pertesum
927 4682 1037 4749 iratres,
1048 4680 1219 4736 testimoniis
1240 4681 1450 4752 seripturarum
1471 4685 1622 4754 apostolica
1648 4693 1744 4744 arieto-

10 4843 12 4850 ,
54 4776 204 4833 Christum
230 4778 297 4833 data
322 4783 373 4846 eet,
395 4782 501 4852 templa
527 4780 649 4835 Domino
675 4781 824 4848 edificare,
838 4785 875 4843 et,
926 4776 1008 4831 ritate
1024 4776 1158 4830 consultis
1171 4775 1269 4830 vestris
1281 4775 1405 4832 breviter
1420 4779 1597 4849 respondisse
1610 4783 1740 4840 sufficiat.

57 4872 148 4942 prout
162 4871 263 4927 melius
272 4889 434 4943 possumus,
447 4889 558 4941 ornare,
569 4889 661 4946 eaque
671 4874 772 4929 divinis
784 4874 875 4945 preci·
927 4870 1008 4925 Vobis
1022 4873 1117 4924 tamen
1127 4868 1342 4942 praevidendum
1354 4875 1397 4925 est
1408 4876 1437 4926 et
1446 4873 1577 4929 omnibus
1588 4877 1742 4948 praedican-

10 5006 13 5023 2
54 4964 112 5021 bus
138 4969 167 5020 et
193 4967 296 5022 sanctis
324 4967 506 5023 unctionibus
527 4967 584 5022 suis
607 4984 672 5022 cnm
689 4968 834 5037 altaribus,
848 4974 877 5023 et
927 4963 1149 5019 dnmntillicita
1172 4980 1231 5017 non
1254 4968 1388 5034 agantur,
1411 4969 1440 5020 et
1463 4967 1575 5023 Domini
1596 4978 1742 5044 praecepta

10 5106 15 5137 ,
54 5058 142 5127 vasis,
154 5059 278 5115 vestibus
290 5076 406 5132 qnoque
416 5065 446 5115 et
455 5061 571 5133 reliquis
580 5062 615 5117 ad
626 5061 755 5116 divinum
766 5061 875 5116 cultum
925 5061 1126 5113 conserventur
1148 5060 1177 5111 et
1197 5056 1316 5112 fideliter
1329 5061 1516 5130 peragantur.
1530 5063 1675 5135 Rogamus
1687 5083 1739 5120 an·

10 5198 16 5225 ,
54 5152 235 5225 explendum
245 5149 414 5210 utensilibus
423 5156 523 5212 devote
537 5159 567 5211 et
579 5157 743 5211 solemniter
753 5171 873 5224 sacrare,
925 5156 983 5208 tem
1012 5167 1070 5218 vos,
1098 5150 1208 5220 tratres,
1237 5154 1270 5206 ut
1295 5151 1369 5207 dicta
1392 5155 1518 5225 Apostoli
1545 5160 1736 5229 replicemus:

10 5298 17 5321 ,
53 5250 157 5305 etnon
173 5245 873 5321 inaliisquaminilominosacratisabepiscopis,
927 5268 940 5296 a
952 5245 1091 5317 Corripite
1104 5244 1256 5315 inquietos,
1268 5247 1458 5303 consolamini
1469 5250 1669 5321 pusillanimes,
1680 5270 1738 5309 sus

10 5384 19 5407 ,
55 5344 160 5398 etnon
178 5357 195 5395 a
210 5343 406 5416 corepiscopis,
422 5344 471 5415 qni
489 5360 562 5416 sape
578 5344 713 5415 prohibiti
729 5348 806 5414 sunt,
819 5344 874 5400 nisi
924 5341 1008 5412 cipite
1029 5339 1167 5406 infirmos,
1194 5340 1332 5410 patientes
1354 5346 1444 5397 estote
1465 5344 1499 5398 ad
1513 5360 1622 5401 omnes.
1640 5347 1735 5404 Videte

10 5479 19 5501 ,
55 5434 99 5507 (at
110 5435 282 5508 praedictum
295 5442 344 5507 est)
359 5454 471 5494 summa
484 5439 616 5510 erigente
630 5438 794 5494 necessitate
805 5437 873 5493 mis·
924 5453 960 5491 ne
982 5435 1046 5507 qnis
1060 5435 1169 5489 melum
1185 5449 1236 5504 pro
1249 5434 1324 5489 malo
1338 5436 1423 5490 alieni
1438 5436 1545 5504 reddat,
1561 5437 1610 5492 sed
1623 5456 1736 5513 semper

56 5529 266 5600 meelebrare,
275 5547 328 5586 nec
337 5531 473 5587 sacrificia
483 5532 602 5588 Domino
610 5533 714 5588 offerre
723 5532 872 5587 debemus.
924 5529 1000 5601 qnod
1018 5529 1128 5584 bonum
1150 5531 1193 5583 est
1212 5528 1359 5583 sectamini
1383 5529 1412 5582 in
1435 5528 1566 5597 invicem,
1585 5534 1655 5587 etin
1671 5550 1734 5591 om·

56 5622 90 5679 Bt
107 5624 163 5679 hoc
181 5624 203 5678 ai
224 5640 337 5680 summa
351 5626 502 5682 necessitas
522 5643 607 5698 agere
619 5627 798 5698 compulerit,
814 5643 873 5682 non
923 5640 983 5680 nes.
997 5623 1114 5695 Semper
1128 5622 1259 5694 gaudete,
1282 5622 1342 5677 sine
1364 5621 1572 5679 intermissione
1594 5632 1683 5698 orate,
1706 5632 1736 5687 in

58 5714 245 5789 indomitus,
263 5720 332 5792 quia
352 5719 383 5775 in
406 5720 491 5776 sacris
510 5720 666 5776 canonibus
690 5718 827 5774 sacrificia
843 5721 871 5774 in
923 5717 1055 5774 omnibus
1073 5717 1178 5787 gratiae
1198 5716 1285 5787 agite.
1309 5716 1373 5770 llaec
1394 5719 1435 5770 est
1454 5716 1531 5772 enim
1543 5719 1674 5777 voluntas
1686 5723 1735 5782 bei

59 5810 190 5871 1133311333
203 5812 297 5869 offeni
312 5814 455 5886 prohibita
473 5818 548 5885 sunt,
570 5814 667 5884 sedin
683 5813 873 5870 tabernaculis
923 5813 952 5867 in
966 5810 1077 5866 Christo
1098 5811 1160 5865 lesu
1180 5810 1209 5864 in
1232 5808 1363 5863 omnibus
1381 5808 1469 5864 vobis.
1493 5811 1628 5884 Spiritum
1646 5819 1734 5876 nolite
