3870 6150
623 246 857 306 bmummtutt
878 245 1071 305 comitello.
1637 257 1688 313 778

103 373 118 424 t,
135 354 158 409 si
181 353 207 410 ci
224 359 334 410 naturae
355 360 460 412 nostra
477 358 625 413 veritatem
648 359 740 414 inesse
762 374 819 414 nou
830 367 860 441 Α
870 356 1016 428 proposito
1031 358 1178 414 laudabilis
1189 358 1348 431 ridebatur,
1362 364 1461 418 contra
1475 359 1589 419 unicam
1603 379 1685 437 spem

103 451 194 505 totum
218 449 297 516 illud,
310 450 387 522 quod
410 450 534 506 Verbum
558 468 622 508 caro
645 453 752 507 lactum
778 455 821 508 est
870 453 996 506 nostram
1011 455 1183 524 patrumque
1200 456 1364 509 nostrorum
1383 469 1456 510 rana
1472 454 1560 512 nimis
1578 459 1608 512 et
1627 462 1685 513 sto·

111 546 197 616 utque
224 545 352 615 ejusdem
378 551 459 616 putet
481 563 541 601 esse
564 547 739 602 substantiae.
763 548 819 603 Sed
868 545 927 600 lida
952 545 1040 602 audet
1062 550 1200 602 astruere.
1227 547 1280 613 Qui
1304 548 1373 604 dum
1398 549 1501 605 viderit
1517 549 1687 623 insipientias

103 653 142 692 rm
164 639 307 694 Nestorius
328 656 345 694 a
370 640 486 695 veritate
510 642 622 710 excidit,
645 641 713 696 dum
736 641 817 697 Chri·
869 655 927 694 suas
942 655 1057 694 sensum
1080 640 1228 697 catholicis
1245 640 1361 697 auribus
1380 642 1539 714 displicere,
1553 660 1686 702 revocare

103 732 190 804 pride
204 736 293 788 matre
315 734 406 788 solum
428 734 575 789 bominem
593 735 693 790 asserit
705 739 817 804 natum,
868 749 897 788 εε
912 749 993 788 esua
1014 733 1148 805 opinione
1170 734 1318 803 debueret,
1336 751 1387 791 nec
1409 735 1449 792 ita
1469 737 1600 794 Ecclesiae
1616 755 1686 811 prae·

103 843 114 880 r
138 827 223 881 etiam
247 827 293 881 hic
312 844 329 881 a
351 828 490 882 catholico
514 830 628 884 tramite
650 829 752 898 deviat,
770 829 818 901 qui
868 827 944 882 sules
958 843 1148 898 commorere,
1163 832 1195 884 ut
1204 828 1398 885 damnationis
1412 831 1583 888 sententiam
1597 849 1686 889 mere

103 919 159 975 lem
178 921 294 991 Virgine
316 938 375 977 uon
389 928 518 977 nostram
533 923 622 978 credit
636 923 742 979 editam
755 940 816 979 esse
868 924 948 976 retur
973 921 1113 993 accipere,
1138 938 1226 994 quam
1253 922 1353 994 utique
1376 923 1400 978 si
1423 924 1454 979 in
1478 941 1530 980 sua
1547 922 1687 983 sententia

103 1015 204 1083 ntiam3
225 1015 328 1070 nolens
345 1016 443 1088 utique
459 1032 525 1070 earn
539 1017 627 1071 solius
642 1017 754 1072 deitatis
771 1017 816 1072 in·
868 1015 988 1071 voluerit
1009 1031 1178 1088 permanere
1200 1015 1297 1071 nullus
1320 1016 1425 1088 poterit
1446 1018 1582 1076 relaxare.
1604 1020 1685 1077 Sedis

117 1114 151 1164 ut
163 1109 239 1179 quod
254 1109 284 1163 in
296 1110 389 1164 forma
403 1110 477 1165 servi
492 1111 587 1181 gessit,
600 1115 628 1165 et
637 1111 713 1182 quod
727 1113 817 1167 nostri
867 1109 946 1164 enirn
960 1109 1123 1183 apostolica
1135 1109 1295 1166 moderatio
1315 1110 1390 1166 hanc
1404 1112 1624 1184 temperantiam
1637 1115 1687 1170 ob·

109 1201 163 1256 luit
174 1207 258 1273 atque
272 1204 434 1272 conformis,
447 1205 693 1276 quasdamnostrac
705 1209 816 1261 naturae
868 1207 970 1273 servat,
989 1210 1023 1260 ut
1042 1204 1167 1259 severius
1185 1210 1253 1275 agat
1271 1220 1336 1260 cum
1357 1204 1516 1273 obduratis,
1531 1207 1683 1263 streniam

106 1295 221 1366 imago,
246 1313 302 1351 non
331 1297 445 1352 veritas.
475 1298 549 1353 Nihil
573 1303 671 1353 autem
699 1297 816 1369 prodest
867 1296 962 1368 cupiat
984 1302 1121 1370 praestare
1146 1297 1289 1353 correctis.
1312 1297 1385 1362 Quia
1405 1314 1475 1371 ergo
1495 1300 1585 1355 multa
1613 1299 1685 1356 mihi

104 1405 153 1444 um
165 1392 295 1445 nostrum
308 1391 399 1446 beatas
411 1392 505 1447 Marica
523 1391 641 1463 virginis
658 1392 749 1446 lilium
767 1409 815 1447 ve·
866 1390 971 1446 fiducia
985 1394 1028 1446 est
1045 1391 1080 1446 dc
1097 1391 1211 1463 pietatis
1223 1396 1280 1446 tuae
1291 1390 1555 1463 sincerissimalide,
1570 1393 1685 1450 obsecro

103 1483 305 1555 *effectumque
330 1485 476 1541 homiuem
500 1486 604 1554 dicere,
619 1486 642 1541 si
661 1485 817 1567 non·illius
866 1485 988 1556 gloriam
1006 1485 1168 1541 clementiis
1182 1487 1249 1554 tuae,
1267 1488 1298 1541 ut
1311 1485 1384 1541 sicut
1400 1490 1497 1542 sancto
1516 1487 1610 1543 studio
1633 1491 1684 1544 tuo

103 1595 115 1632 s
136 1577 224 1633 homo
243 1579 379 1648 creditur,
393 1581 473 1651 quus
494 1580 524 1634 in
545 1579 698 1651 Evangelio
712 1580 815 1651 praedi·
866 1578 1004 1634 catholica
1022 1578 1186 1650 pradicatio
1208 1595 1324 1651 semper
1346 1579 1443 1651 adjuta
1468 1585 1525 1649 est,
1549 1581 1588 1636 ita
1608 1598 1685 1638 nunc

109 1671 180 1726 Dicit
198 1673 275 1726 enim
296 1673 464 1728 ldatthaeus:
483 1694 496 1725 u
517 1673 601 1728 Liber
624 1673 816 1744 generationis
867 1687 980 1744 quoque
999 1672 1061 1744 ejus
1084 1673 1176 1728 faveat
1196 1672 1332 1740 libertati,
1346 1689 1435 1745 quam
1452 1674 1524 1730 forte
1537 1674 1602 1731 ideo
1616 1692 1683 1748 per·

103 1765 184 1831 tristi,
197 1765 248 1820 filii
265 1766 361 1833 ὓεείᾱ,
375 1767 426 1821 filii
443 1768 587 1822 abrabam
598 1766 705 1836 (Mettis.
717 1784 736 1834 1,
752 1769 784 1838 Ι).
800 1789 814 1818 n
825 1740 854 1813 Β
865 1765 944 1821 misit
967 1766 1108 1822 Dominus
1129 1767 1183 1822 hac
1203 1766 1364 1822 tentatione
1389 1766 1508 1838 pulsari,
1532 1773 1563 1824 ut
1586 1771 1684 1842 quales

103 1858 251 1913 humanm
264 1859 383 1929 originis
391 1860 521 1915 ordinem
531 1861 671 1932 sequitur,
683 1865 715 1916 ut
726 1877 814 1932 gene·
864 1860 941 1915 intra
969 1860 1122 1916 Ecclesiam
1142 1860 1259 1928 lateant,
1284 1860 1372 1931 possit
1398 1861 1526 1932 agnosci.
1554 1861 1684 1927 Quorum

103 1952 237 2007 rmlineas
252 1970 341 2025 usque
357 1954 391 2009 ad
404 1954 520 2026 ioseph,
532 1954 578 2010 eui
593 1958 688 2010 mater
701 1954 815 2011 Domini
864 1953 948 2025 plane
968 1969 1026 2009 non
1049 1957 1093 2008 est
1110 1953 1281 2026 negligenda
1293 1954 1412 2024 curatio,
1424 1957 1455 2008 ut
1467 1970 1522 2009 nec
1534 1954 1681 2028 episcopo·

103 2046 390 2118 sponsatadeducat.
397 2048 484 2102 Lucas
497 2064 564 2103 vcro
577 2049 735 2103 retrorsum
749 2065 813 2104 suc·
865 2063 928 2102 rum
940 2063 999 2103 uon
1013 2047 1163 2103 contristet
1180 2047 1306 2104 amissio.
1325 2047 1550 2120 augustissimus
1570 2064 1637 2105 vero
1655 2054 1683 2105 et

103 2156 157 2195 um
178 2140 283 2211 gradus
308 2141 448 2212 relegens,
462 2141 498 2197 ad
514 2142 609 2213 ipsum
628 2142 750 2197 humani
764 2158 812 2214 ge·
862 2140 1120 2197 Christianissimus
1132 2140 1288 2212 imperator
1303 2141 1421 2212 cupiens
1434 2157 1521 2214 quam
1532 2143 1682 2199 celerrime

103 2233 249 2306 uincipem
269 2235 364 2304 rediit,
381 2238 410 2289 ut
423 2235 516 2290 Adam
530 2236 668 2307 primum,
680 2241 708 2291 et
722 2236 813 2292 Adam
862 2234 977 2290 turbata
1002 2234 1134 2306 componi
1161 2234 1318 2306 episcopali
1341 2235 1460 2292 concilio
1482 2235 1560 2308 quod
1578 2237 1682 2308 Ephesi

103 2342 182 2382 mam
197 2328 326 2399 eJ'usdem
340 2330 473 2384 ostendat
495 2346 556 2384 csse
576 2334 694 2385 naturae.
709 2331 812 2386 Potue-
861 2328 922 2384 vult
933 2328 1050 2396 habere,
1064 2327 1186 2383 nimium
1198 2328 1284 2384 breve
1298 2332 1327 2384 et
1340 2334 1495 2401 angustum
1511 2333 1626 2403 tempus
1640 2331 1682 2386 in-

103 2436 154 2493 ppe
168 2422 382 2493 omnipotentiae
396 2422 457 2478 Filii
477 2423 527 2478 [tei
548 2424 587 2478 sic
610 2423 645 2479 ad
670 2423 812 2480 docendos
861 2421 934 2477 dixit
960 2421 1037 2478 diem
1059 2422 1252 2478 Kalendarum
1274 2422 1485 2494 praestituendo
1515 2425 1679 2495 conventui,

103 2531 126 2569 ss
138 2532 287 2588 apparere,
302 2516 448 2588 quomodo
467 2521 496 2571 et
511 2517 687 2588 patriarchis,
703 2523 732 2573 et
743 2535 810 2590 pro·
861 2531 927 2571 cum
946 2532 963 2571 a
981 2515 1067 2571 tertio
1091 2515 1139 2570 die
1163 2515 1265 2571 lduum
1289 2517 1438 2584 Maiarum,
1452 2534 1509 2589 quo
1523 2518 1680 2575 serenitatis

107 2608 138 2663 in
162 2609 254 2679 specie
276 2610 369 2664 earnis
381 2611 514 2682 apparuit
528 2628 594 2666 cum
607 2616 656 2666 aut
667 2612 810 2668 luctamen
862 2609 924 2681 ejus
950 2608 1054 2681 scripta
1077 2610 1272 2682 suscepimus,
1302 2611 1396 2682 major
1422 2628 1487 2683 pars
1514 2611 1618 2684 reliqui
1642 2612 1680 2669 sit

103 2705 132 2757 ut
146 2719 308 2758 sermonem
322 2704 476 2774 conseruit,
490 2722 556 2760 cum
576 2706 619 2760 vel
639 2705 733 2761 officia
749 2706 811 2762 hos
860 2703 997 2775 temporis
1017 2703 1206 2772 absumenda,
1222 2707 1253 2758 ut
1274 2705 1413 2776 profectio
1435 2705 1612 2761 sacerdotum
1629 2707 1678 2778 qui

103 2795 140 2850 tis
151 2795 259 2866 habuit,
277 2797 319 2851 vel
334 2797 420 2852 etiam
435 2798 598 2870 appositum
609 2798 705 2855 cibum
716 2817 811 2871 sump-
860 2796 977 2869 negotio
998 2797 1152 2865 sufficiant,
1166 2798 1260 2853 valeat
1275 2798 1412 2854 ordinari.
1428 2799 1500 2854 Nam
1514 2798 1586 2854 illud
1601 2800 1679 2873 quod

103 2889 185 2945 lillae
208 2890 347 2962 imagines
368 2892 454 2963 hujus
473 2892 597 2948 hominis
611 2894 810 2966 erantjudicia
859 2891 974 2963 pictatis
1000 2891 1061 2963 ejus
1084 2891 1171 2948 etiarn
1198 2908 1245 2946 me
1267 2891 1386 2948 credidit
1413 2891 1519 2948 dehere
1542 2892 1679 2950 interesse

103 2983 243 3039 raritatem
269 3002 302 3039 er
326 2986 552 3056 precedentium
576 2988 693 3043 Petrum
720 2989 809 3062 stirpe
858 2984 989 3055 concilio,
1018 2969 1129 3040 etiamsi
1170 2986 1327 3041 secundum
1365 2985 1481 3058 aliquod
1514 2988 1677 3058 precedens

102 3078 160 3132 tarn
176 3078 398 3149 significationes
419 3081 537 3151 mystice
559 3082 737 3137 nuntiabant.
753 3083 845 3187 Sede
858 3079 983 3150 exigitur
999 3079 1173 3151 exemplum,
1189 3095 1264 3135 nunc
1280 3085 1376 3135 tamen
1395 3096 1577 3152 nequaquam
1589 3082 1678 3153 possit

103 3177 279 3227 aramentum
292 3174 529 3228 reconciliationis
541 3179 646 3230 nostrae
657 3179 723 3231 aute
733 3179 806 3231 tem·
858 3172 981 3244 impleri,
996 3173 1064 3244 quia
1075 3189 1171 3228 rerum
1186 3174 1372 3244 praesentium
1388 3173 1473 3229 nimis
1484 3174 1594 3229 incerta
1606 3192 1674 3230 con·

103 3267 191 3319 eterna
216 3266 384 3338 dispositum
411 3269 488 3323 mille
511 3268 672 3341 implebant
696 3271 805 3342 figurae,
857 3266 926 3322 ditio
943 3270 1029 3322 tantm
1046 3266 1126 3321 urhis
1144 3267 1257 3338 populis
1273 3283 1320 3322 me
1332 3268 1430 3322 abesse
1446 3284 1503 3322 non
1514 3268 1632 3337 sineret,
1648 3273 1676 3324 ct

103 3358 199 3415 mdum
215 3366 332 3415 venerat
344 3361 464 3432 Spiritus
478 3367 589 3418 sanetus
606 3363 636 3417 in
651 3363 805 3435 Virginem,
856 3361 886 3415 in
900 3360 1131 3432 desperationem
1150 3361 1306 3431 quamdam
1329 3361 1417 3416 animi
1437 3359 1673 3416 tumultuantium

103 3455 151 3507 tus
174 3454 310 3509 ditissimi
333 3455 551 3511 obumbraverat
571 3457 608 3525 ei,
624 3460 656 3511 ut
670 3458 746 3512 intra
761 3458 805 3512 in·
856 3454 1048 3521 mitterentur,
1063 3452 1087 3506 si
1110 3469 1161 3524 per
1180 3453 1355 3508 occasionem
1371 3470 1463 3508 causac
1478 3454 1673 3509 ecclesiastices

103 3549 129 3600 ta
141 3546 246 3601 viscera
261 3549 419 3603 aedificante
439 3549 490 3603 sibi
511 3550 659 3621 Sapientia
677 3550 804 3617 domum,
856 3547 968 3602 viderer
985 3546 1110 3619 patriam
1135 3549 1165 3601 et
1185 3547 1368 3618 apostolicam
1388 3546 1490 3603 Sedenr
1507 3547 1578 3603 velle
1593 3548 1671 3604 dese·

103 3655 192 3695 icaro
206 3641 297 3709 lieret,
314 3647 342 3697 et
361 3643 455 3697 forma
471 3644 522 3698 Dei
536 3660 567 3698 ac
582 3644 676 3699 torma
689 3645 763 3699 servi
776 3646 805 3700 iu
856 3657 929 3696 rere.
943 3640 1013 3706 Quia
1031 3640 1119 3711 igitur
1133 3640 1169 3695 ad
1182 3640 1326 3712 publicam
1347 3641 1420 3695 hane
1440 3640 1593 3697 utilitatem
1611 3658 1673 3714 per-

103 3735 291 3789 conteniente
318 3752 473 3806 personam
499 3737 614 3793 Creator
640 3741 804 3808 temporum
855 3735 973 3790 tinuisse
1002 3734 1186 3805 cognoscitis,
1210 3737 1242 3789 ut
1271 3735 1347 3789 salva
1384 3734 1543 3791 clementius
1570 3739 1671 3791 vestra

103 3829 152 3882 tur
167 3828 195 3882 in
209 3831 346 3900 tempore,
359 3833 388 3884 et
400 3847 453 3902 per
466 3847 552 3901 quarn
566 3831 639 3886 lacta
658 3837 725 3886 suut
742 3849 803 3887 om-
855 3828 937 3883 rcnia
949 3828 1081 3884 charitati
1095 3845 1178 3896 mem,
1195 3830 1223 3883 et
1237 3826 1369 3900 precibus
1386 3827 1489 3883 civium
1506 3844 1564 3884 non
1583 3845 1671 3901 nega·

103 3937 119 3976 e
137 3919 214 3976 inter
230 3923 326 3977 omnia
349 3923 525 3994 gigneretur.
542 3924 600 3980 Nisi
621 3924 697 3979 enim
715 3942 804 3981 novus
854 3939 915 3977 rem
937 3922 967 3978 in
988 3922 1033 3978 his
1058 3921 1195 3978 fratribus
1211 3921 1282 3976 meis
1294 3938 1365 3994 quos
1379 3921 1440 3977 rice
1455 3938 1519 3977 mea
1533 3921 1610 3989 misi,
1623 3939 1670 3977 me

103 4015 187 4071 factrus
209 4018 239 4069 in
260 4016 476 4072 similitudinem
501 4019 594 4073 carnis
607 4020 717 4090 peccati
736 4036 802 4074 nos·
855 4032 968 4089 quoque
982 4015 1080 4071 adesse
1092 4032 1157 4070 cum
1170 4014 1282 4070 cacteris
1297 4014 1446 4082 aestimate,
1455 4014 1504 4086 qui
1514 4015 1669 4070 secundum

103 4109 245 4180 usciperct
276 4115 465 4177 uetustatem,
494 4116 523 4166 et
555 4111 803 4169 consubstantialis
854 4126 968 4165 calisam
988 4109 1055 4165 satis
1076 4108 1147 4164 mihi
1170 4125 1204 4164 er
1227 4112 1372 4181 gestorum
1388 4108 1470 4179 serie,
1489 4111 1518 4163 et
1534 4108 1670 4181 ipsiusde

105 4202 351 4259 consubstantialis
376 4221 436 4259 esse
462 4205 632 4276 dignaretur
654 4211 682 4261 et
706 4208 800 4274 matri,
853 4221 910 4276 quo
938 4203 1034 4277 agitur
1057 4202 1234 4274 professione
1260 4204 1432 4274 patefactam
1459 4202 1618 4270 evidenter,
1643 4208 1671 4258 et

103 4296 182 4351 nsibi
197 4301 324 4352 nostram
347 4300 423 4354 solus
446 4315 462 4353 a
482 4305 597 4372 peccato
612 4300 683 4355 liber
696 4301 800 4368 uniret,
852 4299 938 4370 pleuc
960 4298 1028 4371 quid
1050 4298 1221 4353 servandum
1235 4300 1318 4364 esset,
1332 4296 1453 4354 ostendi.
1465 4297 1527 4352 Non
1544 4296 1622 4352 enim
1635 4296 1671 4352 de

103 4405 118 4444 o
132 4389 238 4446 diaboli
253 4393 425 4462 generaliter
436 4396 586 4449 teneretur
602 4395 727 4449 humana
740 4411 802 4467 cap
852 4392 1033 4463 portiuncula
1052 4391 1119 4447 ildci
1136 4395 1242 4447 nostra
1255 4408 1319 4464 quae
1332 4390 1418 4446 nimis
1431 4390 1524 4449 lucide
1537 4391 1670 4446 clarescat

103 4500 155 4542 nec
174 4484 259 4539 aliter
277 4487 486 4557 possideremus
497 4488 701 4560 triumphantis
714 4488 800 4543 ricto·
812 4485 841 4556 l)
852 4485 999 4558 quaeritur,
1015 4486 1065 4540 sed
1085 4486 1141 4541 hoc
1161 4485 1326 4540 stultissima
1350 4485 1497 4540 resrdtatio
1518 4484 1605 4539 audet
1623 4483 1668 4540 in·

103 4578 109 4632 i
125 4583 203 4634 extra
225 4584 351 4635 nostram
372 4586 445 4636 esset
465 4582 593 4636 conlecta
605 4587 749 4637 naturam.
762 4584 801 4637 De
852 4594 971 4646 cessere,
988 4578 1067 4650 quod
1082 4577 1219 4633 Dominus
1232 4583 1329 4632 noster
1342 4577 1371 4633 in
1385 4576 1508 4633 Ecclesia
1520 4576 1669 4632 neminem

103 4675 159 4727 tem
187 4673 404 4744 participatione
431 4675 563 4730 mirabile
592 4679 800 4732 sacramentum
852 4690 934 4728 sexus
957 4671 1106 4743 utriusque
1131 4671 1222 4725 rolrrit
1245 4671 1388 4741 ignorare.
1413 4670 1560 4742 Siquidem
1581 4669 1670 4743 ipsius

103 4767 310 4838 egenerationis
332 4769 460 4835 indulsit,
476 4772 506 4823 ut
528 4786 579 4840 per
598 4769 693 4840 ipsum
711 4770 800 4841 Spiri·
852 4765 985 4822 catholici
1009 4764 1131 4837 symboli
1152 4763 1246 4819 brevis
1260 4769 1287 4819 et
1304 4764 1428 4834 perfecta
1441 4763 1589 4833 consessio,
1604 4781 1669 4836 quar

103 4875 122 4913 u
145 4877 232 4932 quern
257 4861 385 4916 Christus
412 4866 564 4934 conceptus
589 4866 631 4918 est
656 4867 685 4918 et
709 4867 800 4932 natus,
852 4860 1002 4916 duodecim
1026 4859 1219 4930 apostolorum
1241 4857 1359 4913 totidem
1374 4863 1416 4913 est
1430 4858 1541 4930 signata
1560 4863 1671 4914 senten-

103 4969 144 5009 tos
164 4955 212 5024 qui
237 4972 289 5026 per
314 4956 576 5027 concupiscentiam
596 4957 690 5011 carnis
705 4973 802 5011 sumus
852 4955 909 5020 tiis,
924 4957 983 5008 tarn
996 4953 1137 5008 instructa
1155 4951 1192 5006 sit
1214 4951 1374 5008 munitione
1389 4951 1504 5018 coelesti,
1517 4954 1548 5006 ut
1560 4969 1668 5019 omnes,

103 5046 243 5119 spirituali
262 5049 368 5103 iterum
384 5049 494 5121 origine
512 5065 702 5105 nasceremur.
717 5051 803 5121 Prop
852 5047 1052 5102 hereticorum
1075 5045 1224 5117 opiniones
1247 5045 1306 5099 solo
1336 5044 1423 5116 ipsius
1445 5045 1555 5117 possint
1577 5046 1670 5118 gladio

103 5140 128 5196 »d
152 5140 187 5195 ab
209 5143 380 5213 evangelista
405 5143 440 5198 de
468 5143 649 5199 credentibus
677 5143 801 5198 dicitur:
853 5139 1025 5195 detruncari.
1039 5139 1126 5210 Cujus
1135 5138 1257 5210 symboli
1268 5138 1485 5210 plenitudinem,
1496 5138 1521 5193 si
1530 5139 1670 5210 Eutyches

107 5251 165 5290 non
188 5251 221 5290 er
248 5236 451 5307 sanguinibus,
475 5254 569 5308 neque
596 5255 632 5292 ex
659 5236 803 5308 voluptate
853 5250 925 5306 puro
938 5238 966 5288 et
975 5233 1098 5306 simplici
1111 5232 1247 5288 voluisset
1264 5233 1347 5288 corde
1361 5234 1520 5305 concipere,
1540 5232 1570 5287 in
1590 5231 1668 5286 nullo

103 5343 197 5400 neque
220 5345 253 5383 er
280 5330 427 5385 voluntate
448 5331 510 5399 viri,
534 5331 585 5386 sed
607 5348 640 5386 ex
662 5332 721 5386 Deo
742 5330 803 5386 nati
853 5327 1002 5383 adecretis
1016 5327 1123 5382 Nicoeni
1141 5325 1254 5382 concilii
1272 5326 1410 5397 deviaret,
1428 5330 1457 5382 et
1472 5325 1526 5380 hoc
1540 5341 1556 5379 a
1568 5323 1670 5378 sanctis

103 5437 160 5478 ron.
183 5439 203 5491 r,
226 5424 279 5493 ¹3l·
298 5444 311 5475 ε
328 5424 414 5495 Cujus
432 5424 583 5479 ineffabilis
601 5425 700 5497 gratia
717 5423 804 5496 parti·
853 5421 982 5478 Patribus
990 5421 1165 5492 intelligeret
1179 5420 1374 5487 constitutum,
1385 5423 1416 5475 ut
1426 5423 1524 5474 contra
1537 5415 1670 5489 apostoli-

103 5532 129 5570 m
153 5520 205 5582 est,
225 5533 278 5572 nec
303 5523 396 5589 potest
419 5518 543 5573 tiliorum
559 5519 608 5573 Dei
622 5517 802 5590 adoptionem
854 5532 918 5572 carn
931 5515 1028 5583 tidem,
1040 5531 1105 5586 quae
1120 5531 1178 5570 non
1197 5514 1250 5569 nisi
1273 5531 1329 5568 una
1349 5516 1400 5580 est,
1417 5511 1528 5568 nullum
1546 5527 1576 5567 se
1591 5509 1671 5582 inge·

103 5609 133 5679 ri,
148 5610 276 5683 quisquis
297 5629 313 5666 a
334 5612 389 5668 fide
405 5630 456 5666 sua
471 5613 524 5667 boc
537 5612 613 5683 quod
629 5628 681 5667 nos
694 5611 802 5685 princi·
853 5609 949 5677 nium,
975 5609 1086 5664 nullum
1117 5610 1243 5665 elevaret
1272 5605 1428 5678 eloquium.
1448 5604 1503 5661 Sed
1530 5603 1593 5659 ideo
1616 5621 1669 5676 pro

106 5704 195 5760 salvat
215 5705 349 5762 excludit.
373 5707 451 5761 t'ndc
474 5707 596 5760 multum
624 5706 705 5761 doleo
729 5706 802 5760 mul·
854 5706 956 5759 vestrae
970 5702 1084 5775 pietatis
1093 5701 1299 5758 consuetudine
1314 5699 1443 5755 laborare
1454 5697 1622 5770 dignemini,
1639 5703 1671 5753 ut

103 5817 107 5852 ι
121 5798 283 5869 contristor,
299 5800 433 5873 quodhic
446 5800 572 5874 quiante
588 5801 623 5857 dc
638 5798 805 5861 humilitatis
855 5797 932 5877 quod
945 5797 1042 5856 contre
1053 5797 1199 5871 singulare
1208 5791 1689 5852 sucrmsstumseutsuumma
