3870 6150
57 277 88 331 ss
673 275 909 332 aacaaaamua
927 276 1119 334 contactio.
1706 281 1740 333 70

56 397 118 437 sum
142 378 447 451 ordinatus,sc1ibere
469 381 559 452 robis,
575 382 647 438 sieut
667 382 789 456 petistis,
813 399 874 439 aon
883 383 1046 468 Ajudicate
1065 383 1215 456 magisne
1238 384 1349 455 ponatis
1370 382 1576 439 offendiculum
1599 383 1679 440 tratri
1694 386 1738 441 vel

57 473 270 546 denegavimus.
280 472 481 529 Ordinationes
494 474 696 547 episcoporum
707 475 875 535 auctoritate
927 477 1090 534 scandalum
1128 477 1212 546 (Rom.
1250 494 1306 544 xiv,
1334 477 1423 549 13).»
1448 478 1481 533 at
1518 476 1653 532 Dominus
1689 493 1742 551 per

57 566 214 639 apostolica
227 566 263 622 ab
282 565 416 623 omnibus
430 568 479 640 qui
499 567 530 622 ia
553 568 656 625 eadem
678 569 786 626 tuerint
808 587 876 642 pro·
927 571 1099 641 prophetam
1127 569 1220 642 inquit
1244 587 1251 625 ι
1277 592 1289 619 υ
1309 570 1362 634 Qui
1377 586 1425 625 vos
1443 569 1545 641 tangit,
1569 569 1663 641 tangit
1686 587 1740 642 pu-

57 659 148 716 riacia
161 659 313 732 episcopis,
330 665 398 716 sant
411 660 599 717 celebrande.
612 661 665 726 Qui
678 662 764 718 simul
777 680 876 720 conve
927 663 1027 735 pillam
1041 663 1115 718 oculi
1129 661 1188 717 mei
1201 662 1291 734 (Zocb.
1305 678 1335 733 u,
1350 662 1387 734 8).
1402 684 1416 712 a
1433 662 1505 717 Nam
1517 661 1540 717 si
1553 661 1654 734 aliquis
1666 679 1741 718 nuno

57 753 168 808 aientes
177 752 348 808 scrutinium
357 752 508 825 diligenter
515 755 805 827 agantjejuaiumque
812 773 878 812 cum
927 756 957 811 ia
969 757 1078 812 malum
1097 755 1193 811 oculos
1206 755 1326 827 alicujus
1339 754 1475 827 principis
1489 753 1587 826 incipit
1608 756 1740 823 tractare,

56 845 189 901 omnibus
211 845 357 902 celebrent
367 846 511 919 precibus,
525 852 554 904 et
568 863 672 904 manus
686 866 752 905 cum
773 850 878 906 sanctis
927 849 1078 905 manifeste
1092 865 1158 904 reus
1169 848 1326 920 majestatis
1336 847 1491 920 judicatur,
1506 850 1534 903 et
1548 846 1663 903 inlamis
1679 847 1742 903 effi-

58 938 230 1010 lisaugeliis,
243 954 309 1010 quac
321 940 501 1010 praedicaturi
516 944 593 1012 suat,
609 941 803 1013 imponentes,
818 944 876 999 Do·
927 942 1010 1013 citur,
1025 947 1074 998 aut
1094 941 1189 1013 potius
1212 941 1329 1014 capitali
1352 940 1500 997 sententiae
1515 939 1650 1011 subjacet.
1666 941 1746 1010 llaec,

57 1031 160 1086 rainice
174 1031 224 1088 die
243 1031 316 1087 hora
329 1033 415 1088 tertia
429 1037 555 1103 orantes,
570 1051 708 1107 sacraque
731 1036 875 1107 unctione,
927 1036 1039 1104 tratres,
1050 1036 1132 1091 valde
1142 1034 1267 1091 carenda
1280 1037 1355 1103 suat,
1368 1039 1397 1090 et
1409 1033 1488 1106 quod
1500 1032 1632 1089 homines
1643 1034 1744 1090 nolunt

57 1123 189 1195 exemplo
201 1125 556 1200 prophetarumetregum
568 1128 662 1199 capita
674 1145 877 1197 eorum‚more
926 1129 981 1185 sibi
993 1129 1056 1184 tleri
1070 1129 1128 1184 Deo
1142 1129 1263 1185 deorum
1284 1145 1343 1185 noa
1364 1127 1469 1184 debeat
1486 1127 1602 1196 interm,
1618 1142 1655 1181 ne
1669 1125 1743 1182 forte

57 1208 265 1289 apostolorum,
274 1223 303 1274 et
311 1219 416 1291 lloysis
427 1226 579 1293 tmgeates‚
590 1222 658 1295 qaia
671 1222 763 1277 omnis
777 1223 878 1278 sancti·
926 1223 1066 1279 irascatur
1078 1222 1224 1291 Dominus,
1236 1221 1358 1277 etlaciat
1367 1221 1521 1276 vindictam
1536 1234 1648 1288 eorum,
1658 1218 1745 1274 etiam

56 1309 149 1365 acuo
173 1312 287 1366 coastat
307 1312 338 1367 ia
360 1312 465 1384 Spiritu
485 1317 593 1385 sancto,
607 1315 787 1386 cujusvirtus
804 1315 875 1372 invi·
928 1318 957 1373 ia
971 1333 1021 1373 eos
1040 1316 1089 1387 qui
1109 1332 1168 1373 noa
1188 1319 1388 1388 peccaverunt,
1403 1314 1471 1386 qaia
1490 1313 1566 1386 perit
1589 1311 1744 1386 sepissime

56 1402 144 1458 sibilis
165 1407 266 1460 sancto
289 1405 437 1461 chrismati
460 1410 505 1463 est
526 1408 677 1479 permista,
693 1413 723 1465 et
745 1408 799 1465 hoc
820 1409 877 1465 rita
923 1410 1078 1482 justuspro
1092 1410 1190 1482 impio.
1202 1409 1363 1465 Imitandus
1375 1412 1417 1464 est
1433 1406 1521 1462 etiam
1535 1406 1682 1478 propheta,
1693 1422 1745 1478 per

57 1496 217 1553 solemnem
237 1498 384 1555 eelebrent
403 1499 627 1558 ordinationem.
643 1502 723 1567 Quod
746 1503 768 1557 si
792 1503 877 1558 simul
927 1519 1014 1574 quem
1036 1503 1171 1559 Dominus
1192 1503 1231 1559 ait
1251 1519 1258 1557 ι
1279 1500 1485 1557 perambulabo
1507 1499 1537 1555 ia
1562 1498 1745 1570 simplicitate

56 1605 156 1646 omnes
163 1591 321 1647 convenire
328 1592 449 1648 minime
458 1595 616 1666 potueriat,
623 1612 770 1652 assensum
779 1601 878 1652 tamen
927 1596 1021 1652 cordis
1034 1596 1102 1666 mei,
1115 1597 1144 1651 ia
1157 1596 1255 1652 medio
1268 1595 1370 1650 domus
1384 1610 1468 1664 meae,
1479 1609 1537 1647 aea
1549 1591 1745 1664 proponebam

57 1683 114 1737 suis
143 1683 281 1755 precibus
306 1685 464 1756 praebeant,
491 1692 524 1743 ut
547 1688 582 1743 ab
607 1688 668 1760 ipsa
696 1688 876 1745 ordinatione
927 1706 1024 1745 coram
1032 1688 1198 1745 oculismeis
1206 1688 1325 1744 verbum
1334 1687 1429 1755 Belial,
1437 1685 1747 1741 detrahentemiaabs·

57 1776 220 1833 aaimoaoa
228 1777 334 1834 desint.
344 1780 431 1835 Porro
441 1785 470 1836 et
478 1780 758 1853 Hierosolymitarum
768 1768 915 1855 primusB
927 1781 1042 1838 condito
1060 1781 1186 1837 sodalem
1205 1797 1300 1848 suum,
1321 1781 1397 1834 hunc
1424 1778 1638 1845 interficiebam,
1660 1782 1692 1838 et
1713 1777 1745 1833 hi

58 1869 288 1942 archiepiscopus
299 1870 400 1928 beatus
411 1872 531 1929 lacobus
550 1874 599 1947 qui
610 1875 706 1948 J'ustas
720 1875 876 1948 dicebatur,
928 1875 1044 1930 carendi
1053 1879 1129 1945 sant,
1144 1874 1179 1929 de
1192 1873 1295 1945 quibam
1308 1872 1442 1928 Salomon
1454 1872 1493 1926 ait
1506 1887 1513 1926 ε
1531 1893 1544 1920 a
1555 1870 1634 1926 Sicut
1644 1869 1745 1925 noxius

59 1967 86 2019 et
95 1963 256 2019 seeundum
266 1980 393 2034 caraem,
408 1966 520 2022 Domini
533 1973 712 2041 nuncupatus
725 1973 768 2024 est
779 1970 876 2039 irater,
928 1971 970 2023 est
990 1968 1038 2041 qui
1061 1967 1149 2023 mittit
1161 1967 1272 2022 lanceas
1287 1970 1316 2021 et
1330 1965 1444 2036 sagittas
1457 1964 1488 2018 ia
1503 1966 1635 2033 mortem,
1651 1962 1690 2018 sic
1703 1963 1746 2017 vir

57 2057 189 2125 arcuo,
203 2057 307 2113 tacebo
324 2064 353 2114 et
365 2060 474 2115 toanne
495 2062 631 2133 apostolis
652 2067 694 2118 est
718 2062 876 2131 ordinatus,
928 2061 976 2134 qui
996 2060 1193 2116 fraudulenter
1213 2063 1297 2115 uocet
1320 2058 1413 2113 amico
1437 2073 1498 2124 sao,
1519 2059 1548 2113 et
1569 2072 1635 2111 cam
1658 2055 1746 2110 tuerit
1856 2056 1862 2071 ·

57 2148 269 2205 successoribus
290 2150 423 2207 videlicet
443 2152 542 2210 dantes
565 2155 690 2211 formam
711 2171 823 2224 eorum,
846 2157 879 2211 ut
928 2155 1133 2227 deprehensus,
1148 2153 1236 2209 dicit:
1256 2151 1370 2208 Ludens
1384 2150 1446 2206 leci.
1462 2149 1539 2206 Sicut
1562 2149 1696 2205 carbones
1710 2147 1747 2204 ad

60 2257 115 2295 aon
146 2241 246 2297 minus
269 2260 359 2316 quam
381 2262 399 2299 a
421 2245 511 2301 tribus
533 2247 683 2320 episeopis,
704 2248 878 2321 reliquisque
928 2264 1044 2320 prunas,
1060 2249 1089 2302 et
1100 2247 1181 2317 ligna
1193 2243 1229 2301 ad
1244 2245 1353 2316 ignem,
1367 2243 1407 2299 sie
1421 2242 1510 2299 homo
1530 2241 1682 2298 iracundas
1697 2257 1744 2297 su·

61 2333 196 2390 omnibus
207 2350 356 2392 assensum
368 2337 562 2410 prebentibus
576 2341 717 2398 ullatenus
730 2341 878 2414 episcopus
929 2341 1010 2396 scitat
1019 2340 1107 2407 rixas,
1118 2339 1206 2394 verba
1222 2336 1384 2394 susurronis
1396 2335 1478 2408 quasi
1491 2334 1639 2406 simplicia,
1649 2340 1678 2390 et
1686 2333 1750 2406 ipsa

60 2427 217 2499 ordinetur,
233 2435 264 2485 et
285 2432 433 2487 communi
453 2436 518 2488 voto
542 2434 685 2491 ordinatio
707 2434 876 2492 celebretur.
928 2433 1100 2506 perveniant
1122 2432 1159 2488 ad
1181 2427 1694 2500 latimareatrisffrourrvr,18).»
1714 2430 1749 2485 Et

61 2520 170 2593 Reliqui
188 2538 259 2578 vero
281 2524 442 2581 sacerdotes
457 2527 603 2600 aproprio
628 2528 796 2586 ordinentur
816 2529 877 2601 epi·
929 2527 951 2582 si
969 2527 1142 2582 detractores
1163 2540 1345 2598 quorumque
1363 2523 1487 2595 graviter
1497 2520 1662 2594 judicantur
1674 2525 1703 2576 et
1717 2520 1748 2577 ia

62 2630 157 2686 scopo,
172 2615 216 2671 ita
230 2619 264 2671 at
275 2616 349 2674 cives
362 2622 391 2674 et
404 2619 452 2675 alii
464 2620 625 2678 sacerdotes
643 2638 789 2678 assensum
803 2638 878 2694 prae·
928 2619 1096 2691 perditionis
1111 2619 1248 2690 laqueum
1263 2616 1379 2683 cadunt,
1395 2614 1486 2671 multo
1501 2613 1596 2686 magis
1612 2613 1749 2669 lacerato·

61 2706 154 2779 aaut
160 2708 362 2780 etjejanaates
368 2711 580 2770 ordinationem
590 2715 880 2786 celebrent,similiter
929 2729 974 2768 res
988 2716 1017 2768 et
1031 2712 1203 2768 detractores
1222 2715 1309 2781 atque
1330 2711 1508 2764 accusatores
1521 2710 1748 2763 memoratorum

63 2800 207 2857 etdiaconi
217 2803 575 2864 ordinentur.t2aeterorum
585 2813 682 2864 autem
692 2808 833 2880 graduum
840 2808 880 2864 di-
930 2807 991 2879 ejas
1004 2806 1211 2862 famulorumat
1222 2819 1278 2876 quc
1293 2805 1509 2875 persecutorum
1519 2802 1706 2872 damnantur,
1718 2802 1749 2855 et

64 2893 227 2952 stribatiom
234 2895 470 2975 triumveracium
478 2901 880 2974 testimoniumeumepiscopi
930 2900 959 2955 in
978 2899 1133 2969 baratrum,
1154 2898 1208 2954 nisi
1226 2914 1256 2953 se
1280 2896 1459 2953 correxerint
1472 2899 1501 2951 et
1521 2911 1573 2967 per
1590 2910 1691 2951 eorum
1706 2909 1749 2949 sa·

65 2986 164 3044 silicet
173 2989 344 3061 probatione
354 2992 483 3050 sufficere
496 2996 755 3066 potestaccusatio
765 3011 880 3070 quoque
929 2993 1121 3049 tisiactioaem
1143 2990 1317 3064 condignam
1340 2990 1452 3064 egerint
1472 2987 1681 3061 poenitentiam,
1700 2987 1748 3042 ia·

65 3096 158 3138 eorum
178 3098 267 3154 super
281 3100 339 3157 qua
356 3101 416 3141 non
435 3088 583 3143 consulere
596 3089 732 3161 voluistis,
747 3106 806 3146 aon
825 3089 880 3144 nisi
930 3087 1095 3144 dubitanter
1105 3085 1215 3142 vadunt
1228 3089 1257 3141 et
1268 3083 1426 3140 vindicibus
1438 3083 1564 3139 flammis
1577 3085 1746 3139 enarrantur.

65 3172 94 3228 ab
110 3174 226 3231 idoneis
250 3181 279 3232 et
298 3177 506 3250 probabisimis
527 3180 605 3250 vbis,
619 3183 669 3255 qui
692 3187 721 3239 et
742 3182 878 3255 suspicio·
890 3136 918 3212 C
930 3181 1109 3253 Quapropter
1129 3182 1242 3251 oportet
1267 3193 1369 3235 omnes
1391 3175 1427 3233 ab
1447 3175 1494 3232 his
1515 3191 1625 3246 cavere,
1641 3178 1670 3230 et
1689 3189 1748 3230 noa

67 3265 178 3325 aboset
187 3268 479 3343 sceleribuscareant,
488 3272 551 3332 fleri
560 3274 654 3346 debet,
665 3275 880 3349 quiaDomiaas
930 3274 1022 3330 solum
1037 3289 1094 3329 noa
1114 3272 1218 3341 lacere,
1232 3271 1283 3328 sed
1307 3287 1360 3327 nec
1383 3269 1553 3328 facientibus
1576 3268 1748 3340 consentire,

67 3362 192 3419 sauisui
206 3363 336 3435 eorporis
350 3367 660 3424 tractatoresarilibus
672 3372 701 3424 at
713 3369 842 3442 reprobis
852 3374 881 3426 et
930 3368 996 3441 quia
1019 3383 1077 3422 uon
1102 3365 1196 3423 solum
1219 3366 1269 3439 qui
1293 3364 1403 3422 faciunt
1423 3365 1605 3432 damnantur,
1628 3362 1678 3417 sed
1699 3360 1749 3434 qni

68 3468 117 3510 aon
128 3455 245 3513 idoads
252 3457 384 3529 personis
392 3458 528 3516 infamari
540 3461 630 3517 noluit
644 3478 696 3519 nec
709 3463 881 3519 calumniari
930 3459 1112 3516 consentiunt
1125 3458 1314 3528 facientibus3
1331 3456 1482 3514 dotalibus
1498 3460 1527 3512 et
1541 3456 1586 3511 his
1607 3454 1749 3511 similibus

70 3549 199 3620 lmffl,
212 3549 264 3606 Μ
276 3550 338 3622 59⁵⁰
350 3552 467 3626 proprio
481 3554 595 3628 flagello
616 3559 767 3629 peccantes
787 3572 878 3613 sacer·
930 3553 992 3625 ipsa
1002 3553 1111 3610 Veritas
1124 3552 1182 3608 ait:
1199 3575 1212 3603 a
1221 3553 1327 3624 Vulpes
1340 3550 1436 3608 loreas
1450 3549 1567 3620 habeat,
1578 3550 1608 3604 et
1619 3548 1750 3605 volucres

70 3639 166 3698 loten
179 3642 296 3716 templo
308 3643 401 3718 ejecit,
415 3646 493 3704 unde
507 3649 597 3722 liquet
609 3650 688 3723 quod
706 3650 812 3706 summi
834 3666 878 3704 sa·
929 3646 991 3702 ooeli
1014 3646 1108 3717 nidos,
1130 3645 1217 3701 Filias
1239 3649 1337 3701 autem
1358 3643 1485 3700 hominis
1508 3660 1569 3700 aon
1590 3642 1676 3699 habet
1700 3641 1750 3698 ubi

72 3732 203 3805 tudetes,
218 3735 251 3791 id
266 3741 319 3808 est,
332 3739 466 3813 episcopi,
477 3742 560 3798 aDeo
576 3742 806 3815 suntjudicandi,
820 3759 879 3799 noa
930 3744 1014 3811 ceput
1027 3756 1111 3795 suum
1124 3739 1244 3795 reclinet
1256 3737 1364 3809 (Mani.
1380 3753 1440 3805 vin,
1455 3739 1490 3792 20
1498 3754 1506 3806 3
1519 3738 1585 3792 luc.
1609 3752 1646 3804 ιι,
1660 3736 1715 3807 58),
1733 3755 1747 3785 a

73 3827 248 3888 dammis
270 3836 321 3889 aut
340 3850 437 3906 pravae
457 3835 522 3891 ritae
542 3835 707 3893 hominibus
725 3835 878 3905 lacerandi,
930 3833 1032 3902 idest,
1054 3832 1085 3888 ia
1105 3831 1209 3888 talibas
1230 3847 1289 3886 noa
1313 3829 1425 3885 habitat
1446 3828 1594 3895 Dominus,
1620 3843 1672 3882 nec
1695 3826 1749 3898 ipsi

74 3923 109 3978 sed
127 3926 229 3998 potius
252 3926 290 3981 ab
312 3926 477 3983 hominibus
498 3928 631 3985 fidelibus
653 3928 798 4002 portandi,
818 3929 880 4002 ipso
930 3929 1051 3982 maneat
1074 3926 1103 3981 ia
1126 3941 1174 3995 eo;
1188 3928 1217 3980 et
1235 3922 1371 3980 Salomon
1387 3921 1514 3994 loquitur
1526 3920 1623 3976 diceas
1639 3937 1646 3974 :
1663 3938 1678 3972 e
1693 3918 1748 3984 Qui

72 4013 181 4074 Domino
203 4020 371 4092 exemplum
394 4021 490 4092 dante,
504 4023 620 4094 quando
640 4023 831 4095 perseipsum
852 4027 881 4079 et
929 4019 1002 4075 fodit
1013 4018 1137 4087 lorcam,
1152 4017 1260 4073 incidet
1273 4016 1302 4071 ia
1318 4032 1391 4085 eam,
1407 4014 1499 4086 etqui
1513 4012 1602 4069 volvit
1621 4010 1748 4084 lapidem

72 4124 116 4165 Da
130 4127 186 4185 per
199 4113 292 4168 alium
304 4114 461 4171 rendentes
473 4121 502 4171 et
518 4120 646 4172 ementes
659 4116 744 4188 ejecit
758 4116 793 4173 de
806 4121 878 4173 tem-
929 4115 1090 4169 revertetur
1102 4111 1139 4168 ad
1154 4127 1232 4169 cam.
1245 4109 1357 4182 Lingua
1375 4108 1459 4164 fallax
1479 4123 1538 4162 aon
1556 4105 1747 4162 amatrerita·

71 4201 117 4272 pio,
125 4208 156 4260 et
164 4208 551 4266 mensasnummulariorum
559 4211 589 4266 et
598 4209 748 4266 cathedras
757 4211 880 4266 veadea·
929 4210 998 4276 tem,
1017 4209 1046 4262 et
1067 4222 1098 4261 os
1119 4203 1261 4260 lubricum
1282 4205 1420 4276 operatur
1438 4200 1536 4256 ruinas
1558 4199 1647 4270 (Pecu.
1672 4215 1746 4267 arri,

71 4295 268 4372 improprio
282 4301 509 4374 ererattlagello
523 4302 648 4374 etejeoit
663 4302 700 4359 de
713 4304 831 4375 templo.
845 4305 881 4359 at
930 4299 985 4371 57).
1003 4319 1016 4348 »
1031 4299 1120 4354 Grave
1142 4301 1186 4354 est
1207 4311 1309 4353 saxum
1329 4299 1358 4353 et
1380 4310 1503 4351 onerosa
1527 4309 1624 4365 arena,
1639 4292 1689 4350 sed
1706 4293 1749 4349 ira

70 4388 268 4449 acmalibiait
282 4409 290 4449 z
306 4415 321 4443 a
335 4395 409 4450 Deus
427 4395 505 4451 stetit
527 4395 558 4451 in
579 4411 726 4469 synagoga
747 4396 878 4465 deorum,
929 4392 1008 4448 stulti
1026 4395 1150 4465 utroque
1171 4390 1296 4462 gravior,
1312 4388 1462 4444 hominem
1484 4387 1534 4460 qui
1557 4385 1748 4443 calumniatur

70 4480 203 4540 amuis
223 4490 320 4542 sutem
337 4487 406 4543 deos
418 4488 502 4560 (Psot.
518 4504 607 4558 mxxi,
623 4490 646 4561 l)
663 4510 677 4540 »
695 4488 829 4546 decernit,
846 4491 919 4577 llll)
929 4487 1033 4542 animas
1047 4484 1226 4558 sanguinem,
1238 4483 1261 4537 si
1276 4498 1365 4555 usqae
1378 4481 1414 4537 ad
1426 4481 1519 4536 boum
1533 4479 1649 4551 fugerit,
1661 4495 1749 4536 nemo

69 4574 153 4632 alibi:
172 4597 188 4630 e
208 4578 269 4650 Ego
290 4579 360 4650 dixi,
381 4580 421 4637 dii
441 4583 508 4638 estis
528 4586 557 4638 et
578 4581 630 4637 lllii
652 4582 756 4640 excelsi
781 4599 880 4639 omnes
930 4579 1064 4650 sustinet;
1080 4577 1129 4651 qui
1144 4593 1174 4632 se
1184 4577 1273 4649 jactat
1288 4578 1317 4631 et
1329 4574 1437 4644 ddatst,
1447 4573 1544 4645 jurgia
1553 4572 1749 4646 coacitat;qui

69 4670 147 4736 (Μ.
160 4687 254 4742 mxi,
269 4673 308 4745 o);
328 4695 343 4725 s
360 4674 456 4730 nullm
476 4676 556 4731 eaim
577 4676 618 4746 (ut
637 4676 713 4748 reor)
736 4677 881 4733 iuvenitur
930 4675 1025 4745 sperat
1037 4672 1066 4727 ia
1081 4669 1213 4738 Domino,
1228 4667 1389 4737 sanabitar3
1409 4666 1459 4738 qui
1473 4665 1591 4721 considit
1609 4665 1639 4720 in
1660 4665 1747 4722 corde

68 4761 140 4819 inter
151 4781 205 4820 nos
217 4766 268 4838 qai
282 4767 350 4822 velit
361 4783 446 4824 suum
458 4784 573 4827 serrum
586 4771 622 4826 ab
642 4771 696 4827 atio
716 4786 804 4842 quam
820 4785 881 4826 ase
931 4781 982 4821 sao
995 4766 1097 4820 stultas
1111 4767 1163 4832 est,
1181 4763 1231 4835 qui
1250 4765 1348 4817 autem
1371 4758 1501 4832 graditur
1518 4759 1671 4832 sapienter,
1686 4759 1748 4832 ipse

65 4854 193 4924 ludiffl'i·
208 4858 292 4924 011οᾶ
300 4860 325 4915 ei
337 4867 545 4935 presumptum
554 4864 651 4934 tuerit,
659 4869 709 4920 aut
720 4864 811 4919 multa
820 4863 881 4935 ipse
932 4859 1100 4929 salvabitur,
1115 4856 1165 4930 qui
1180 4855 1291 4911 fortiter
1304 4852 1410 4926 premit
1426 4852 1514 4908 ubera
1526 4853 1562 4908 ad
1574 4853 1748 4909 eliciendum

66 4949 261 5023 indignatiom
280 4953 420 5024 irascitur,
435 4959 485 5012 aut
505 4957 599 5030 potius
618 4957 759 5014 ultionem
781 4955 883 5030 querit
931 4954 984 5023 lac,
1001 4950 1136 5024 exprimit
1159 4949 1310 5021 butyram3
1330 4947 1380 5019 qui
1397 4946 1583 5003 vehementer
1606 4946 1747 5018 emungit,

66 5058 210 5115 supereo.
233 5045 345 5103 sivero
366 5047 421 5104 boc
439 5049 516 5106 inter
534 5051 664 5108 homines
685 5051 791 5123 agitur,
811 5048 882 5121 quid
931 5045 1008 5103 elicit
1034 5043 1213 5117 sanguinem,
1238 5046 1267 5098 et
1289 5040 1338 5113 qai
1366 5042 1498 5112 provocat
1528 5038 1595 5109 iras,
1617 5040 1749 5113 producit

65 5136 269 5206 Wficiet
287 5139 360 5197 Deus
377 5141 505 5212 deorum,
521 5145 550 5200 et
571 5143 710 5201 Dominus
731 5142 880 5199 dominan-
932 5137 1096 5196 discordias.
1408 5206 1413 5218 Ι
1453 5206 1459 5219 .

64 5227 685 5310 tiam,qaiultioaemsaorumpromisitnoa
699 5235 882 5293 differreser
1198 5203 1270 5261 &⁶¹⁰
1293 5209 1482 5260 mmm&

64 5324 189 5380 rommt
202 5325 282 5383 Uada
301 5330 332 5383 et
342 5327 405 5400 ipsa
426 5345 479 5400 por
497 5330 670 5402 Prophetam
689 5329 826 5404 loquitur,
842 5328 883 5385 di·
968 5327 1031 5381 llaec
1044 5328 1073 5379 et
1085 5321 1140 5378 alia
1154 5319 1312 5393 periculosa
1323 5318 1533 5377 considerantes
1548 5317 1677 5392 apostoli,
1690 5323 1746 5375 sta·

65 5429 155 5473 m:
179 5438 195 5469 s
217 5418 290 5476 Deus
312 5421 454 5478 ultionum
474 5422 622 5495 Dominus,
644 5425 719 5479 Deus
742 5424 883 5480 ultionum
932 5421 1058 5485 tuerent,
1074 5432 1111 5473 ne
1124 5413 1467 5472 lacilecommorereatur
1484 5416 1533 5469 aut
1555 5412 1748 5469 lacerarentur

66 5507 154 5567 ’Μ
166 5510 228 5584 egit
240 5513 322 5584 (Ptol.
337 5529 412 5584 acar,
430 5516 466 5588 l),
480 5537 494 5567 a
511 5521 541 5574 et
561 5517 683 5590 reliqua.
707 5517 742 5573 at
764 5518 882 5589 Aposto·
933 5515 976 5569 vel
992 5510 1191 5568 accusarentur
1204 5508 1344 5564 columae
1359 5509 1464 5562 sanctae
1474 5505 1523 5561 Dei
1533 5502 1671 5574 Ecclesia,
1681 5519 1746 5576 ques

65 5600 116 5675 ⁸¹¹2
129 5602 246 5678 inquit:
265 5607 333 5664 «Tu
352 5607 463 5682 quises
481 5610 531 5684 qui
550 5609 663 5684 judicas
686 5626 800 5666 servum
813 5608 883 5666 alie·
933 5604 1053 5681 apostoli
1066 5608 1095 5660 et
1107 5617 1280 5660 successores
1295 5616 1396 5657 eorum
1411 5616 1469 5655 noa
1484 5595 1629 5654 immerito
1651 5596 1749 5654 dicun·

67 5696 154 5753 uam?
175 5715 228 5757 suo
245 5700 325 5759 enim
346 5703 470 5760 Domino
492 5706 548 5762 stat
568 5708 617 5760 aut
636 5703 711 5760 cadit
725 5703 809 5775 (item.
825 5718 882 5771 x1v,
933 5705 989 5760 tur.
1004 5699 1058 5758 Sed
1074 5696 1175 5769 siquis
1190 5695 1325 5752 adversus
1349 5709 1399 5749 eos
1419 5691 1464 5747 vel
1484 5688 1623 5747 Ecclesiae
1645 5707 1748 5753 eorum

68 5789 102 5861 ἢ»
117 5816 132 5841 ¹·
153 5799 182 5851 et
200 5794 263 5870 ipse
278 5812 284 5850 :
300 5818 314 5847 a
337 5797 430 5855 Nolite
451 5797 579 5870 judicare
602 5797 735 5867 invicem,
755 5798 804 5853 sed
829 5797 883 5855 hoc
934 5799 1093 5852 commotus
1115 5791 1210 5858 luerit,
1226 5793 1274 5844 aut
1288 5803 1387 5843 causas
1401 5784 1542 5852 habuerit,
1557 5784 1635 5858 prius
1649 5786 1686 5844 ad
1701 5803 1749 5847 eos
