3870 6150
122 202 180 303 aas⁸
564 243 707 304 arnano.
728 244 772 306 ao
789 246 871 303 sne.
894 247 935 302 n.
951 275 985 286 -
1006 244 1130 301 isinum
1149 203 1362 302 nancaronrs

84 405 92 416 ,
125 354 296 422 missisunt,
312 358 340 409 et
355 354 479 409 ecclcsiae
495 356 655 425 patrocinio
673 355 864 411 commendati
886 354 942 410 exi·
952 370 981 442 Α
993 360 1035 409 est
1044 353 1210 426 perjurium,
1222 369 1274 406 nec
1287 351 1399 423 regibus
1411 349 1517 405 inferre
1529 344 1690 404 exitium.li

124 450 213 516 stunt,
226 446 298 502 sieut
320 447 427 520 regulae
447 448 633 521 antiquorum
652 449 771 506 Petrum
791 448 942 504 constitue-
991 448 1098 520 quippe
1121 446 1193 501 fides
1217 445 1291 518 pacti
1314 445 1407 513 datur,
1421 460 1474 498 nec
1486 443 1618 498 violatur.
1640 441 1690 507 Qui

125 545 202 611 nint,
215 539 384 596 sacerdotali
400 540 595 598 defensionen
616 541 767 613 cujuslibet
787 541 942 597 insolentia
991 540 1066 595 bello
1080 540 1151 595 tides
1164 539 1269 611 vigeat,
1281 541 1388 610 quanto
1402 536 1496 608 magis
1504 535 1535 591 in
1547 534 1658 591 catena
1669 550 1690 590 st

124 637 314 707 protegantur
334 633 436 691 sivein
455 638 529 690 statu
552 635 700 705 libertatis,
717 636 775 691 sive
789 635 819 690 in
831 635 942 708 peculio
993 633 1049 688 estl
1070 631 1251 704 sacrilegium
1264 631 1370 704 quippe
1385 634 1436 697 est,
1452 629 1476 684 si
1492 629 1616 684 violetur
1635 645 1653 682 a
1672 642 1690 699 g

124 728 201 801 quod
215 727 323 783 hahere
337 731 505 783 noscuntur.
992 743 1093 799 regum
1115 742 1234 781 suorum
1255 724 1396 796 promissa
1417 724 1497 794 tides,
1510 722 1577 795 quia
1592 738 1651 777 non
1663 736 1690 776 ss

160 823 260 878 Llillll.
280 819 449 893 Quicunque
472 822 632 881 libertatem
655 839 673 878 a
694 821 819 878 dominis
833 822 890 878 suis
902 822 943 877 ita
993 837 1042 876 eos
1053 820 1085 875 fit
1097 820 1173 891 pacti
1184 819 1382 891 transgressio,
1398 818 1490 874 sedet
1504 817 1534 871 in
1557 816 1658 884 Deum,
1678 814 1688 870 i

124 914 334 989 percipiunt,ut
345 915 456 970 nullum
470 915 523 970 sibi
533 915 563 970 in
574 912 614 973 sis
625 915 793 989 obsequium
805 920 943 988 patronus
992 914 1109 969 nomine
1133 913 1284 986 pollicetur
1300 911 1363 985 ipsa
1384 910 1547 985 promissio.
1574 909 1644 966 lnde
1665 924 1690 964 aa

126 998 258 1077 retentet,
273 1007 320 1063 isti
335 1008 429 1063 sisine
443 1008 564 1064 crimine
578 1008 693 1065 suntad
709 1009 858 1065 clericatus
869 1009 944 1065 ordi·
993 1007 1085 1062 multa
1097 1023 1188 1078 regna
1209 1011 1352 1062 terrarum
1375 1005 1495 1061 caelestis
1513 1000 1690 1073 iracundia,i

127 1118 194 1158 nem
214 1101 415 1174 suscipiantur,
431 1102 500 1174 quia
520 1103 628 1159 directa
646 1101 870 1159 manumissione
891 1103 942 1157 ab·
993 1084 1113 1155 mutarit
1128 1105 1160 1155 ut
1172 1117 1224 1172 pro
1240 1099 1386 1171 impietate
1406 1098 1474 1154 fidei
1497 1100 1526 1154 et
1549 1112 1678 1167 morum,

128 1195 212 1250 soluti
227 1198 396 1267 noscuntur;
411 1194 460 1267 qui
475 1211 540 1252 vero
553 1199 667 1253 retento
683 1195 821 1268 obsequio
841 1212 942 1251 manu·
993 1194 1082 1249 altero
1095 1195 1264 1250 solveretur.
1279 1193 1358 1249 Unde
1373 1195 1402 1249 et
1414 1209 1467 1247 nos
1488 1207 1588 1246 cavere
1610 1193 1690 1261 oport

127 1289 294 1358 missisunt,
308 1305 361 1361 pro
376 1305 411 1344 eo
426 1289 501 1361 quod
516 1289 608 1345 adhuc
620 1290 733 1362 patroni
751 1288 885 1345 servitute
898 1293 942 1344 te·
993 1303 1055 1342 sam
1076 1286 1240 1359 hujusmodi
1262 1286 1402 1358 gentium,
1415 1302 1451 1341 ne
1465 1283 1595 1340 similiter
1611 1284 1690 1356 plaga

127 1384 233 1438 nentur
253 1381 378 1452 obnoxii,
397 1382 558 1439 nullatenus
578 1387 646 1438 sunt
667 1382 704 1438 ad
726 1381 944 1439 ecclesiasticum
993 1397 1059 1436 mur
1071 1380 1221 1453 praecipiti,
1238 1383 1268 1434 et
1281 1396 1366 1452 poena
1379 1379 1533 1452 puniamur
1544 1376 1663 1433 erudeli.
1685 1377 1690 1430 t

127 1475 257 1531 ordinem
278 1476 476 1547 promovendi,
490 1493 527 1531 ne
547 1475 663 1548 quaudo
682 1475 822 1533 voluerint
844 1492 944 1532 eorum
994 1473 1066 1531 Deus
1077 1472 1188 1545 angelis
1196 1473 1226 1528 in
1237 1489 1267 1529 se
1278 1471 1530 1545 prevaricantibus
1540 1487 1599 1526 non
1611 1486 1689 1543 pepe

128 1568 246 1640 domini,
260 1569 332 1625 fiant
351 1585 387 1624 ex
401 1569 510 1626 clericis
522 1567 605 1625 servi.
994 1566 1278 1639 perinobedientiam
1285 1565 1399 1623 caeleste
1407 1565 1602 1621 habitaculum
1610 1563 1690 1637 perdi

163 1663 270 1719 Lliltlll.
285 1665 323 1719 De
336 1662 453 1718 familiis
466 1663 592 1718 ecclesias
612 1663 784 1719 constituere
803 1663 944 1735 presbyte·
994 1661 1070 1716 unde
1085 1663 1115 1716 et
1132 1676 1185 1734 per
1199 1659 1302 1716 isaiam
1321 1659 1398 1730 dicit,
1416 1679 1430 1712 «
1452 1658 1608 1715 inebriatus
1633 1659 1679 1714 est

128 1771 185 1823 ros,
202 1760 230 1811 et
251 1756 385 1812 diacones
407 1773 459 1829 per
481 1757 629 1828 parochias
649 1757 744 1828 liceat,
757 1773 827 1829 quos
846 1743 982 1815 tamenB
995 1770 1077 1808 meus
1091 1753 1122 1808 in
1140 1754 1408 1824 coelotlsoi.xxx1r,
1425 1753 1490 1824 5),»
1514 1755 1622 1823 quanto
1647 1767 1690 1808 ms

127 1848 194 1905 sitm
214 1849 365 1920 rectitudo,
381 1852 409 1906 et
423 1849 548 1923 probitas
568 1866 683 1907 morum
704 1849 893 1917 commendat,
910 1865 944 1904 ea
994 1850 1100 1903 nostra
1108 1847 1206 1903 salutis
1214 1847 1366 1903 interitum
1375 1846 1477 1902 umere
1488 1846 1682 1914 debemus,ne

126 1945 223 1999 tamen
235 1943 348 2000 ratione
361 1946 393 2000 ut
404 1947 488 1999 antea
499 1942 669 2000 manumissi
681 1942 842 2003 libertatem
855 1945 944 1998 status
995 1941 1141 1997 delitatem
1154 1941 1254 1997 eodem
1267 1940 1400 1997 seviente
1419 1938 1588 2013 pereamust
1602 1938 1686 2004 Quod

128 2035 174 2093 sui
188 2034 356 2111 percipiant,
377 2041 405 2093 et
423 2037 516 2093 denuo
537 2037 574 2093 ad
594 2037 800 2093 ecclesiasticos
822 2036 944 2092 honores
994 2051 1061 2090 nam
1073 2034 1250 2091 iracundiam
1260 2035 1348 2090 vitare
1363 2034 1505 2104 volumus,
1513 2038 1543 2089 et
1554 2033 1690 2090 severitat

128 2127 289 2185 succedant.
303 2131 352 2186 Est
365 2129 444 2185 enim
459 2129 654 2202 irreligiosum
666 2130 807 2202 obligatos
825 2130 944 2186 existere
994 2128 1227 2184 adclamantium
1245 2144 1397 2201 provocare
1419 2128 1562 2201 cupim'us,
1577 2143 1690 2184 servem

126 2221 264 2291 servituti,
286 2220 336 2294 qui
358 2223 431 2282 sacri
454 2222 562 2278 ordinis
583 2223 742 2296 suscipiunt
764 2223 943 2296 dignitatem,
993 2221 1690 2294 Deumreligioniscultumatquetimorem,custt

128 2312 269 2387 quidquid
290 2321 388 2371 autem
403 2315 509 2373 talibus
523 2320 572 2372 aut
586 2333 637 2389 per
650 2316 812 2373 libertatem
828 2330 944 2373 conma-
994 2332 1065 2388 erga
1078 2315 1222 2388 principes
1237 2321 1350 2372 nostros
1363 2316 1517 2389 pollicitam
1533 2315 1621 2371 fidem
1632 2318 1690 2388 stqt

129 2424 202 2477 sum,
218 2413 268 2465 aut
282 2409 459 2467 successione
480 2409 620 2467 exstiterit
633 2410 744 2488 datum,
755 2413 806 2466 aut
817 2408 946 2485 quolibet
994 2409 1115 2464 sionem.
1131 2409 1194 2465 Non
1208 2409 1287 2465 sitin
1299 2409 1381 2464 nobis
1394 2412 1425 2464 ut
1440 2407 1470 2465 in
1489 2407 1662 2481 quibusdam
1679 2424 1690 2482 p

128 2502 279 2558 commodo
291 2503 435 2575 collatum,
447 2520 505 2559 non
517 2502 614 2560 licebit
623 2503 664 2560 eis
679 2502 827 2577 quippiam
836 2502 904 2560 inde
915 2503 944 2559 in
994 2501 1167 2558 infidelitatis
1175 2502 1314 2559 subtilitas
1323 2501 1425 2575 impia,
1433 2500 1628 2559 nonsubdolae
1636 2517 1690 2559 met

128 2600 276 2653 extraneas
290 2613 424 2670 personas
443 2597 648 2667 transmittere,
663 2598 711 2654 sed
724 2593 821 2653 omnia
835 2597 872 2654 ad
884 2597 944 2669 ejus
994 2595 1071 2664 lidia,
1084 2611 1143 2652 non
1157 2595 1276 2669 perjurii
1292 2598 1381 2666 nefas,
1397 2599 1426 2652 et
1442 2596 1690 2668 conjurationum:

130 2690 349 2762 ecclesiamque
369 2691 541 2747 manumissi
553 2695 620 2747 sunt
633 2696 698 2764 post
718 2707 817 2746 eorum
834 2690 944 2746 obitum
994 2687 1155 2746 molimina.
1174 2690 1272 2746 Nullus
1290 2690 1366 2761 apud
1378 2707 1430 2746 uos
1442 2689 1671 2763 presumptione
1688 2706 1690 2744 1

129 2782 281 2857 pertinere.
293 2784 340 2844 llis
351 2800 465 2859 quoque
478 2785 551 2840 sicut
562 2789 591 2840 et
603 2784 711 2840 crebris
722 2783 848 2841 ecclesias
860 2783 945 2840 liber·
993 2782 1124 2855 accipiat,
1138 2783 1234 2839 nullus
1252 2783 1355 2840 excitet
1378 2789 1493 2840 mutuas
1518 2784 1681 2840 seditiones

129 2878 165 2932 tis
178 2877 330 2933 accusandi
338 2879 383 2933 rel
392 2876 564 2933 testificandi
578 2877 712 2934 adversus
726 2877 873 2935 ecclesiam
886 2878 944 2934 adi·
994 2893 1081 2931 nemo
1104 2877 1258 2933 meditetur
1277 2876 1408 2933 interitus
1428 2879 1542 2949 regum,
1555 2876 1606 2933 sed
1626 2876 1690 2933 defu

130 2973 175 3025 tus
188 2969 395 3041 intercluditur,
406 2971 442 3026 ad
453 2971 528 3042 quod
541 2971 565 3026 si
578 2970 773 3043 aspiraverint,
784 2988 843 3028 non
854 2972 945 3028 solum
995 2985 1066 3043 pace
1077 2970 1360 3043 principe,primates
1371 2970 1539 3043 gentiacum
1548 2969 1690 3027 sacerdoti

129 3062 267 3118 libertatis
275 3063 411 3120 beneficio
424 3064 605 3132 careant,sed
615 3063 702 3120 etiam
711 3065 829 3121 honoris
842 3065 942 3138 gradu,
995 3064 1349 3136 cessoremregniooncilio
1360 3064 1507 3121 communi
1517 3063 1690 3121 constituant

130 3171 217 3228 quem
227 3173 287 3212 non
295 3156 432 3229 dignitate
440 3160 560 3227 natura,
571 3155 621 3214 sed
630 3161 759 3231 tempore
770 3117 983 3216 necessitatisC
996 3157 1113 3212 unitatis
1127 3157 1280 3214 concordia
1294 3174 1311 3213 a
1324 3158 1406 3214 nobis
1420 3157 1572 3228 retinetur,
1585 3157 1690 3214 nullum

130 3254 359 3323 promeruerunt.
996 3251 1148 3323 gentisque
1163 3251 1312 3307 dissidium
1328 3252 1451 3325 pervim
1468 3251 1636 3307 ambitionis
1653 3267 1690 3307 mt

164 3344 274 3401 LlllllV.
287 3344 354 3401 Post
369 3343 499 3402 instituta
519 3346 652 3418 quedam
671 3345 851 3404 ecclesiastici
871 3347 947 3404 ordi·
996 3343 1109 3410 Quodsi
1119 3346 1181 3400 hae
1195 3344 1351 3401 admonitio
1363 3350 1474 3402 mentes
1486 3350 1598 3402 nostras
1612 3360 1690 3402 nont

131 3437 176 3495 nis
188 3439 234 3494 rel
249 3437 362 3495 decreta
374 3455 439 3512 quse
451 3440 488 3496 ad
499 3440 688 3513 quommdam
708 3440 853 3513 pertinent
865 3441 947 3497 disci·
996 3443 1025 3493 et
1038 3437 1074 3493 ad
1088 3439 1209 3495 salutem
1223 3455 1408 3495 communem
1421 3457 1469 3495 cor
1484 3444 1614 3495 nostrum
1626 3454 1690 3512 neq

130 3532 249 3604 plinam,
258 3534 405 3606 postrema
419 3533 501 3590 nobis
512 3534 620 3591 canetis
634 3533 825 3592 sacerdotibus
834 3539 946 3592 senten·
994 3531 1135 3603 perducit,
1147 3532 1214 3588 audi
1228 3533 1399 3589 sententiam
1414 3537 1551 3589 nostram.
1566 3533 1690 3606 Quicunq

130 3625 172 3680 tia
184 3630 236 3696 est,
248 3642 301 3698 pro
315 3626 416 3683 robore
437 3632 601 3685 nostrorum
615 3643 727 3701 regum,
743 3632 772 3684 et
793 3628 945 3686 stabilitate
996 3642 1031 3682 ex
1042 3625 1135 3695 uobis,
1148 3627 1192 3681 vel
1201 3627 1289 3682 totius
1300 3627 1444 3699 ltispaniae
1456 3626 1570 3700 populis
1579 3625 1690 3699 qualibe

130 3717 223 3791 gentis
237 3718 394 3777 Gothorum
409 3721 568 3794 pontificale
585 3721 718 3777 ultimum
726 3722 779 3778 sub
787 3721 946 3794 ileojudice
995 3719 1113 3789 ratione,
1124 3720 1168 3775 vel
1178 3718 1274 3776 studio
1284 3727 1495 3777 sacramentum
1508 3719 1577 3776 fidei
1590 3736 1689 3793 suse,q

129 3813 205 3869 ferre
220 3810 377 3871 decretum.
391 3813 543 3873 llulturum
558 3813 797 3888 quippegentium
811 3815 853 3890 (ut
870 3817 946 3873 fama
995 3813 1096 3887 patria
1109 3813 1261 3886 gentisque
1275 3815 1432 3871 Gothorum
1446 3818 1529 3885 statu,
1540 3815 1584 3871 sel
1599 3829 1690 3870 conset

131 3908 179 3979 est]
193 3911 273 3963 muta
284 3910 377 3963 exstat
389 3908 509 3982 perfidia
521 3908 697 3981 animorum,
713 3913 745 3965 ut
756 3911 843 3967 fldem
857 3927 947 3966 sacra·
996 3907 1084 3979 regia
1098 3907 1199 3963 salutis
1210 3908 1352 3980 pollicitus
1374 3911 1426 3978 est,
1442 3907 1634 3978 temeraverit,
1649 3923 1690 3964 au*

131 4000 945 4074 mentopromissamregibussuisobservarecontemnant,
994 4016 1065 4057 nece
1076 4003 1274 4072 attrectaverit,
1294 4007 1344 4059 aut
1360 4005 1498 4074 potestate
1520 4001 1604 4074 regni
1627 4017 1690 4058 exus

131 4099 160 4149 et
174 4110 223 4149 ore
235 4093 370 4149 simulent
383 4093 540 4165 iuramenti
561 4096 779 4169 professionem,
793 4097 863 4152 dum
881 4096 947 4152 reti-
994 4095 1218 4166 praesumptione
1232 4096 1381 4168 tyrannica
1394 4096 1476 4169 regni
1491 4096 1639 4169 fastigium
1657 4112 1690 4152 us

132 4192 219 4242 neunt
232 4186 466 4260 msutsperfldiae
488 4188 674 4261 impietatem,
685 4189 788 4260 jurant
804 4188 884 4246 enim
903 4207 948 4246 re·
994 4187 1043 4257 rit,
1057 4189 1209 4245 anathema
1222 4190 1259 4245 sit
1275 4189 1305 4247 in
1319 4196 1471 4264 conspectu
1490 4191 1541 4246 liei
1561 4191 1690 4261 Patriae

133 4278 215 4352 gibus
228 4279 297 4349 suis,
313 4284 342 4336 et
358 4280 444 4336 tidem
456 4296 544 4354 quam
565 4282 745 4356 pollicentur,
762 4280 947 4356 praevaricari·
994 4282 1099 4352 lorum,
1113 4286 1198 4356 atque
1218 4283 1253 4339 ab
1274 4284 1394 4341 Ecclesia
1409 4284 1550 4340 catholica
1572 4301 1660 4357 quam
1684 4301 1690 4357 1

131 4377 189 4446 tur,
215 4389 269 4430 nec
289 4376 423 4431 metuunt
444 4375 579 4433 volumen
601 4376 671 4432 illud
693 4374 794 4447 judicii
813 4377 873 4448 Dei,
896 4394 947 4451 per
995 4376 1196 4448 profanaverit,
1213 4377 1352 4434 efficiatur
1366 4383 1523 4447 extraneus,
1540 4382 1568 4433 et
1585 4379 1621 4434 ab
1640 4393 1690 4434 om:

131 4466 208 4542 quod
219 4466 367 4527 inducitur
374 4468 701 4544 maledictinmultaque
709 4487 859 4543 poenarum
871 4488 986 4567 com-D
996 4470 1221 4528 Christianorum
1234 4471 1344 4528 alienus
1356 4487 1423 4529 cum
1436 4472 1569 4528 omnibus
1581 4471 1690 4546 impiet

132 4563 250 4620 sinuatio
266 4580 353 4637 super
367 4580 424 4632 eos,
437 4564 485 4638 qui
494 4563 593 4636 jurant
604 4564 634 4620 in
649 4565 765 4621 nomine
775 4566 947 4623 Deimenda-
997 4564 1089 4634 sociis,
1104 4564 1171 4637 quia
1192 4570 1304 4637 oportet
1322 4570 1356 4623 ut
1372 4584 1431 4622 una
1450 4582 1536 4639 poena
1557 4568 1654 4623 teneat
1673 4582 1690 4624 o

132 4654 211 4714 citer.
225 4659 293 4727 Quae
309 4674 377 4731 ergo
389 4675 453 4732 spes
476 4658 579 4715 talibus
598 4659 712 4732 populis
733 4664 832 4717 contra
851 4662 948 4717 hostes
996 4674 1067 4730 quos
1077 4657 1177 4713 similis
1186 4676 1268 4716 error
1275 4660 1416 4716 invenerit
1428 4661 1601 4733 implicatos.
1615 4660 1690 4726 Quod

133 4748 328 4808 laborantibus
341 4753 653 4819 erittQuaefldesultra
665 4770 731 4810 cum
743 4754 948 4827 aliisgentibus
997 4752 1123 4808 seeundo
1147 4753 1327 4825 replicamus,
1349 4754 1474 4810 dicentes
1496 4754 1689 4829 :Quicunque

134 4842 165 4898 in
176 4860 248 4916 pace
260 4846 402 4903 credenda
415 4852 480 4919 post
492 4848 582 4904 foedus
596 4865 654 4906 nou
668 4846 860 4907 violandum?
879 4849 947 4913 Quae
998 4862 1032 4901 ex
1047 4846 1141 4917 nobis,
1157 4849 1202 4903 vel
1215 4849 1324 4904 eunctis
1337 4848 1479 4921 llispaniae
1491 4848 1606 4921 populis
1618 4849 1690 4922 quoi

132 4933 163 4993 in
189 4934 317 4995 hostibus
336 4940 404 5012 jura
429 4941 522 4997 stabili
543 4942 757 5014 permanebunt
780 4942 946 5016 sponsione,
997 4944 1083 5010 ctatu,
1097 4941 1142 4996 vel
1156 4942 1251 4997 studio
1272 4945 1486 4999 sacramentum
1508 4942 1576 4998 fidei
1591 4959 1690 5018 suseqt

133 5029 249 5105 quaudo
258 5046 312 5087 nee
322 5030 391 5104 ipsis
402 5033 524 5107 propriis
533 5033 778 5108 regibusfuratam
788 5035 874 5092 fidem
883 5052 949 5092 eon·
997 5034 1096 5106 patria
1112 5035 1260 5108 gentisque
1273 5035 1428 5092 Gothorum
1440 5039 1525 5107 statu,
1540 5036 1586 5093 vel
1599 5053 1690 5094 conset

133 5128 256 5196 servant,
268 5124 331 5198 quis
344 5126 422 5182 euim
435 5127 640 5183 adeofuriosus
655 5129 948 5204 est,quicaputsuum
998 5128 1087 5200 regias
1112 5129 1208 5184 salutis
1231 5129 1374 5202 pollicitus
1397 5135 1449 5200 est,
1468 5130 1690 5200 violarentur!

133 5234 221 5277 manu
242 5235 294 5275 sua
312 5220 429 5292 propria
450 5220 582 5278 desecet?
597 5222 647 5290 llli,
664 5227 696 5278 ut
710 5225 812 5281 notum
824 5228 876 5294 est,
892 5223 946 5279 im·
996 5237 1066 5278 nece
1088 5223 1289 5293 attrectaverit,
1303 5228 1353 5279 aut
1366 5230 1505 5297 potestate
1526 5226 1613 5298 regni
1631 5242 1690 5281 exus

132 5329 277 5371 memores
297 5314 395 5372 salutis
408 5331 466 5370 suae
476 5315 593 5387 propria
614 5332 702 5373 manu
725 5316 832 5392 seipsos
852 5317 948 5372 interi-
997 5317 1690 5392 presumptionetyrannicaregnifasugiumusm

132 5407 258 5465 muntia
272 5408 437 5481 semetipsos
452 5424 574 5481 suosque
586 5426 670 5483 reges
682 5410 813 5484 proprias
827 5426 946 5467 conver·
998 5411 1152 5466 anathema
1165 5409 1194 5466 in
1208 5415 1359 5483 conspectu
1371 5412 1476 5468 Christi
1491 5415 1520 5468 et
1539 5414 1690 5486 apostolon

133 5503 220 5558 tendo
231 5501 315 5558 vires.
326 5503 431 5560 Etcum
442 5501 581 5559 Dominus
594 5503 683 5560 dicat:
699 5504 816 5561 «Nolite
826 5507 947 5578 tangere
997 5503 1043 5572 sit,
1057 5510 1143 5577 atque
1156 5504 1191 5560 ah
1212 5504 1333 5561 Ecclesia
1347 5505 1487 5563 catholiea
1503 5523 1591 5579 quam
1604 5507 1690 5580 perp'n⁴

134 5595 259 5652 Christos
281 5613 360 5652 meos
373 5596 397 5669 (l
414 5599 480 5653 Pur.
494 5612 550 5668 rvr,
566 5598 620 5668 Ὦ),
636 5619 651 5649 n
674 5602 703 5653 et
725 5597 812 5668 llayid
826 5614 834 5654 ε
850 5621 863 5650 «
880 5598 948 5664 Quis
997 5597 1145 5670 sanaverit,
1159 5599 1299 5655 efficiatur
1311 5603 1470 5671 extraneus,
1485 5606 1514 5657 et
1527 5602 1563 5657 ab
1577 5600 1659 5657 omni
1670 5616 1690 5657 c

135 5688 264 5745 extendit
275 5706 395 5747 manum
408 5689 680 5747 suuminGhristum
695 5690 819 5761 Domini,
829 5695 858 5749 et
868 5692 947 5750 inno
997 5691 1222 5750 Christianorum
1236 5694 1346 5749 alienus
1361 5699 1389 5750 et
1398 5695 1549 5751 damnatus
1559 5694 1591 5752 iu
1600 5695 1690 5753 fatua

136 5793 203 5839 esus
227 5781 299 5840 erit?
312 5806 327 5836 a
344 5783 370 5858 (f
387 5787 451 5858 ltep.
465 5801 540 5854 xxm,
555 5785 581 5859 9)
595 5784 650 5841 illis
674 5801 728 5843 nec
746 5784 835 5844 vitare
856 5791 948 5845 metus
997 5786 1056 5844 Dei.
1065 5787 1277 5845 llabeaturcum
1284 5787 1469 5860 participibus
1478 5788 1690 5867 suis,quiadign
