3870 6150
156 272 205 329 aar
507 228 509 233 ⁵
603 272 744 328 arrasa.
765 273 808 327 ιιι
828 274 907 328 ιιι.
929 273 972 328 ιι.
988 302 1022 312 --
1040 273 1164 328 remam
1182 271 1394 328 aurearoma
1783 274 1830 326 aaa

156 378 270 435 eundo?
283 375 419 434 Catholici
429 375 578 447 pontifices
589 376 706 432 fuerant
718 377 844 449 undique
851 377 913 448 jam
922 378 969 434 de·
978 389 1009 464 A
1017 379 1093 435 tibus
1101 378 1208 450 judicia
1220 379 1411 450 provenirent,
1428 393 1514 433 nona
1528 376 1656 432 seculari
1669 375 1833 432 viderentur

154 470 237 544 pulsi,
253 469 361 540 solique
384 474 582 526 remanserant
606 470 675 525 socii
699 470 887 544 perfidorum,
902 487 968 527 oum
1019 473 1231 544 qualescunque
1243 471 1403 544 pontifices,
1415 471 1467 527 atsi
1479 486 1574 526 errore
1590 469 1779 525 humanitatis
1789 486 1832 525 ac-

154 563 256 635 quibus
268 577 321 617 nec
333 560 438 617 licebat
448 563 552 618 habere
566 566 751 631 conventum,
767 563 879 619 dicente
890 565 968 619 Psal·
1018 566 1139 633 uidente,
1153 582 1212 622 non
1226 569 1322 622 tamen
1335 570 1433 621 contra
1445 564 1617 635 religionem
1632 564 1777 619 ullatenus
1789 580 1833 618 ea-

153 655 236 711 mista
251 671 259 711 :
278 675 292 705 ιι
306 655 369 710 Non
384 655 446 710 sedi
459 656 488 710 in
504 656 623 711 concilio
634 656 776 724 vanitatis,
790 660 898 712 etcum
912 657 967 713 ini·
1018 659 1150 715 cedentes
1164 663 1302 730 potestate
1322 657 1449 730 procelli.
1462 660 1519 712 Aut
1531 660 1561 712 at
1575 656 1637 712 bac
1647 657 1733 728 juxta
1748 657 1833 711 ratio·

152 765 209 822 qua
231 747 396 820 gerentibus
417 765 475 804 non
497 748 621 805 introibo
640 750 724 820 (Prot.
746 766 807 819 xxv,
822 751 859 820 ll,
878 771 893 801 ιι
917 767 968 806 nec
1018 769 1085 808 uem
1093 751 1228 824 principis
1240 751 1419 823 suggerenda
1431 767 1489 806 non
1500 755 1594 805 erant.
1606 749 1707 820 Regias
1717 748 1834 805 civitatis

67 835 79 849 ⁸
154 841 334 898 aeclesiastici
352 842 496 898 morisest
509 860 574 899 cum
586 844 630 898 his
644 844 693 915 qui
708 844 846 916 pollutam
863 844 969 901 habant
1017 846 1126 903 honore
1139 847 1279 916 sublimis,
1294 845 1319 900 si
1331 845 1421 900 factus
1435 848 1497 900 arat
1518 843 1601 915 regia
1616 842 1731 898 civitate
1750 842 1832 898 subli-

153 935 388 992 communionam
401 936 712 1010 permistamque,cam
723 937 837 1008 perfidis
848 938 968 994 miscere
1017 940 1104 1010 mior,
1119 943 1198 995 tanto
1218 940 1312 1011 magis
1334 939 1364 993 in
1387 938 1432 993 his
1452 935 1644 1008 suggerendis
1663 935 1765 990 debuit
1777 952 1833 992 asse

153 1029 315 1086 concilium.
336 1030 422 1085 Recte
441 1029 530 1101 igitur
547 1046 600 1102 per
612 1031 851 1087 Chalcedonensis
867 1031 968 1104 synodi
1017 1034 1199 1090 constantior.
1214 1034 1243 1089 Si
1255 1036 1351 1089 autem
1368 1032 1398 1087 in
1414 1031 1458 1087 his
1472 1047 1536 1102 quae
1550 1046 1604 1102 pro
1616 1028 1762 1100 religione
1776 1030 1833 1085 fue·

152 1124 275 1178 formam
289 1122 456 1194 hujusmodi
478 1123 675 1194 praevaricatio
691 1125 806 1196 repulsa
817 1130 861 1180 est
872 1125 968 1197 potius
1017 1132 1082 1183 rant
1095 1128 1236 1184 exerenda
1248 1127 1354 1183 exstitit
1365 1124 1599 1197 contemptibilis,
1607 1126 1661 1178 aut
1674 1123 1832 1194 despectus,

151 1216 289 1288 quemad
303 1216 465 1285 concilium,
483 1216 560 1289 quod
580 1234 633 1274 nec
658 1235 729 1290 opus
747 1221 809 1273 arat
827 1222 891 1290 post
906 1218 965 1290 pri-
1016 1225 1066 1276 aut
1079 1220 1182 1291 segnis,
1199 1223 1249 1276 aut
1259 1220 1395 1277 fiduciam
1416 1235 1474 1274 non
1495 1217 1604 1273 babens
1627 1216 1833 1284 intimandi,iu

152 1326 231 1366 mam
243 1310 392 1382 synodum,
400 1326 452 1367 nec
463 1326 529 1366 cum
538 1310 641 1367 talibus
653 1312 759 1367 habere
772 1311 884 1368 licebat.
895 1312 967 1368 Nam
1015 1330 1072 1386 quo
1085 1330 1137 1386 per
1146 1313 1256 1386 regiam
1269 1313 1411 1370 civitatem
1423 1313 1517 1384 major
1526 1311 1644 1368 allectus
1656 1316 1710 1366 est.
1724 1311 1832 1365 Nathan

151 1407 180 1461 et
194 1403 263 1477 quid
275 1409 410 1476 ageretur
424 1403 459 1460 de
473 1403 529 1459 lide
543 1404 682 1461 catholice
695 1405 865 1477 intelligere,
878 1406 902 1460 si
910 1406 967 1461 vel·
1016 1407 1188 1479 prophetam
1202 1408 1296 1479 palam
1306 1406 1476 1479 publiceque
1486 1405 1628 1461 infaciem
1638 1404 1702 1476 regi
1713 1404 1834 1459 Davidet

152 1499 213 1554 lent
222 1496 367 1570 ignorare,
376 1513 434 1552 non
445 1501 589 1569 poterant,
599 1515 668 1554 cum
677 1499 808 1554 viderent
816 1497 967 1555 catholicos
1015 1502 1200 1557 commissum
1212 1500 1408 1572 pronuntiavit
1421 1515 1556 1578 errorem,
1564 1503 1593 1555 et
1601 1499 1703 1570 ipsum
1716 1498 1832 1553 commi·

152 1590 300 1663 pontifices
320 1591 399 1646 nulla
416 1591 518 1663 synodi
538 1591 721 1661 discussione,
738 1593 816 1648 nullo
836 1592 965 1661 coneilio,
1015 1594 1083 1649 sisse
1101 1610 1160 1650 non
1184 1594 1283 1664 tacuit,
1300 1599 1330 1649 et
1349 1592 1525 1649 confessione
1551 1597 1715 1647 correctum
1739 1607 1830 1647 consa·

152 1685 295 1758 praecipua
307 1700 372 1739 cum
385 1701 471 1740 novas
484 1702 581 1742 causas
598 1703 658 1742 essa
672 1686 891 1759 perpenderant,
906 1690 966 1742 toto
1015 1692 1137 1759 quanter
1155 1688 1276 1743 absolvit
1288 1686 1326 1757 (11
1342 1689 1406 1759 itaq.
1421 1687 1481 1758 xri).
1498 1685 1547 1741 llic
1565 1688 1664 1741 summ
1677 1685 1725 1740 vir
1745 1685 1831 1740 bonus

151 1779 266 1835 Oriente
279 1777 394 1850 depelli,
408 1779 437 1835 et
451 1779 545 1835 caeteri
563 1779 631 1852 quid
652 1782 786 1836 caverent
798 1794 832 1836 es
850 1760 1004 1835 illorumB
1016 1786 1045 1836 et
1057 1781 1189 1837 sacerdos
1203 1781 1337 1853 egregius
1351 1780 1381 1837 in
1399 1785 1510 1836 tantum
1523 1795 1552 1835 se
1567 1782 1597 1834 et
1609 1793 1773 1850 suggerere
1784 1795 1830 1850 po·

151 1872 257 1929 discere
277 1872 411 1945 qualitate
430 1872 599 1944 potuissent.
623 1874 720 1930 Restat
740 1873 829 1945 igitur
840 1878 874 1929 ut
889 1873 966 1929 illius
1015 1874 1103 1930 tuisse
1115 1874 1284 1931 monstravit
1295 1877 1325 1929 et
1337 1873 1459 1930 uoluisse
1474 1872 1662 1945 deprompsit,
1677 1872 1741 1927 imo
1753 1872 1831 1928 fuisse

150 1967 239 2039 partis
253 1966 315 2022 illos
327 1965 413 2022 fuisse
435 1966 577 2023 hereseos
600 1966 636 2022 sit
657 1966 775 2034 clarum,
788 1967 835 2022 cui
853 1982 883 2022 se
903 1970 967 2038 post
1015 1968 1158 2039 patefecit,
1175 1972 1206 2023 ut
1220 1972 1249 2025 et
1260 1967 1418 2040 imperator
1432 1968 1533 2023 cuncta
1546 1983 1576 2022 se
1591 1965 1707 2037 exejus
1720 1965 1831 2022 concilio

150 2058 891 2134 toteaparimentadederunt,maritoqueapostolica
900 2060 965 2117 seda
1016 2061 1133 2133 gessisse
1152 2065 1271 2132 taceret,
1284 2062 1385 2133 etipse
1397 2061 1603 2133 imperatorem
1624 2060 1744 2131 magnis
1761 2075 1829 2132 pra·

150 2154 317 2226 caterisque
343 2153 489 2209 catholicis
513 2169 572 2209 non
592 2154 655 2225 jam
681 2154 846 2210 consulendi
868 2156 964 2224 erunt,
1014 2155 1104 2211 coniis
1116 2155 1305 2212 elevaratista
1318 2155 1482 2223 facientem,
1497 2169 1615 2226 seseque
1636 2153 1779 2225 proderet
1792 2153 1830 2207 his

149 2248 199 2306 sed
212 2248 307 2319 potius
319 2247 447 2303 nomadi.
463 2246 586 2304 Risimus
599 2252 695 2304 autem
708 2247 785 2320 quod
798 2247 966 2320 prerogati-
1014 2247 1132 2321 agendis
1146 2248 1231 2306 rebus
1245 2249 1332 2305 fuisse
1347 2249 1525 2320 participem.
1537 2246 1593 2304 Sed
1603 2252 1665 2303 esto
1677 2246 1830 2303 Calendiou

149 2358 216 2399 ram
227 2342 328 2397 volunt
337 2340 435 2397 Acacio
445 2341 618 2412 comparari,
628 2341 707 2413 quod
722 2341 871 2414 episcopus
878 2340 966 2398 fuerit
1014 2357 1120 2398 noman
1134 2342 1316 2414 imperatoris
1328 2341 1476 2398 abstulerit
1485 2340 1601 2397 loannis
1613 2339 1743 2413 principi
1754 2355 1829 2396 men·

148 2436 238 2508 regia
258 2435 387 2491 civitatis.
407 2434 542 2507 Nunquid
567 2436 644 2508 apud
665 2435 867 2504 Mediolanum,
888 2434 965 2507 apud
1013 2435 1082 2491 titus
1103 2435 1190 2492 fuisse
1208 2436 1341 2507 jactetur.
1356 2434 1427 2500 Quae
1439 2439 1617 2491 tamencum
1636 2449 1725 2490 noras
1744 2437 1830 2491 caan

147 2531 323 2598 Ravennam,
343 2528 419 2600 apud
440 2528 591 2599 Firmium,
614 2529 690 2601 apud
710 2531 846 2586 Treveros
866 2528 964 2585 multis
1014 2544 1117 2598 caussa,
1132 2544 1205 2586 nova
1219 2528 1349 2586 debuerit
1362 2527 1551 2586 ecclesiastica
1565 2527 1723 2600 pervenire
1734 2527 1830 2584 ffiscus

146 2624 324 2698 temporibus
332 2639 390 2703 non
400 2623 526 2680 constitit
532 2623 699 2695 imperator.
708 2622 845 2695 Nunquid
859 2622 964 2678 barum
1014 2623 1066 2691 sio,
1077 2622 1127 2695 qui
1136 2622 1329 2680 inhominem
1340 2623 1545 2695 imperatorem
1554 2637 1690 2694 peccasse
1704 2621 1830 2677 diceban

147 2717 263 2774 urbium
277 2717 435 2773 sacerdotes
450 2718 525 2773 ultra
538 2732 703 2772 mensuram
716 2716 831 2772 sibimet
842 2715 965 2788 antiqui·
1013 2719 1071 2785 tur,
1084 2717 1249 2774 nullatenus
1267 2717 1414 2773 vanientes
1432 2716 1542 2789 synodo
1561 2714 1647 2787 dejici
1662 2715 1828 2784 debuerant,

147 2817 192 2868 tus
199 2811 362 2883 deputatam
369 2808 771 2883 quidpiamsaisdignitatibus
780 2814 963 2881 usurparunt.
1013 2814 1042 2866 et
1054 2809 1084 2866 in
1104 2811 1204 2880 Deum,
1220 2811 1269 2883 qui
1293 2827 1423 2866 summus
1444 2813 1474 2866 et
1490 2826 1573 2866 verus
1595 2811 1640 2866 ast
1664 2809 1827 2882 imperator,

147 2903 806 2976 uunquidAcaciusutJoannemquantumlibet
815 2902 964 2959 hominem
1012 2904 1146 2961 Aeacium
1160 2903 1376 2978 delinquentem
1389 2904 1586 2976 sinceramque
1595 2903 1828 2960 communionem

148 2995 614 3067 catholicum,'tamanaeatholicis
628 2995 965 3053 ordinatumdahlaxen·
1014 2996 1102 3053 divini
1117 2999 1286 3056 sacramenti
1308 2999 1469 3055 studentem
1490 2998 1611 3054 miscere
1631 3013 1702 3054 cum
1721 2996 1829 3070 perfidis

148 3091 211 3147 dria
223 3084 549 3163 ercutethetmmque
562 3089 593 3144 in
605 3090 738 3146 haeresim
749 3089 812 3162 jam
821 3089 1000 3205 dejectumC
1012 3095 1107 3147 sancta
1128 3092 1238 3164 synodo
1252 3108 1311 3164 qua
1325 3093 1387 3148 haec
1408 3094 1452 3147 est
1469 3091 1607 3147 damnata
1624 3091 1765 3162 perfidia3
1778 3105 1828 3145 non

147 3190 233 3258 atque
247 3186 415 3242 domomum
429 3185 536 3256 absque
552 3183 627 3241 sadis
641 3184 804 3256 apostolice
822 3184 962 3241 consulta·
1012 3185 1163 3257 oportebat
1176 3185 1309 3242 excludi?
1322 3185 1396 3252 Quid
1410 3187 1570 3258 portatum
1584 3184 1737 3241 Orientem
1749 3184 1783 3240 de
1792 3183 1827 3239 iu·

51 3332 54 3337 .
147 3280 227 3337 tione
248 3279 397 3350 reciperet.
419 3278 521 3350 Aliqua
543 3277 652 3350 synodo
673 3278 772 3333 sultam
790 3277 847 3334 illie
867 3278 962 3334 habita
1011 3279 1139 3333 numeris
1153 3279 1269 3334 urbibus
1282 3278 1356 3350 pulsi
1377 3277 1507 3334 catholici
1527 3277 1690 3334 sacerdotes
1703 3283 1733 3334 et
1746 3277 1827 3333 hare·

146 3373 200 3430 hoc
210 3373 347 3429 audacter
360 3371 491 3444 arripuit.
505 3371 541 3426 Ut
549 3370 751 3427 calendionem
765 3370 801 3426 de
810 3371 962 3428 Antiochia
1010 3371 1059 3427 tici
1073 3372 1237 3444 subrogati?
1249 3373 1347 3429 Nonne
1360 3376 1437 3428 carte
1452 3375 1535 3428 erant
1547 3387 1653 3440 causa,
1668 3376 1699 3427 et
1713 3371 1758 3427 his
1770 3386 1828 3426 oon·

147 3467 312 3539 depelleret,
327 3465 550 3538 haereticumque
562 3465 679 3520 Petrum
691 3465 752 3537 ipsa
765 3465 960 3535 damnaverat,
1011 3471 1164 3537 sequenter
1177 3483 1234 3522 uua
1252 3466 1374 3538 synodus
1394 3464 1560 3521 debebatur.
1582 3465 1641 3520 Cur
1659 3467 1758 3522 tamen
1774 3479 1825 3520 non

147 3560 254 3633 absque
275 3559 378 3615 notitia
398 3558 472 3616 sedis
496 3557 658 3631 apostolicae
681 3573 779 3614 rursus
797 3559 963 3615 admitteret
1011 3558 1130 3614 venitin
1143 3561 1281 3627 mentam,
1293 3561 1326 3614 ut
1339 3559 1369 3614 in
1382 3558 1486 3614 talibus
1498 3556 1591 3613 causis
1604 3562 1747 3629 petereta
1759 3557 1825 3630 prin

147 3655 244 3727 alique
255 3654 362 3726 synodo
374 3652 403 3709 id
415 3652 710 3709 leeissamonstratur.
1011 3652 1073 3725 cipe
1091 3653 1192 3708 saltem
1208 3653 1434 3726 qualemcunque
1452 3651 1595 3725 synodum
1616 3651 1824 3717 celebrandam,

183 3749 212 3805 Si
229 3752 307 3804 certe
326 3747 361 3804 de
383 3746 524 3818 dignitate
543 3747 640 3819 agitur
653 3745 813 3814 civitatum,
830 3744 961 3803 secundae
1011 3753 1043 3802 ut
1055 3761 1224 3820 quocunque
1243 3747 1367 3804 colorato
1386 3746 1495 3818 judicio
1516 3745 1685 3802 traditionis
1702 3744 1823 3803 eodesia·

146 3842 222 3900 sedis
231 3844 260 3897 et
273 3841 365 3898 tertiae
375 3838 467 3912 major
480 3844 523 3896 est
534 3839 657 3911 dignitas
671 3839 860 3908 sacerdotum,
874 3854 961 3912 quam
1010 3839 1087 3896 stiae
1096 3840 1201 3912 passim
1210 3840 1359 3913 pontifices
1366 3840 1533 3896 viderentur
1545 3838 1731 3910 exclusi,non
1739 3838 1824 3895 solum

147 3938 210 4010 ejus
220 3936 317 3992 civitas
329 3950 394 4008 quae
407 3950 466 3990 non
483 3935 576 3989 solum
588 3934 665 3990 inter
679 3933 759 3989 sedes
771 3933 892 3989 minime
906 3949 960 3988 nu·
1011 3949 1246 4007 quarumcunque
1254 3934 1369 3991 urbium
1377 3933 1549 4000 sacerdotes,
1558 3932 1610 3990 sad
1617 3930 1823 4005 metropolitani

146 4035 282 4100 moratur,
295 4029 345 4086 sad
361 4043 413 4085 neo
427 4027 505 4083 inter
518 4026 806 4099 metropolitanorum
816 4027 884 4098 jura
898 4041 963 4082 cen·
1009 4027 1209 4085 incunctanter
1224 4028 1376 4085 antistites.
1390 4027 1437 4084 Ris
1449 4026 1584 4083 omnibus
1596 4043 1665 4084 cum
1679 4042 1739 4084 non
1749 4024 1823 4082 radi·

146 4127 234 4182 satur.
247 4125 318 4179 itam
333 4120 410 4193 quod
425 4121 519 4177 dicitis
531 4120 619 4192 regiae
632 4119 763 4191 civitatis,
774 4119 829 4176 alia
837 4123 962 4192 potestas
1009 4121 1046 4178 tit
1059 4121 1246 4194 suggestione
1256 4138 1313 4194 qua
1322 4120 1417 4194 potuit
1425 4120 1567 4177 consensit
1577 4120 1697 4178 Aeacius
1706 4134 1825 4177 commu·

146 4223 190 4275 est
200 4217 284 4289 regni
296 4214 451 4284 saecularis,
465 4213 522 4269 alia
532 4213 786 4270 ecclesiasticarum
801 4213 961 4271 distributio
1010 4214 1133 4272 nicando
1144 4215 1254 4272 cunctis
1268 4215 1320 4289 qui
1332 4215 1536 4271 catholicorum
1550 4213 1694 4271 inlocum
1706 4210 1823 4271 nenda

147 4309 330 4383 dignitatum.
341 4308 419 4364 Sicut
430 4307 520 4377 euim,
534 4306 662 4379 quamvis
673 4322 762 4380 parra
774 4306 879 4378 civitas,
890 4324 962 4380 prae·
1010 4309 1128 4365 fuerunt
1139 4308 1299 4380 subrogati.
1309 4310 1461 4382 Apostolus
1471 4313 1569 4364 autem
1580 4308 1661 4378 dicit,
1670 4325 1731 4367 non
1740 4307 1823 4364 solum

147 4403 306 4478 rogativam
314 4399 555 4474 prasentisregni
565 4416 623 4456 non
631 4399 745 4469 minuit,
755 4400 796 4456 sio
804 4400 962 4474 imperialis
1011 4421 1026 4457 a
1039 4402 1088 4475 qui
1101 4402 1219 4474 iaciunt,
1231 4401 1328 4476 240
1343 4403 1393 4458 sed
1406 4402 1455 4476 qui
1467 4400 1652 4459 consentiunt
1664 4400 1824 4460 facientibus

146 4498 300 4574 presentia
316 4511 482 4553 mensuram
502 4494 719 4567 dispensationis
740 4495 881 4568 religiose
903 4496 1096 4578 nonDfflom.
1108 4513 1128 4565 1,
1136 4497 1191 4569 32),
1200 4517 1215 4548 n
1225 4513 1289 4554 reos
1297 4496 1494 4553 indubitanter
1503 4495 1618 4552 ascribi.
1627 4496 1674 4552 Λιι
1684 4494 1827 4553 haelicmt

146 4598 248 4652 mutat.
259 4592 305 4650 Sic
316 4593 392 4647 clara
401 4589 470 4646 urbs
479 4589 529 4645 illa
541 4591 678 4661 potestate
690 4589 839 4661 praesentis
848 4589 962 4662 imperii
1011 4590 1139 4647 saeculari
1147 4590 1279 4662 potestati
1290 4595 1318 4647 at
1329 4590 1399 4646 actis
1407 4590 1511 4647 talibus
1522 4589 1625 4646 acacio
1635 4590 1826 4647 consentiente

145 4688 277 4761 religiosa
296 4686 349 4743 sub
365 4686 467 4742 codam
487 4688 557 4739 tunc
578 4682 674 4753 firma,
689 4685 757 4739 tunc
778 4683 878 4754 libera,
894 4687 962 4740 tunc
1012 4683 1119 4757 absque
1132 4684 1190 4740 ailla
1202 4685 1322 4757 synodo,
1332 4700 1419 4757 quam
1434 4683 1496 4756 ipsa
1508 4699 1606 4740 ramam
1615 4682 1825 4756 novitasaxige

146 4784 280 4856 provecta
294 4779 430 4849 consistit,
447 4779 470 4833 si
483 4777 579 4850 potius
593 4778 648 4832 hoo
659 4782 800 4848 praesente
814 4776 963 4850 propriam
1010 4777 1059 4834 bat
1071 4776 1179 4851 absque
1193 4778 1269 4834 sedis
1284 4778 1448 4851 apostolicae
1461 4777 1676 4836 consultatione
1686 4776 1825 4852 perticere,

146 4878 245 4934 teneat
256 4874 317 4930 sine
331 4874 389 4930 ulla
401 4871 615 4944 perturbatione
628 4886 804 4926 mansuram.
819 4869 876 4927 Sed
888 4870 963 4926 dica·
1012 4876 1040 4928 at
1052 4870 1112 4927 sadi
1125 4871 1285 4944 apostoliam
1298 4888 1357 4928 non
1368 4871 1459 4941 licuit,
1470 4871 1629 4928 seeundum
1642 4876 1777 4929 tenorem
1784 4887 1825 4943 sy·

146 4976 195 5027 tur
202 4967 321 5026 forsitan
335 4969 371 5023 de
384 4965 575 5022 Alexandrino
590 4969 619 5020 et
631 4964 819 5033 Antiocheno,
830 4963 914 5020 certis
927 4979 962 5021 ex
1012 4965 1080 5022 nodi
1091 4965 1338 5035 Chalcedonensis,
1350 4966 1380 5022 in
1392 4965 1482 5022 vetari
1494 4965 1596 5038 utique
1611 4963 1826 5023 caumetvetasi

147 5064 240 5122 cauas
261 5060 420 5134 principem
440 5058 533 5130 magis
553 5059 602 5114 illa
624 5074 690 5131 quas
716 5061 881 5130 gestarunt
904 5073 962 5114 uon
1012 5060 1253 5132 constitutojusta
1265 5059 1364 5133 utique
1376 5058 1540 5117 delinitione
1551 5059 1726 5117 damnatum
1738 5057 1825 5117 inimi·

146 5158 279 5217 Acacium
293 5153 469 5229 praecepisse.
483 5153 536 5209 Sed
549 5151 673 5225 principi
685 5151 845 5209 Christiano
862 5152 963 5210 decue·
1011 5153 1051 5209 eis
1061 5153 1553 5224 synodiChalcedonensisAcacium
1567 5155 1826 5212 communicantem

145 5260 190 5313 rat
202 5266 356 5326 suggerere
370 5249 558 5318 sacerdotem,
572 5246 699 5302 maxime
716 5263 797 5318 quus
810 5246 960 5302 familiari-
1011 5264 1090 5304 asna
1099 5248 1301 5304 communione
1314 5248 1468 5320 depellere.
1481 5246 1547 5316 Sed,
1556 5247 1707 5319 inquiunt,
1717 5247 1826 5306 icadas

144 5352 204 5407 tata
214 5352 243 5406 et
255 5347 352 5403 farore
364 5342 521 5412 fruebatur,
538 5342 645 5396 salvam
658 5340 718 5396 fore
731 5322 767 5396 de
783 5340 845 5412 ejus
856 5339 962 5411 injrrria
1010 5341 1185 5414 principibus
1205 5341 1321 5398 obviare
1342 5357 1402 5398 nou
1418 5341 1522 5414 potuit,
1536 5357 1589 5397 eur
1605 5341 1754 5413 Basilisco,
1765 5339 1826 5415 quis

145 5441 372 5513 contumeliaque
380 5435 544 5504 vindiciam,
555 5437 667 5489 mutum
677 5435 709 5488 ut
717 5433 847 5490 Ecclesia
857 5432 962 5489 sineret
1010 5435 1097 5491 voluit
1108 5434 1241 5492 obviavit.
1252 5435 1309 5492 Cur
1321 5434 1375 5507 ipsi
1387 5435 1504 5505 Zenoni,
1518 5451 1554 5492 ne
1567 5435 1668 5508 palam
1679 5436 1764 5494 Patro
1772 5437 1825 5491 aa·

145 5536 323 5596 Christianus
337 5533 470 5607 princeps
481 5528 596 5602 regulas
608 5525 754 5598 custodiri,
768 5527 836 5600 quia
847 5529 877 5584 el
888 5542 962 5583 nora
1010 5527 1154 5599 tiocheno,
1163 5529 1296 5602 quamvis
1302 5529 1426 5586 latenter
1432 5528 1485 5584 hoc
1496 5527 1607 5597 feeerit,
1617 5528 1825 5588 communiam

143 5633 174 5688 in
188 5628 311 5704 uti-'oque
332 5626 466 5701 pontifice
487 5636 575 5681 causa
591 5623 667 5680 asset
682 5623 791 5691 exorta,
808 5623 838 5678 at
858 5637 962 5679 novam
1009 5622 1166 5693 rideretur,
1184 5640 1243 5681 non
1264 5621 1485 5680 communicavit
1506 5636 1671 5682 assensum.
1694 5625 1765 5683 scae
1781 5636 1822 5678 ra·

138 5710 347 5782 discussioiem
359 5721 571 5795 consequenter
581 5714 749 5792 inquireret,
761 5718 790 5772 et
800 5715 873 5772 aaut
884 5732 960 5773 scm·
1011 5717 1127 5774 saltanti
1150 5733 1211 5775 non
1233 5718 1337 5775 restitit
1357 5717 1523 5791 imperator.
1544 5717 1618 5775 Ecce
1638 5718 1701 5777 vim
1722 5712 1823 5777 nolenti

117 5818 269 5891 parasset
289 5819 427 5877 ellectum
443 5813 618 5883 sacerdotali
636 5809 757 5877 aouessio
780 5811 817 5871 do
828 5811 962 5872 sacerdo·
1009 5827 1071 5867 nou
1089 5811 1195 5870 intulit.
1216 5813 1284 5868 Ecca
1298 5811 1420 5884 fugiemi
1436 5810 1570 5885 contagia
1590 5811 1749 5873 mantissis
1760 5823 1819 5869 cost-
