<?xml version="1.0" encoding="UTF-8"?>
<!DOCTYPE html PUBLIC "-//W3C//DTD XHTML 1.0 Transitional//EN"
    "http://www.w3.org/TR/xhtml1/DTD/xhtml1-transitional.dtd">
<html xmlns="http://www.w3.org/1999/xhtml" xml:lang="en" lang="en">
 <head>
  <title>
</title>
<meta http-equiv="Content-Type" content="text/html;charset=utf-8" />
  <meta name='ocr-system' content='tesseract 3.04.00' />
  <meta name='ocr-capabilities' content='ocr_page ocr_carea ocr_par ocr_line ocrx_word'/>
</head>
<body>
  <div class='ocr_page' id='page_1' title='image "./patrologiaecurs03unkngoog_0407.png"; bbox 0 0 3870 6150; ppageno 0'>
   <div class='ocr_carea' id='block_1_1' title="bbox 132 249 1824 454">
    <p class='ocr_par' dir='ltr' id='par_1_1' title="bbox 132 249 1824 454">
     <span class='ocr_line' id='line_1_1' title="bbox 133 249 1823 310; baseline -0.001 -1"><span class='ocrx_word' id='word_1_1' title='bbox 133 252 185 310; x_wconf 74' lang='lat' dir='ltr'><strong>itt</strong></span> <span class='ocrx_word' id='word_1_2' title='bbox 590 251 732 308; x_wconf 78' lang='grc' dir='ltr'><strong>ΑΡΡΕΝΙ).</strong></span> <span class='ocrx_word' id='word_1_3' title='bbox 752 252 797 306; x_wconf 80' lang='grc' dir='ltr'><strong>ΑΙ)</strong></span> <span class='ocrx_word' id='word_1_4' title='bbox 814 252 895 308; x_wconf 78' lang='lat' dir='ltr'><strong>SAEC.</strong></span> <span class='ocrx_word' id='word_1_5' title='bbox 916 252 960 307; x_wconf 89' lang='lat' dir='ltr'><strong>lll.</strong></span> <span class='ocrx_word' id='word_1_6' title='bbox 971 278 1005 292; x_wconf 88' lang='lat'><em>-</em></span> <span class='ocrx_word' id='word_1_7' title='bbox 1024 250 1146 306; x_wconf 80' lang='lat' dir='ltr'><strong>lSlDOlll</strong></span> <span class='ocrx_word' id='word_1_8' title='bbox 1164 249 1378 307; x_wconf 77' lang='lat' dir='ltr'><strong>llERGATORlS</strong></span> <span class='ocrx_word' id='word_1_9' title='bbox 1770 253 1823 308; x_wconf 81' lang='lat' dir='ltr'><strong>lto</strong></span> 
     </span>
     <span class='ocr_line' id='line_1_2' title="bbox 132 357 1824 454; baseline -0.002 -36"><span class='ocrx_word' id='word_1_10' title='bbox 132 357 281 418; x_wconf 76' lang='lat' dir='ltr'><strong>balancas</strong></span> <span class='ocrx_word' id='word_1_11' title='bbox 301 362 487 428; x_wconf 77' lang='lat' dir='ltr'>succurreret,</span> <span class='ocrx_word' id='word_1_12' title='bbox 502 374 566 415; x_wconf 87' lang='lat' dir='ltr'><strong>mea</strong></span> <span class='ocrx_word' id='word_1_13' title='bbox 588 375 693 432; x_wconf 88' lang='lat' dir='ltr'><strong>meque</strong></span> <span class='ocrx_word' id='word_1_14' title='bbox 707 359 862 432; x_wconf 83' lang='lat' dir='ltr'><strong>adjuvaret,</strong></span> <span class='ocrx_word' id='word_1_15' title='bbox 874 362 902 417; x_wconf 91' lang='lat' dir='ltr'><strong>el</strong></span> <span class='ocrx_word' id='word_1_16' title='bbox 915 358 951 415; x_wconf 92' lang='lat' dir='ltr'><strong>ab</strong></span> <span class='ocrx_word' id='word_1_17' title='bbox 962 374 1100 454; x_wconf 56' lang='lat' dir='ltr'><strong>Apacenr</strong></span> <span class='ocrx_word' id='word_1_18' title='bbox 1112 357 1263 414; x_wconf 89' lang='lat' dir='ltr'><strong>nobiscum</strong></span> <span class='ocrx_word' id='word_1_19' title='bbox 1280 373 1338 415; x_wconf 94' lang='lat' dir='ltr'><strong>non</strong></span> <span class='ocrx_word' id='word_1_20' title='bbox 1353 357 1471 426; x_wconf 89' lang='lat' dir='ltr'><strong>habent,</strong></span> <span class='ocrx_word' id='word_1_21' title='bbox 1491 371 1543 413; x_wconf 86' lang='lat' dir='ltr'><strong>nos</strong></span> <span class='ocrx_word' id='word_1_22' title='bbox 1555 360 1656 413; x_wconf 66' lang='lat' dir='ltr'><strong>umen</strong></span> <span class='ocrx_word' id='word_1_23' title='bbox 1680 372 1749 412; x_wconf 89' lang='lat' dir='ltr'><strong>cum</strong></span> <span class='ocrx_word' id='word_1_24' title='bbox 1769 357 1824 415; x_wconf 85' lang='lat' dir='ltr'><strong>illis</strong></span> 
     </span>
    </p>
   </div>
   <div class='ocr_carea' id='block_1_2' title="bbox 131 448 1821 713">
    <p class='ocr_par' dir='ltr' id='par_1_2' title="bbox 131 448 1821 713">
     <span class='ocr_line' id='line_1_3' title="bbox 134 448 1821 526; baseline -0.001 -18"><span class='ocrx_word' id='word_1_25' title='bbox 134 451 245 508; x_wconf 82' lang='lat' dir='ltr'><strong>ramulis</strong></span> <span class='ocrx_word' id='word_1_26' title='bbox 252 451 454 508; x_wconf 90' lang='lat' dir='ltr'><strong>tribulantibus</strong></span> <span class='ocrx_word' id='word_1_27' title='bbox 464 455 495 509; x_wconf 88' lang='lat' dir='ltr'><strong>et</strong></span> <span class='ocrx_word' id='word_1_28' title='bbox 503 453 741 526; x_wconf 88' lang='lat' dir='ltr'><strong>persequentibus</strong></span> <span class='ocrx_word' id='word_1_29' title='bbox 751 469 797 509; x_wconf 89' lang='lat' dir='ltr'><strong>me</strong></span> <span class='ocrx_word' id='word_1_30' title='bbox 804 453 951 510; x_wconf 87' lang='lat' dir='ltr'><strong>liberaret.</strong></span> <span class='ocrx_word' id='word_1_31' title='bbox 1001 451 1061 508; x_wconf 88' lang='lat' dir='ltr'><strong>sine</strong></span> <span class='ocrx_word' id='word_1_32' title='bbox 1075 451 1163 508; x_wconf 90' lang='lat' dir='ltr'><strong>dubio</strong></span> <span class='ocrx_word' id='word_1_33' title='bbox 1177 451 1325 509; x_wconf 86' lang='lat' dir='ltr'><strong>habemus.</strong></span> <span class='ocrx_word' id='word_1_34' title='bbox 1343 450 1423 518; x_wconf 83' lang='lat' dir='ltr'><strong>Quod</strong></span> <span class='ocrx_word' id='word_1_35' title='bbox 1437 467 1506 524; x_wconf 89' lang='lat' dir='ltr'><strong>ergo</strong></span> <span class='ocrx_word' id='word_1_36' title='bbox 1520 448 1693 520; x_wconf 88' lang='lat' dir='ltr'><strong>mandastis,</strong></span> <span class='ocrx_word' id='word_1_37' title='bbox 1709 452 1745 505; x_wconf 89' lang='lat' dir='ltr'><strong>ut</strong></span> <span class='ocrx_word' id='word_1_38' title='bbox 1757 451 1821 507; x_wconf 88' lang='lat' dir='ltr'><strong>scri·</strong></span> 
     </span>
     <span class='ocr_line' id='line_1_4' title="bbox 133 544 1821 620; baseline -0.001 -18"><span class='ocrx_word' id='word_1_39' title='bbox 133 546 255 618; x_wconf 84' lang='lat' dir='ltr'><strong>Oquam</strong></span> <span class='ocrx_word' id='word_1_40' title='bbox 269 545 345 603; x_wconf 90' lang='lat' dir='ltr'><strong>bona</strong></span> <span class='ocrx_word' id='word_1_41' title='bbox 359 550 401 602; x_wconf 90' lang='lat' dir='ltr'><strong>est</strong></span> <span class='ocrx_word' id='word_1_42' title='bbox 413 546 548 616; x_wconf 79' lang='lat' dir='ltr'><strong>charitas,</strong></span> <span class='ocrx_word' id='word_1_43' title='bbox 564 563 627 618; x_wconf 76' lang='lat' dir='ltr'><strong>qnae</strong></span> <span class='ocrx_word' id='word_1_44' title='bbox 639 547 770 603; x_wconf 78' lang='lat' dir='ltr'>absentes</span> <span class='ocrx_word' id='word_1_45' title='bbox 783 562 835 619; x_wconf 90' lang='lat' dir='ltr'><strong>per</strong></span> <span class='ocrx_word' id='word_1_46' title='bbox 848 547 950 620; x_wconf 90' lang='lat' dir='ltr'><strong>imagi-</strong></span> <span class='ocrx_word' id='word_1_47' title='bbox 1000 546 1101 602; x_wconf 90' lang='lat' dir='ltr'><strong>berem</strong></span> <span class='ocrx_word' id='word_1_48' title='bbox 1125 545 1203 601; x_wconf 81' lang='lat' dir='ltr'><strong>vobis</strong></span> <span class='ocrx_word' id='word_1_49' title='bbox 1225 545 1346 618; x_wconf 82' lang='lat' dir='ltr'><strong>qualiter</strong></span> <span class='ocrx_word' id='word_1_50' title='bbox 1370 545 1480 601; x_wconf 85' lang='lat' dir='ltr'><strong>instans</strong></span> <span class='ocrx_word' id='word_1_51' title='bbox 1499 544 1631 617; x_wconf 90' lang='lat' dir='ltr'><strong>jurgium</strong></span> <span class='ocrx_word' id='word_1_52' title='bbox 1651 547 1756 600; x_wconf 83' lang='lat' dir='ltr'><strong>contra</strong></span> <span class='ocrx_word' id='word_1_53' title='bbox 1778 560 1821 600; x_wconf 86' lang='lat' dir='ltr'><strong>me</strong></span> 
     </span>
     <span class='ocr_line' id='line_1_5' title="bbox 131 636 1819 713; baseline -0.001 -20"><span class='ocrx_word' id='word_1_54' title='bbox 131 655 200 694; x_wconf 90' lang='lat' dir='ltr'><strong>nem</strong></span> <span class='ocrx_word' id='word_1_55' title='bbox 222 643 378 710; x_wconf 71' lang='lat' dir='ltr'><strong>presentes</strong></span> <span class='ocrx_word' id='word_1_56' title='bbox 391 639 581 713; x_wconf 81' lang='lat' dir='ltr'><strong>&#39;sibimetipsis</strong></span> <span class='ocrx_word' id='word_1_57' title='bbox 600 639 715 695; x_wconf 79' lang='lat' dir='ltr'><strong>exhibet</strong></span> <span class='ocrx_word' id='word_1_58' title='bbox 738 656 792 712; x_wconf 88' lang='lat' dir='ltr'><strong>per</strong></span> <span class='ocrx_word' id='word_1_59' title='bbox 805 656 932 696; x_wconf 90' lang='lat' dir='ltr'><strong>amorem</strong></span> <span class='ocrx_word' id='word_1_60' title='bbox 943 657 951 709; x_wconf 79' lang='lat'>3</span> <span class='ocrx_word' id='word_1_61' title='bbox 1002 639 1166 695; x_wconf 87' lang='lat' dir='ltr'><strong>suscitatum</strong></span> <span class='ocrx_word' id='word_1_62' title='bbox 1186 639 1232 706; x_wconf 88' lang='lat' dir='ltr'><strong>sit,</strong></span> <span class='ocrx_word' id='word_1_63' title='bbox 1245 639 1289 694; x_wconf 87' lang='lat' dir='ltr'><strong>vel</strong></span> <span class='ocrx_word' id='word_1_64' title='bbox 1301 656 1320 693; x_wconf 88' lang='lat' dir='ltr'><strong>a</strong></span> <span class='ocrx_word' id='word_1_65' title='bbox 1332 655 1398 712; x_wconf 85' lang='lat' dir='ltr'><strong>quc,</strong></span> <span class='ocrx_word' id='word_1_66' title='bbox 1412 643 1445 694; x_wconf 89' lang='lat' dir='ltr'><strong>ut</strong></span> <span class='ocrx_word' id='word_1_67' title='bbox 1456 641 1551 694; x_wconf 79' lang='lat' dir='ltr'><strong>vestro</strong></span> <span class='ocrx_word' id='word_1_68' title='bbox 1562 636 1744 692; x_wconf 90' lang='lat' dir='ltr'><strong>adminiculo</strong></span> <span class='ocrx_word' id='word_1_69' title='bbox 1763 639 1819 710; x_wconf 83' lang='lat' dir='ltr'><strong>pel·</strong></span> 
     </span>
    </p>
   </div>
   <div class='ocr_carea' id='block_1_3' title="bbox 9 724 1819 813">
    <p class='ocr_par' dir='ltr' id='par_1_3' title="bbox 9 724 1819 813">
     <span class='ocr_line' id='line_1_6' title="bbox 9 724 1819 813; baseline -0.001 -25"><span class='ocrx_word' id='word_1_70' title='bbox 9 803 14 813; x_wconf 28' lang='grc'><em>·</em></span> <span class='ocrx_word' id='word_1_71' title='bbox 132 731 221 788; x_wconf 85' lang='lat' dir='ltr'><strong>divisa</strong></span> <span class='ocrx_word' id='word_1_72' title='bbox 246 748 358 805; x_wconf 90' lang='lat' dir='ltr'><strong>quoque</strong></span> <span class='ocrx_word' id='word_1_73' title='bbox 383 733 447 788; x_wconf 91' lang='lat' dir='ltr'><strong>unit</strong></span> <span class='ocrx_word' id='word_1_74' title='bbox 472 737 500 789; x_wconf 92' lang='lat' dir='ltr'><strong>et</strong></span> <span class='ocrx_word' id='word_1_75' title='bbox 520 733 636 788; x_wconf 89' lang='lat' dir='ltr'><strong>confusa</strong></span> <span class='ocrx_word' id='word_1_76' title='bbox 659 732 781 801; x_wconf 87' lang='lat' dir='ltr'><strong>ordinat,</strong></span> <span class='ocrx_word' id='word_1_77' title='bbox 802 733 954 805; x_wconf 75' lang='lat' dir='ltr'><strong>inaequalia</strong></span> <span class='ocrx_word' id='word_1_78' title='bbox 1001 733 1119 804; x_wconf 90' lang='lat' dir='ltr'><strong>leretur,</strong></span> <span class='ocrx_word' id='word_1_79' title='bbox 1133 724 1257 789; x_wconf 76' lang='lat' dir='ltr'><strong>etcau&#39;sa</strong></span> <span class='ocrx_word' id='word_1_80' title='bbox 1270 748 1335 788; x_wconf 91' lang='lat' dir='ltr'><strong>mea</strong></span> <span class='ocrx_word' id='word_1_81' title='bbox 1349 731 1521 803; x_wconf 85' lang='lat' dir='ltr'><strong>firmaretur,</strong></span> <span class='ocrx_word' id='word_1_82' title='bbox 1536 732 1638 787; x_wconf 90' lang='lat' dir='ltr'><strong>scitote</strong></span> <span class='ocrx_word' id='word_1_83' title='bbox 1657 745 1710 787; x_wconf 90' lang='lat' dir='ltr'><strong>me</strong></span> <span class='ocrx_word' id='word_1_84' title='bbox 1728 730 1819 786; x_wconf 85' lang='lat' dir='ltr'><strong>crimi-</strong></span> 
     </span>
    </p>
   </div>
   <div class='ocr_carea' id='block_1_4' title="bbox 121 823 1818 5855">
    <p class='ocr_par' dir='ltr' id='par_1_4' title="bbox 132 823 1818 3185">
     <span class='ocr_line' id='line_1_7' title="bbox 132 823 1818 900; baseline -0.001 -18"><span class='ocrx_word' id='word_1_85' title='bbox 132 825 232 894; x_wconf 90' lang='lat' dir='ltr'><strong>sociat‚</strong></span> <span class='ocrx_word' id='word_1_86' title='bbox 246 825 414 896; x_wconf 87' lang='lat' dir='ltr'><strong>imperfecta</strong></span> <span class='ocrx_word' id='word_1_87' title='bbox 426 826 587 882; x_wconf 87' lang='lat' dir='ltr'><strong>confirmat.</strong></span> <span class='ocrx_word' id='word_1_88' title='bbox 598 827 688 891; x_wconf 84' lang='lat' dir='ltr'><strong>Quam</strong></span> <span class='ocrx_word' id='word_1_89' title='bbox 698 826 954 898; x_wconf 82' lang='lat' dir='ltr'><strong>reclepraedicator</strong></span> <span class='ocrx_word' id='word_1_90' title='bbox 1002 827 1064 882; x_wconf 91' lang='lat' dir='ltr'><strong>nari</strong></span> <span class='ocrx_word' id='word_1_91' title='bbox 1077 827 1232 900; x_wconf 87' lang='lat' dir='ltr'><strong>aquodam</strong></span> <span class='ocrx_word' id='word_1_92' title='bbox 1253 826 1337 881; x_wconf 88' lang='lat' dir='ltr'><strong>Basso</strong></span> <span class='ocrx_word' id='word_1_93' title='bbox 1351 831 1380 882; x_wconf 90' lang='lat' dir='ltr'><strong>et</strong></span> <span class='ocrx_word' id='word_1_94' title='bbox 1392 825 1496 897; x_wconf 89' lang='lat' dir='ltr'><strong>injuste</strong></span> <span class='ocrx_word' id='word_1_95' title='bbox 1514 824 1664 898; x_wconf 78' lang='lat' dir='ltr'><strong>persequi.</strong></span> <span class='ocrx_word' id='word_1_96' title='bbox 1680 823 1763 889; x_wconf 85' lang='lat' dir='ltr'><strong>Quod</strong></span> <span class='ocrx_word' id='word_1_97' title='bbox 1773 840 1818 881; x_wconf 87' lang='lat' dir='ltr'><strong>an·</strong></span> 
     </span>
     <span class='ocr_line' id='line_1_8' title="bbox 132 917 1818 992; baseline 0.001 -18"><span class='ocrx_word' id='word_1_98' title='bbox 132 919 266 991; x_wconf 88' lang='lat' dir='ltr'><strong>egregius</strong></span> <span class='ocrx_word' id='word_1_99' title='bbox 278 919 571 991; x_wconf 83' lang='lat' dir='ltr'><strong>apostolus,ridelicet</strong></span> <span class='ocrx_word' id='word_1_100' title='bbox 580 919 694 986; x_wconf 88' lang='lat' dir='ltr'><strong>Paulus,</strong></span> <span class='ocrx_word' id='word_1_101' title='bbox 702 919 849 975; x_wconf 87' lang='lat' dir='ltr'><strong>vinculum</strong></span> <span class='ocrx_word' id='word_1_102' title='bbox 861 919 951 991; x_wconf 90' lang='lat' dir='ltr'><strong>perfe-</strong></span> <span class='ocrx_word' id='word_1_103' title='bbox 1002 920 1084 980; x_wconf 87' lang='lat' dir='ltr'><strong>diens</strong></span> <span class='ocrx_word' id='word_1_104' title='bbox 1113 920 1324 976; x_wconf 83' lang='lat' dir='ltr'><strong>Valentinianus</strong></span> <span class='ocrx_word' id='word_1_105' title='bbox 1350 921 1504 992; x_wconf 77' lang='lat' dir='ltr'><strong>Augustus,</strong></span> <span class='ocrx_word' id='word_1_106' title='bbox 1531 921 1631 974; x_wconf 88' lang='lat' dir='ltr'><strong>nostra</strong></span> <span class='ocrx_word' id='word_1_107' title='bbox 1659 917 1818 975; x_wconf 87' lang='lat' dir='ltr'><strong>auctoritate</strong></span> 
     </span>
     <span class='ocr_line' id='line_1_9' title="bbox 133 1010 1816 1086; baseline 0.001 -21"><span class='ocrx_word' id='word_1_108' title='bbox 133 1012 235 1067; x_wconf 84' lang='lat' dir='ltr'><strong>olienis</strong></span> <span class='ocrx_word' id='word_1_109' title='bbox 245 1015 342 1069; x_wconf 85' lang='lat' dir='ltr'><strong>vocal:</strong></span> <span class='ocrx_word' id='word_1_110' title='bbox 359 1013 494 1084; x_wconf 89' lang='lat' dir='ltr'><strong>quoniam</strong></span> <span class='ocrx_word' id='word_1_111' title='bbox 508 1012 628 1068; x_wconf 85' lang='lat' dir='ltr'><strong>virtutes</strong></span> <span class='ocrx_word' id='word_1_112' title='bbox 640 1012 758 1085; x_wconf 84' lang='lat' dir='ltr'><strong>quidem</strong></span> <span class='ocrx_word' id='word_1_113' title='bbox 768 1016 877 1068; x_wconf 77' lang='lat' dir='ltr'><strong>caetere</strong></span> <span class='ocrx_word' id='word_1_114' title='bbox 891 1028 954 1085; x_wconf 88' lang='lat' dir='ltr'><strong>per-</strong></span> <span class='ocrx_word' id='word_1_115' title='bbox 1003 1013 1143 1086; x_wconf 84' lang='lat' dir='ltr'><strong>synodum</strong></span> <span class='ocrx_word' id='word_1_116' title='bbox 1168 1013 1340 1085; x_wconf 87' lang='lat' dir='ltr'><strong>congregari</strong></span> <span class='ocrx_word' id='word_1_117' title='bbox 1359 1012 1454 1084; x_wconf 89' lang='lat' dir='ltr'><strong>jussit,</strong></span> <span class='ocrx_word' id='word_1_118' title='bbox 1471 1015 1500 1067; x_wconf 90' lang='lat' dir='ltr'><strong>et</strong></span> <span class='ocrx_word' id='word_1_119' title='bbox 1520 1013 1598 1068; x_wconf 88' lang='lat' dir='ltr'><strong>lacto</strong></span> <span class='ocrx_word' id='word_1_120' title='bbox 1621 1010 1816 1067; x_wconf 86' lang='lat' dir='ltr'><strong>conciliorum</strong></span> 
     </span>
     <span class='ocr_line' id='line_1_10' title="bbox 133 1103 1816 1178; baseline 0 -17"><span class='ocrx_word' id='word_1_121' title='bbox 133 1106 287 1161; x_wconf 80' lang='lat' dir='ltr'><strong>sectionem</strong></span> <span class='ocrx_word' id='word_1_122' title='bbox 301 1110 451 1176; x_wconf 84' lang='lat' dir='ltr'><strong>generant,</strong></span> <span class='ocrx_word' id='word_1_123' title='bbox 461 1106 512 1162; x_wconf 90' lang='lat' dir='ltr'><strong>sed</strong></span> <span class='ocrx_word' id='word_1_124' title='bbox 524 1109 622 1162; x_wconf 90' lang='lat' dir='ltr'><strong>tamen</strong></span> <span class='ocrx_word' id='word_1_125' title='bbox 636 1122 685 1161; x_wconf 91' lang='lat' dir='ltr'><strong>eas</strong></span> <span class='ocrx_word' id='word_1_126' title='bbox 693 1106 816 1162; x_wconf 87' lang='lat' dir='ltr'><strong>charitas</strong></span> <span class='ocrx_word' id='word_1_127' title='bbox 824 1106 863 1162; x_wconf 90' lang='lat' dir='ltr'><strong>ita</strong></span> <span class='ocrx_word' id='word_1_128' title='bbox 871 1106 952 1178; x_wconf 85' lang='lat' dir='ltr'><strong>ligat,</strong></span> <span class='ocrx_word' id='word_1_129' title='bbox 1003 1122 1109 1178; x_wconf 89' lang='lat' dir='ltr'><strong>magna</strong></span> <span class='ocrx_word' id='word_1_130' title='bbox 1135 1106 1352 1177; x_wconf 76' lang='lat' dir='ltr'><strong>examinatione,</strong></span> <span class='ocrx_word' id='word_1_131' title='bbox 1379 1105 1554 1162; x_wconf 74' lang='lat' dir='ltr'><strong>satisfaciens</strong></span> <span class='ocrx_word' id='word_1_132' title='bbox 1586 1103 1738 1171; x_wconf 88' lang='lat' dir='ltr'><strong>omnibus,</strong></span> <span class='ocrx_word' id='word_1_133' title='bbox 1761 1103 1816 1161; x_wconf 86' lang='lat' dir='ltr'><strong>licet</strong></span> 
     </span>
     <span class='ocr_line' id='line_1_11' title="bbox 134 1197 1816 1272; baseline 0.001 -19"><span class='ocrx_word' id='word_1_134' title='bbox 134 1202 166 1253; x_wconf 91' lang='lat' dir='ltr'><strong>ut</strong></span> <span class='ocrx_word' id='word_1_135' title='bbox 184 1198 220 1253; x_wconf 91' lang='lat' dir='ltr'><strong>ab</strong></span> <span class='ocrx_word' id='word_1_136' title='bbox 244 1198 366 1253; x_wconf 89' lang='lat' dir='ltr'><strong>amantis</strong></span> <span class='ocrx_word' id='word_1_137' title='bbox 388 1203 485 1255; x_wconf 87' lang='lat' dir='ltr'><strong>mente</strong></span> <span class='ocrx_word' id='word_1_138' title='bbox 508 1199 622 1255; x_wconf 85' lang='lat' dir='ltr'><strong>dissolvi</strong></span> <span class='ocrx_word' id='word_1_139' title='bbox 640 1199 704 1271; x_wconf 91' lang='lat' dir='ltr'><strong>jam</strong></span> <span class='ocrx_word' id='word_1_140' title='bbox 722 1201 877 1271; x_wconf 82' lang='lat' dir='ltr'><strong>nequeant.</strong></span> <span class='ocrx_word' id='word_1_141' title='bbox 896 1200 954 1255; x_wconf 89' lang='lat' dir='ltr'><strong>llac</strong></span> <span class='ocrx_word' id='word_1_142' title='bbox 1003 1199 1123 1256; x_wconf 85' lang='lat' dir='ltr'><strong>evadere</strong></span> <span class='ocrx_word' id='word_1_143' title='bbox 1146 1200 1215 1255; x_wconf 87' lang='lat' dir='ltr'><strong>salis</strong></span> <span class='ocrx_word' id='word_1_144' title='bbox 1237 1199 1319 1255; x_wconf 89' lang='lat' dir='ltr'><strong>aliter</strong></span> <span class='ocrx_word' id='word_1_145' title='bbox 1332 1198 1498 1272; x_wconf 88' lang='lat' dir='ltr'><strong>potuissem,</strong></span> <span class='ocrx_word' id='word_1_146' title='bbox 1518 1197 1715 1272; x_wconf 84' lang='lat' dir='ltr'><strong>suspicionem</strong></span> <span class='ocrx_word' id='word_1_147' title='bbox 1730 1200 1816 1254; x_wconf 83' lang='lat' dir='ltr'><strong>tamur</strong></span> 
     </span>
     <span class='ocr_line' id='line_1_12' title="bbox 136 1290 1817 1367; baseline 0.001 -20"><span class='ocrx_word' id='word_1_148' title='bbox 136 1307 251 1364; x_wconf 87' lang='lat' dir='ltr'><strong>quoque</strong></span> <span class='ocrx_word' id='word_1_149' title='bbox 272 1291 388 1360; x_wconf 83' lang='lat' dir='ltr'><strong>virtute,</strong></span> <span class='ocrx_word' id='word_1_150' title='bbox 409 1293 523 1363; x_wconf 89' lang='lat' dir='ltr'><strong>fratres,</strong></span> <span class='ocrx_word' id='word_1_151' title='bbox 541 1293 640 1364; x_wconf 90' lang='lat' dir='ltr'><strong>plenos</strong></span> <span class='ocrx_word' id='word_1_152' title='bbox 663 1309 712 1348; x_wconf 87' lang='lat' dir='ltr'><strong>vos</strong></span> <span class='ocrx_word' id='word_1_153' title='bbox 730 1292 851 1366; x_wconf 89' lang='lat' dir='ltr'><strong>Spiritus</strong></span> <span class='ocrx_word' id='word_1_154' title='bbox 866 1291 954 1348; x_wconf 88' lang='lat' dir='ltr'><strong>sancti</strong></span> <span class='ocrx_word' id='word_1_155' title='bbox 1004 1293 1117 1367; x_wconf 92' lang='lat' dir='ltr'><strong>fugiens</strong></span> <span class='ocrx_word' id='word_1_156' title='bbox 1138 1309 1233 1349; x_wconf 89' lang='lat' dir='ltr'><strong>coram</strong></span> <span class='ocrx_word' id='word_1_157' title='bbox 1250 1292 1384 1349; x_wconf 90' lang='lat' dir='ltr'><strong>omnibus</strong></span> <span class='ocrx_word' id='word_1_158' title='bbox 1398 1309 1447 1349; x_wconf 92' lang='lat' dir='ltr'><strong>me</strong></span> <span class='ocrx_word' id='word_1_159' title='bbox 1468 1292 1601 1364; x_wconf 80' lang='lat' dir='ltr'><strong>purgavi,</strong></span> <span class='ocrx_word' id='word_1_160' title='bbox 1625 1307 1676 1347; x_wconf 92' lang='lat' dir='ltr'><strong>me</strong></span> <span class='ocrx_word' id='word_1_161' title='bbox 1693 1290 1817 1348; x_wconf 81' lang='lat' dir='ltr'><strong>sciliceta</strong></span> 
     </span>
     <span class='ocr_line' id='line_1_13' title="bbox 137 1384 1816 1459; baseline 0.001 -19"><span class='ocrx_word' id='word_1_162' title='bbox 137 1385 229 1457; x_wconf 88' lang='lat' dir='ltr'><strong>gratia</strong></span> <span class='ocrx_word' id='word_1_163' title='bbox 240 1384 432 1457; x_wconf 87' lang='lat' dir='ltr'><strong>essereperio,</strong></span> <span class='ocrx_word' id='word_1_164' title='bbox 442 1385 512 1441; x_wconf 91' lang='lat' dir='ltr'><strong>dum</strong></span> <span class='ocrx_word' id='word_1_165' title='bbox 522 1385 646 1441; x_wconf 88' lang='lat' dir='ltr'><strong>solatiari</strong></span> <span class='ocrx_word' id='word_1_166' title='bbox 657 1386 730 1441; x_wconf 91' lang='lat' dir='ltr'><strong>mihi</strong></span> <span class='ocrx_word' id='word_1_167' title='bbox 741 1385 955 1441; x_wconf 89' lang='lat' dir='ltr'><strong>inmeisanrie·</strong></span> <span class='ocrx_word' id='word_1_168' title='bbox 1004 1387 1166 1459; x_wconf 86' lang='lat' dir='ltr'><strong>suspicione</strong></span> <span class='ocrx_word' id='word_1_169' title='bbox 1181 1390 1210 1442; x_wconf 91' lang='lat' dir='ltr'><strong>et</strong></span> <span class='ocrx_word' id='word_1_170' title='bbox 1222 1385 1405 1442; x_wconf 71' lang='lat' dir='ltr'><strong>emulatione</strong></span> <span class='ocrx_word' id='word_1_171' title='bbox 1417 1385 1553 1457; x_wconf 91' lang='lat' dir='ltr'><strong>liberans,</strong></span> <span class='ocrx_word' id='word_1_172' title='bbox 1562 1385 1616 1441; x_wconf 93' lang='lat' dir='ltr'><strong>sed</strong></span> <span class='ocrx_word' id='word_1_173' title='bbox 1630 1402 1694 1441; x_wconf 93' lang='lat' dir='ltr'><strong>non</strong></span> <span class='ocrx_word' id='word_1_174' title='bbox 1708 1385 1816 1458; x_wconf 86' lang='lat' dir='ltr'><strong>aliisqui</strong></span> 
     </span>
     <span class='ocr_line' id='line_1_14' title="bbox 137 1477 1816 1554; baseline 0.001 -21"><span class='ocrx_word' id='word_1_175' title='bbox 137 1477 243 1534; x_wconf 90' lang='lat' dir='ltr'><strong>tatibus</strong></span> <span class='ocrx_word' id='word_1_176' title='bbox 259 1478 359 1535; x_wconf 85' lang='lat' dir='ltr'><strong>sentio.</strong></span> <span class='ocrx_word' id='word_1_177' title='bbox 374 1479 430 1535; x_wconf 87' lang='lat' dir='ltr'><strong>Nec</strong></span> <span class='ocrx_word' id='word_1_178' title='bbox 442 1480 561 1549; x_wconf 90' lang='lat' dir='ltr'><strong>mirum,</strong></span> <span class='ocrx_word' id='word_1_179' title='bbox 578 1479 747 1547; x_wconf 87' lang='lat' dir='ltr'><strong>charissimi,</strong></span> <span class='ocrx_word' id='word_1_180' title='bbox 762 1479 785 1534; x_wconf 90' lang='lat' dir='ltr'><strong>si</strong></span> <span class='ocrx_word' id='word_1_181' title='bbox 798 1494 845 1535; x_wconf 91' lang='lat' dir='ltr'><strong>me</strong></span> <span class='ocrx_word' id='word_1_182' title='bbox 859 1494 953 1550; x_wconf 91' lang='lat' dir='ltr'><strong>perse·</strong></span> <span class='ocrx_word' id='word_1_183' title='bbox 1005 1480 1159 1549; x_wconf 90' lang='lat' dir='ltr'><strong>noluerint,</strong></span> <span class='ocrx_word' id='word_1_184' title='bbox 1182 1484 1232 1536; x_wconf 89' lang='lat' dir='ltr'><strong>aut</strong></span> <span class='ocrx_word' id='word_1_185' title='bbox 1250 1483 1351 1554; x_wconf 89' lang='lat' dir='ltr'><strong>sponte</strong></span> <span class='ocrx_word' id='word_1_186' title='bbox 1373 1480 1427 1534; x_wconf 91' lang='lat' dir='ltr'><strong>hoc</strong></span> <span class='ocrx_word' id='word_1_187' title='bbox 1449 1495 1507 1535; x_wconf 92' lang='lat' dir='ltr'><strong>non</strong></span> <span class='ocrx_word' id='word_1_188' title='bbox 1527 1479 1684 1553; x_wconf 88' lang='lat' dir='ltr'><strong>elegerint,</strong></span> <span class='ocrx_word' id='word_1_189' title='bbox 1702 1478 1816 1535; x_wconf 86' lang='lat' dir='ltr'><strong>faciendo</strong></span> 
     </span>
     <span class='ocr_line' id='line_1_15' title="bbox 136 1571 1817 1646; baseline 0.001 -20"><span class='ocrx_word' id='word_1_190' title='bbox 136 1575 265 1643; x_wconf 84' lang='lat' dir='ltr'><strong>quantur</strong></span> <span class='ocrx_word' id='word_1_191' title='bbox 283 1572 378 1627; x_wconf 80' lang='lat' dir='ltr'><strong>emuli</strong></span> <span class='ocrx_word' id='word_1_192' title='bbox 398 1572 465 1641; x_wconf 88' lang='lat' dir='ltr'><strong>mei,</strong></span> <span class='ocrx_word' id='word_1_193' title='bbox 481 1589 547 1628; x_wconf 91' lang='lat' dir='ltr'><strong>cum</strong></span> <span class='ocrx_word' id='word_1_194' title='bbox 571 1576 658 1644; x_wconf 91' lang='lat' dir='ltr'><strong>caput</strong></span> <span class='ocrx_word' id='word_1_195' title='bbox 677 1575 808 1628; x_wconf 89' lang='lat' dir='ltr'><strong>nostrum</strong></span> <span class='ocrx_word' id='word_1_196' title='bbox 821 1571 898 1644; x_wconf 87' lang='lat' dir='ltr'><strong>quod</strong></span> <span class='ocrx_word' id='word_1_197' title='bbox 912 1574 956 1627; x_wconf 91' lang='lat' dir='ltr'><strong>est</strong></span> <span class='ocrx_word' id='word_1_198' title='bbox 1003 1573 1126 1630; x_wconf 89' lang='lat' dir='ltr'><strong>formam</strong></span> <span class='ocrx_word' id='word_1_199' title='bbox 1141 1572 1365 1646; x_wconf 83' lang='lat' dir='ltr'><strong>exemplumque</strong></span> <span class='ocrx_word' id='word_1_200' title='bbox 1379 1572 1461 1640; x_wconf 88' lang='lat' dir='ltr'><strong>dans,</strong></span> <span class='ocrx_word' id='word_1_201' title='bbox 1485 1588 1551 1628; x_wconf 91' lang='lat' dir='ltr'><strong>cum</strong></span> <span class='ocrx_word' id='word_1_202' title='bbox 1566 1571 1711 1645; x_wconf 86' lang='lat' dir='ltr'><strong>scriplum</strong></span> <span class='ocrx_word' id='word_1_203' title='bbox 1723 1573 1774 1628; x_wconf 88' lang='lat' dir='ltr'><strong>sit:</strong></span> <span class='ocrx_word' id='word_1_204' title='bbox 1793 1572 1817 1628; x_wconf 89' lang='lat' dir='ltr'><strong>Si</strong></span> 
     </span>
     <span class='ocr_line' id='line_1_16' title="bbox 134 1664 1816 1739; baseline 0 -18"><span class='ocrx_word' id='word_1_205' title='bbox 134 1664 263 1721; x_wconf 85' lang='lat' dir='ltr'><strong>Christus</strong></span> <span class='ocrx_word' id='word_1_206' title='bbox 283 1665 352 1721; x_wconf 89' lang='lat' dir='ltr'><strong>olim</strong></span> <span class='ocrx_word' id='word_1_207' title='bbox 371 1665 467 1721; x_wconf 82' lang='lat' dir='ltr'><strong>aemuli</strong></span> <span class='ocrx_word' id='word_1_208' title='bbox 487 1665 603 1738; x_wconf 83' lang='lat' dir='ltr'><strong>quidem</strong></span> <span class='ocrx_word' id='word_1_209' title='bbox 626 1671 732 1721; x_wconf 79' lang='lat' dir='ltr'><strong>sanctae</strong></span> <span class='ocrx_word' id='word_1_210' title='bbox 755 1665 805 1720; x_wconf 83' lang='lat' dir='ltr'><strong>nei</strong></span> <span class='ocrx_word' id='word_1_211' title='bbox 823 1664 955 1723; x_wconf 77' lang='lat' dir='ltr'><strong>Ecclesiae</strong></span> <span class='ocrx_word' id='word_1_212' title='bbox 1004 1667 1069 1739; x_wconf 89' lang='lat' dir='ltr'><strong>quis</strong></span> <span class='ocrx_word' id='word_1_213' title='bbox 1082 1667 1192 1723; x_wconf 90' lang='lat' dir='ltr'><strong>crimen</strong></span> <span class='ocrx_word' id='word_1_214' title='bbox 1214 1666 1483 1739; x_wconf 68' lang='lat' dir='ltr'><strong>obiiceresoluerit,</strong></span> <span class='ocrx_word' id='word_1_215' title='bbox 1497 1665 1601 1722; x_wconf 89' lang='lat' dir='ltr'><strong>scribat</strong></span> <span class='ocrx_word' id='word_1_216' title='bbox 1619 1681 1650 1721; x_wconf 88' lang='lat' dir='ltr'><strong>se</strong></span> <span class='ocrx_word' id='word_1_217' title='bbox 1663 1665 1745 1739; x_wconf 90' lang='lat' dir='ltr'><strong>prius</strong></span> <span class='ocrx_word' id='word_1_218' title='bbox 1758 1682 1816 1738; x_wconf 91' lang='lat' dir='ltr'><strong>pro·</strong></span> 
     </span>
     <span class='ocr_line' id='line_1_17' title="bbox 134 1743 1814 1831; baseline 0.001 -17"><span class='ocrx_word' id='word_1_219' title='bbox 134 1774 336 1830; x_wconf 84' lang='lat' dir='ltr'><strong>servorumque</strong></span> <span class='ocrx_word' id='word_1_220' title='bbox 352 1758 414 1830; x_wconf 83' lang='lat' dir='ltr'><strong>ejus</strong></span> <span class='ocrx_word' id='word_1_221' title='bbox 437 1759 493 1814; x_wconf 88' lang='lat' dir='ltr'><strong>sint</strong></span> <span class='ocrx_word' id='word_1_222' title='bbox 506 1759 664 1831; x_wconf 88' lang='lat' dir='ltr'><strong>persecuti;</strong></span> <span class='ocrx_word' id='word_1_223' title='bbox 683 1758 757 1814; x_wconf 92' lang='lat' dir='ltr'><strong>unde</strong></span> <span class='ocrx_word' id='word_1_224' title='bbox 776 1762 805 1815; x_wconf 91' lang='lat' dir='ltr'><strong>et</strong></span> <span class='ocrx_word' id='word_1_225' title='bbox 825 1757 887 1831; x_wconf 90' lang='lat' dir='ltr'><strong>ipsa</strong></span> <span class='ocrx_word' id='word_1_226' title='bbox 902 1743 1139 1830; x_wconf 87' lang='lat' dir='ltr'><strong>peeraturum</strong></span> <span class='ocrx_word' id='word_1_227' title='bbox 1148 1778 1158 1831; x_wconf 91' lang='lat'>;</span> <span class='ocrx_word' id='word_1_228' title='bbox 1173 1764 1203 1815; x_wconf 93' lang='lat' dir='ltr'><strong>et</strong></span> <span class='ocrx_word' id='word_1_229' title='bbox 1222 1760 1308 1816; x_wconf 88' lang='lat' dir='ltr'><strong>alibi:</strong></span> <span class='ocrx_word' id='word_1_230' title='bbox 1332 1759 1551 1817; x_wconf 78' lang='lat' dir='ltr'><strong>criminationes</strong></span> <span class='ocrx_word' id='word_1_231' title='bbox 1567 1758 1710 1815; x_wconf 83' lang='lat' dir='ltr'><strong>adversus</strong></span> <span class='ocrx_word' id='word_1_232' title='bbox 1729 1757 1814 1816; x_wconf 81' lang='lat' dir='ltr'><strong>docto</strong></span> 
     </span>
     <span class='ocr_line' id='line_1_18' title="bbox 134 1851 1814 1926; baseline 0.002 -21"><span class='ocrx_word' id='word_1_233' title='bbox 134 1868 164 1907; x_wconf 87' lang='lat' dir='ltr'><strong>se</strong></span> <span class='ocrx_word' id='word_1_234' title='bbox 178 1852 289 1907; x_wconf 83' lang='lat' dir='ltr'><strong>Veritas</strong></span> <span class='ocrx_word' id='word_1_235' title='bbox 303 1851 390 1907; x_wconf 91' lang='lat' dir='ltr'><strong>dicit:</strong></span> <span class='ocrx_word' id='word_1_236' title='bbox 407 1873 421 1902; x_wconf 75' lang='grc' dir='ltr'><strong><em>α</em></strong></span> <span class='ocrx_word' id='word_1_237' title='bbox 438 1853 465 1908; x_wconf 90' lang='lat' dir='ltr'><strong>Si</strong></span> <span class='ocrx_word' id='word_1_238' title='bbox 478 1852 713 1925; x_wconf 82' lang='lat' dir='ltr'><strong>patremfamilias</strong></span> <span class='ocrx_word' id='word_1_239' title='bbox 735 1851 888 1908; x_wconf 77' lang='lat' dir='ltr'><strong>belzebuth</strong></span> <span class='ocrx_word' id='word_1_240' title='bbox 902 1867 951 1907; x_wconf 82' lang='lat' dir='ltr'><strong>vo·</strong></span> <span class='ocrx_word' id='word_1_241' title='bbox 1002 1870 1063 1911; x_wconf 91' lang='lat' dir='ltr'><strong>rem</strong></span> <span class='ocrx_word' id='word_1_242' title='bbox 1078 1869 1162 1910; x_wconf 91' lang='lat' dir='ltr'><strong>nemo</strong></span> <span class='ocrx_word' id='word_1_243' title='bbox 1186 1853 1324 1926; x_wconf 88' lang='lat' dir='ltr'><strong>recipiat;</strong></span> <span class='ocrx_word' id='word_1_244' title='bbox 1349 1857 1379 1909; x_wconf 89' lang='lat' dir='ltr'><strong>et</strong></span> <span class='ocrx_word' id='word_1_245' title='bbox 1398 1853 1524 1909; x_wconf 89' lang='lat' dir='ltr'><strong>ilerum:</strong></span> <span class='ocrx_word' id='word_1_246' title='bbox 1543 1852 1572 1909; x_wconf 93' lang='lat' dir='ltr'><strong>Si</strong></span> <span class='ocrx_word' id='word_1_247' title='bbox 1585 1852 1652 1926; x_wconf 86' lang='lat' dir='ltr'><strong>quis</strong></span> <span class='ocrx_word' id='word_1_248' title='bbox 1665 1852 1814 1926; x_wconf 84' lang='lat' dir='ltr'><strong>episcopus,</strong></span> 
     </span>
     <span class='ocr_line' id='line_1_19' title="bbox 133 1944 1816 2021; baseline -0.001 -19"><span class='ocrx_word' id='word_1_249' title='bbox 133 1946 495 2018; x_wconf 84' lang='lat' dir='ltr'><strong>caverunt,quantomagis</strong></span> <span class='ocrx_word' id='word_1_250' title='bbox 509 1945 676 2002; x_wconf 88' lang='lat' dir='ltr'><strong>domesticos</strong></span> <span class='ocrx_word' id='word_1_251' title='bbox 688 1945 791 2018; x_wconf 80' lang='lat' dir='ltr'><strong>ejusl»</strong></span> <span class='ocrx_word' id='word_1_252' title='bbox 807 1945 951 2015; x_wconf 69' lang='lat' dir='ltr'><strong>(narrar,</strong></span> <span class='ocrx_word' id='word_1_253' title='bbox 1002 1947 1161 2021; x_wconf 81' lang='lat' dir='ltr'><strong>presbyter,</strong></span> <span class='ocrx_word' id='word_1_254' title='bbox 1181 1949 1233 2003; x_wconf 91' lang='lat' dir='ltr'><strong>aut</strong></span> <span class='ocrx_word' id='word_1_255' title='bbox 1245 1947 1391 2018; x_wconf 89' lang='lat' dir='ltr'><strong>diaconus,</strong></span> <span class='ocrx_word' id='word_1_256' title='bbox 1411 1947 1457 2002; x_wconf 79' lang='lat' dir='ltr'><strong>vel</strong></span> <span class='ocrx_word' id='word_1_257' title='bbox 1473 1945 1593 2019; x_wconf 87' lang='lat' dir='ltr'><strong>quilibet</strong></span> <span class='ocrx_word' id='word_1_258' title='bbox 1613 1944 1724 2014; x_wconf 86' lang='lat' dir='ltr'><strong>clerici,</strong></span> <span class='ocrx_word' id='word_1_259' title='bbox 1750 1944 1816 2019; x_wconf 87' lang='lat' dir='ltr'><strong>apud</strong></span> 
     </span>
     <span class='ocr_line' id='line_1_20' title="bbox 133 2034 1814 2110; baseline -0.002 -16"><span class='ocrx_word' id='word_1_260' title='bbox 133 2038 188 2110; x_wconf 79' lang='lat'><strong>25).</strong></span> <span class='ocrx_word' id='word_1_261' title='bbox 216 2039 286 2103; x_wconf 77' lang='lat' dir='ltr'><strong>Quae</strong></span> <span class='ocrx_word' id='word_1_262' title='bbox 308 2039 414 2094; x_wconf 74' lang='lat' dir='ltr'><strong>itonam</strong></span> <span class='ocrx_word' id='word_1_263' title='bbox 433 2039 503 2097; x_wconf 91' lang='lat' dir='ltr'><strong>dicit</strong></span> <span class='ocrx_word' id='word_1_264' title='bbox 525 2056 563 2095; x_wconf 87' lang='lat'><strong>:«</strong></span> <span class='ocrx_word' id='word_1_265' title='bbox 582 2039 611 2095; x_wconf 92' lang='lat' dir='ltr'><strong>Si</strong></span> <span class='ocrx_word' id='word_1_266' title='bbox 632 2038 667 2094; x_wconf 94' lang='lat' dir='ltr'><strong>de</strong></span> <span class='ocrx_word' id='word_1_267' title='bbox 683 2038 738 2094; x_wconf 93' lang='lat' dir='ltr'><strong>hoc</strong></span> <span class='ocrx_word' id='word_1_268' title='bbox 754 2038 864 2095; x_wconf 89' lang='lat' dir='ltr'><strong>mundo</strong></span> <span class='ocrx_word' id='word_1_269' title='bbox 877 2054 951 2094; x_wconf 85' lang='lat' dir='ltr'><strong>esse-</strong></span> <span class='ocrx_word' id='word_1_270' title='bbox 1003 2036 1198 2109; x_wconf 87' lang='lat' dir='ltr'><strong>episcopuma</strong></span> <span class='ocrx_word' id='word_1_271' title='bbox 1219 2035 1345 2109; x_wconf 89' lang='lat' dir='ltr'><strong>qualibet</strong></span> <span class='ocrx_word' id='word_1_272' title='bbox 1356 2051 1483 2108; x_wconf 91' lang='lat' dir='ltr'><strong>persona</strong></span> <span class='ocrx_word' id='word_1_273' title='bbox 1495 2034 1605 2091; x_wconf 88' lang='lat' dir='ltr'><strong>fuerint</strong></span> <span class='ocrx_word' id='word_1_274' title='bbox 1618 2034 1749 2091; x_wconf 86' lang='lat' dir='ltr'><strong>accurati</strong></span> <span class='ocrx_word' id='word_1_275' title='bbox 1760 2034 1814 2107; x_wconf 82' lang='lat' dir='ltr'><strong>qni·</strong></span> 
     </span>
     <span class='ocr_line' id='line_1_21' title="bbox 132 2122 1814 2204; baseline -0.002 -18"><span class='ocrx_word' id='word_1_276' title='bbox 132 2130 178 2199; x_wconf 85' lang='lat' dir='ltr'><strong>lis,</strong></span> <span class='ocrx_word' id='word_1_277' title='bbox 192 2131 327 2202; x_wconf 89' lang='lat' dir='ltr'><strong>mundns,</strong></span> <span class='ocrx_word' id='word_1_278' title='bbox 341 2132 417 2204; x_wconf 87' lang='lat' dir='ltr'><strong>qnod</strong></span> <span class='ocrx_word' id='word_1_279' title='bbox 432 2148 515 2187; x_wconf 89' lang='lat' dir='ltr'><strong>suum</strong></span> <span class='ocrx_word' id='word_1_280' title='bbox 531 2134 594 2187; x_wconf 91' lang='lat' dir='ltr'><strong>erat</strong></span> <span class='ocrx_word' id='word_1_281' title='bbox 606 2131 751 2203; x_wconf 80' lang='lat' dir='ltr'><strong>diligeret.</strong></span> <span class='ocrx_word' id='word_1_282' title='bbox 767 2130 824 2187; x_wconf 85' lang='lat' dir='ltr'><strong>Sed</strong></span> <span class='ocrx_word' id='word_1_283' title='bbox 836 2131 905 2204; x_wconf 82' lang='lat' dir='ltr'><strong>quia</strong></span> <span class='ocrx_word' id='word_1_284' title='bbox 917 2131 953 2187; x_wconf 90' lang='lat' dir='ltr'><strong>de</strong></span> <span class='ocrx_word' id='word_1_285' title='bbox 1003 2122 1116 2202; x_wconf 59' lang='lat' dir='ltr'><strong>cunone</strong></span> <span class='ocrx_word' id='word_1_286' title='bbox 1134 2130 1239 2201; x_wconf 88' lang='lat' dir='ltr'><strong>fuerit,</strong></span> <span class='ocrx_word' id='word_1_287' title='bbox 1259 2129 1317 2184; x_wconf 87' lang='lat' dir='ltr'><strong>sive</strong></span> <span class='ocrx_word' id='word_1_288' title='bbox 1340 2128 1387 2184; x_wconf 92' lang='lat' dir='ltr'><strong>ille</strong></span> <span class='ocrx_word' id='word_1_289' title='bbox 1405 2127 1536 2184; x_wconf 88' lang='lat' dir='ltr'><strong>sublimis</strong></span> <span class='ocrx_word' id='word_1_290' title='bbox 1554 2127 1601 2183; x_wconf 82' lang='lat' dir='ltr'><strong>rir</strong></span> <span class='ocrx_word' id='word_1_291' title='bbox 1617 2127 1749 2195; x_wconf 90' lang='lat' dir='ltr'><strong>honoris,</strong></span> <span class='ocrx_word' id='word_1_292' title='bbox 1766 2127 1814 2183; x_wconf 84' lang='lat' dir='ltr'><strong>rire</strong></span> 
     </span>
     <span class='ocr_line' id='line_1_22' title="bbox 133 2219 1815 2297; baseline -0.002 -18"><span class='ocrx_word' id='word_1_293' title='bbox 133 2224 188 2279; x_wconf 92' lang='lat' dir='ltr'><strong>hoc</strong></span> <span class='ocrx_word' id='word_1_294' title='bbox 201 2225 312 2280; x_wconf 92' lang='lat' dir='ltr'><strong>mundo</strong></span> <span class='ocrx_word' id='word_1_295' title='bbox 325 2241 384 2280; x_wconf 92' lang='lat' dir='ltr'><strong>non</strong></span> <span class='ocrx_word' id='word_1_296' title='bbox 397 2225 473 2293; x_wconf 91' lang='lat' dir='ltr'><strong>estis,</strong></span> <span class='ocrx_word' id='word_1_297' title='bbox 489 2225 539 2281; x_wconf 89' lang='lat' dir='ltr'><strong>sed</strong></span> <span class='ocrx_word' id='word_1_298' title='bbox 554 2241 622 2297; x_wconf 88' lang='lat' dir='ltr'><strong>ergo</strong></span> <span class='ocrx_word' id='word_1_299' title='bbox 637 2224 712 2296; x_wconf 90' lang='lat' dir='ltr'><strong>elegi</strong></span> <span class='ocrx_word' id='word_1_300' title='bbox 721 2240 771 2280; x_wconf 86' lang='lat' dir='ltr'><strong>vos</strong></span> <span class='ocrx_word' id='word_1_301' title='bbox 784 2224 819 2280; x_wconf 91' lang='lat' dir='ltr'><strong>de</strong></span> <span class='ocrx_word' id='word_1_302' title='bbox 832 2224 952 2292; x_wconf 89' lang='lat' dir='ltr'><strong>mundo,</strong></span> <span class='ocrx_word' id='word_1_303' title='bbox 1003 2223 1087 2279; x_wconf 89' lang='lat' dir='ltr'><strong>ullius</strong></span> <span class='ocrx_word' id='word_1_304' title='bbox 1101 2223 1220 2279; x_wconf 88' lang='lat' dir='ltr'><strong>alterius</strong></span> <span class='ocrx_word' id='word_1_305' title='bbox 1238 2221 1352 2296; x_wconf 90' lang='lat' dir='ltr'><strong>generis</strong></span> <span class='ocrx_word' id='word_1_306' title='bbox 1369 2238 1493 2295; x_wconf 90' lang='lat' dir='ltr'><strong>persona</strong></span> <span class='ocrx_word' id='word_1_307' title='bbox 1506 2220 1555 2293; x_wconf 91' lang='lat' dir='ltr'><strong>qui</strong></span> <span class='ocrx_word' id='word_1_308' title='bbox 1568 2221 1622 2277; x_wconf 92' lang='lat' dir='ltr'><strong>boc</strong></span> <span class='ocrx_word' id='word_1_309' title='bbox 1636 2237 1729 2295; x_wconf 90' lang='lat' dir='ltr'><strong>genus</strong></span> <span class='ocrx_word' id='word_1_310' title='bbox 1743 2219 1815 2276; x_wconf 87' lang='lat' dir='ltr'><strong>illan·</strong></span> 
     </span>
     <span class='ocr_line' id='line_1_23' title="bbox 133 2313 1814 2392; baseline -0.001 -21"><span class='ocrx_word' id='word_1_311' title='bbox 133 2320 288 2389; x_wconf 89' lang='lat' dir='ltr'><strong>propterea</strong></span> <span class='ocrx_word' id='word_1_312' title='bbox 309 2317 370 2373; x_wconf 91' lang='lat' dir='ltr'><strong>odit</strong></span> <span class='ocrx_word' id='word_1_313' title='bbox 384 2334 434 2375; x_wconf 87' lang='lat' dir='ltr'><strong>vos</strong></span> <span class='ocrx_word' id='word_1_314' title='bbox 455 2318 581 2374; x_wconf 91' lang='lat' dir='ltr'><strong>mundus</strong></span> <span class='ocrx_word' id='word_1_315' title='bbox 602 2320 691 2392; x_wconf 80' lang='lat' dir='ltr'><strong>(loon.</strong></span> <span class='ocrx_word' id='word_1_316' title='bbox 713 2333 757 2387; x_wconf 81' lang='lat' dir='ltr'><strong>xv,</strong></span> <span class='ocrx_word' id='word_1_317' title='bbox 773 2317 857 2388; x_wconf 63' lang='grc'>19).»</span> <span class='ocrx_word' id='word_1_318' title='bbox 877 2318 952 2385; x_wconf 77' lang='lat' dir='ltr'><strong>llaec,</strong></span> <span class='ocrx_word' id='word_1_319' title='bbox 1002 2316 1106 2373; x_wconf 92' lang='lat' dir='ltr'><strong>dabilis</strong></span> <span class='ocrx_word' id='word_1_320' title='bbox 1121 2316 1286 2372; x_wconf 88' lang='lat' dir='ltr'><strong>intentionis</strong></span> <span class='ocrx_word' id='word_1_321' title='bbox 1303 2315 1466 2388; x_wconf 87' lang='lat' dir='ltr'><strong>arripuerit,</strong></span> <span class='ocrx_word' id='word_1_322' title='bbox 1484 2313 1595 2371; x_wconf 84' lang='lat' dir='ltr'><strong>noverit</strong></span> <span class='ocrx_word' id='word_1_323' title='bbox 1609 2313 1745 2372; x_wconf 83' lang='lat' dir='ltr'><strong>docenda</strong></span> <span class='ocrx_word' id='word_1_324' title='bbox 1756 2331 1814 2387; x_wconf 88' lang='lat' dir='ltr'><strong>pro·</strong></span> 
     </span>
     <span class='ocr_line' id='line_1_24' title="bbox 133 2407 1815 2482; baseline -0.001 -17"><span class='ocrx_word' id='word_1_325' title='bbox 133 2410 247 2480; x_wconf 86' lang='lat' dir='ltr'><strong>iratres,</strong></span> <span class='ocrx_word' id='word_1_326' title='bbox 261 2427 328 2466; x_wconf 92' lang='lat' dir='ltr'><strong>cum</strong></span> <span class='ocrx_word' id='word_1_327' title='bbox 342 2416 371 2468; x_wconf 93' lang='lat' dir='ltr'><strong>et</strong></span> <span class='ocrx_word' id='word_1_328' title='bbox 388 2428 441 2467; x_wconf 92' lang='lat' dir='ltr'><strong>nos</strong></span> <span class='ocrx_word' id='word_1_329' title='bbox 454 2412 586 2479; x_wconf 90' lang='lat' dir='ltr'><strong>sciamus,</strong></span> <span class='ocrx_word' id='word_1_330' title='bbox 602 2415 631 2469; x_wconf 90' lang='lat' dir='ltr'><strong>et</strong></span> <span class='ocrx_word' id='word_1_331' title='bbox 641 2411 703 2466; x_wconf 88' lang='lat' dir='ltr'><strong>aliis</strong></span> <span class='ocrx_word' id='word_1_332' title='bbox 717 2426 800 2467; x_wconf 91' lang='lat' dir='ltr'><strong>nosse</strong></span> <span class='ocrx_word' id='word_1_333' title='bbox 816 2410 952 2482; x_wconf 74' lang='lat' dir='ltr'><strong>preadica-</strong></span> <span class='ocrx_word' id='word_1_334' title='bbox 1002 2409 1159 2466; x_wconf 88' lang='lat' dir='ltr'><strong>betioribus</strong></span> <span class='ocrx_word' id='word_1_335' title='bbox 1183 2409 1369 2466; x_wconf 87' lang='lat' dir='ltr'><strong>monstranda</strong></span> <span class='ocrx_word' id='word_1_336' title='bbox 1394 2407 1575 2465; x_wconf 89' lang='lat' dir='ltr'><strong>documentis</strong></span> <span class='ocrx_word' id='word_1_337' title='bbox 1595 2424 1625 2463; x_wconf 90' lang='lat' dir='ltr'><strong>se</strong></span> <span class='ocrx_word' id='word_1_338' title='bbox 1653 2407 1758 2464; x_wconf 87' lang='lat' dir='ltr'><strong>debere</strong></span> <span class='ocrx_word' id='word_1_339' title='bbox 1776 2407 1815 2463; x_wconf 92' lang='lat' dir='ltr'><strong>in-</strong></span> 
     </span>
     <span class='ocr_line' id='line_1_25' title="bbox 135 2500 1816 2578; baseline -0.001 -20"><span class='ocrx_word' id='word_1_340' title='bbox 135 2519 210 2574; x_wconf 85' lang='lat' dir='ltr'><strong>mas,</strong></span> <span class='ocrx_word' id='word_1_341' title='bbox 240 2521 347 2578; x_wconf 86' lang='lat' dir='ltr'><strong>vosque</strong></span> <span class='ocrx_word' id='word_1_342' title='bbox 375 2521 408 2561; x_wconf 90' lang='lat' dir='ltr'><strong>ea</strong></span> <span class='ocrx_word' id='word_1_343' title='bbox 436 2506 561 2578; x_wconf 89' lang='lat' dir='ltr'><strong>perfecte</strong></span> <span class='ocrx_word' id='word_1_344' title='bbox 596 2505 668 2560; x_wconf 89' lang='lat' dir='ltr'><strong>scire</strong></span> <span class='ocrx_word' id='word_1_345' title='bbox 703 2521 763 2560; x_wconf 92' lang='lat' dir='ltr'><strong>non</strong></span> <span class='ocrx_word' id='word_1_346' title='bbox 792 2504 954 2561; x_wconf 90' lang='lat' dir='ltr'><strong>dubitemus</strong></span> <span class='ocrx_word' id='word_1_347' title='bbox 1004 2502 1098 2578; x_wconf 81' lang='lat'><strong>187</strong></span> <span class='ocrx_word' id='word_1_348' title='bbox 1112 2503 1232 2560; x_wconf 76' lang='lat' dir='ltr'><strong>ferrost</strong></span> <span class='ocrx_word' id='word_1_349' title='bbox 1249 2502 1313 2575; x_wconf 87' lang='lat' dir='ltr'><strong>quis</strong></span> <span class='ocrx_word' id='word_1_350' title='bbox 1333 2518 1403 2575; x_wconf 90' lang='lat' dir='ltr'><strong>ergo</strong></span> <span class='ocrx_word' id='word_1_351' title='bbox 1419 2501 1493 2557; x_wconf 88' lang='lat' dir='ltr'><strong>circa</strong></span> <span class='ocrx_word' id='word_1_352' title='bbox 1508 2500 1677 2574; x_wconf 87' lang='lat' dir='ltr'><strong>hujusmodi</strong></span> <span class='ocrx_word' id='word_1_353' title='bbox 1690 2516 1816 2574; x_wconf 82' lang='lat' dir='ltr'><strong>personas</strong></span> 
     </span>
     <span class='ocr_line' id='line_1_26' title="bbox 134 2594 1817 2673; baseline -0.002 -20"><span class='ocrx_word' id='word_1_354' title='bbox 134 2601 250 2670; x_wconf 90' lang='lat' dir='ltr'><strong>proptor</strong></span> <span class='ocrx_word' id='word_1_355' title='bbox 263 2599 461 2656; x_wconf 83' lang='lat' dir='ltr'><strong>insidiantium</strong></span> <span class='ocrx_word' id='word_1_356' title='bbox 479 2598 709 2673; x_wconf 85' lang='lat' dir='ltr'><strong>vituperationes,</strong></span> <span class='ocrx_word' id='word_1_357' title='bbox 731 2603 780 2653; x_wconf 89' lang='lat' dir='ltr'><strong>aul</strong></span> <span class='ocrx_word' id='word_1_358' title='bbox 802 2597 955 2653; x_wconf 89' lang='lat' dir='ltr'><strong>accusatio·</strong></span> <span class='ocrx_word' id='word_1_359' title='bbox 1003 2594 1817 2668; x_wconf 79' lang='lat' dir='ltr'><strong>nonprobandadeluerit,intelligatsejacturaminramia</strong></span> 
     </span>
     <span class='ocr_line' id='line_1_27' title="bbox 133 2687 1816 2764; baseline 0 -19"><span class='ocrx_word' id='word_1_360' title='bbox 133 2706 194 2758; x_wconf 90' lang='lat' dir='ltr'><strong>nes,</strong></span> <span class='ocrx_word' id='word_1_361' title='bbox 220 2690 264 2746; x_wconf 86' lang='lat' dir='ltr'><strong>vel</strong></span> <span class='ocrx_word' id='word_1_362' title='bbox 286 2697 404 2764; x_wconf 89' lang='lat' dir='ltr'><strong>propter</strong></span> <span class='ocrx_word' id='word_1_363' title='bbox 428 2692 608 2748; x_wconf 88' lang='lat' dir='ltr'><strong>adulantium</strong></span> <span class='ocrx_word' id='word_1_364' title='bbox 628 2690 818 2758; x_wconf 89' lang='lat' dir='ltr'><strong>laudationes,</strong></span> <span class='ocrx_word' id='word_1_365' title='bbox 841 2707 895 2747; x_wconf 90' lang='lat' dir='ltr'><strong>nec</strong></span> <span class='ocrx_word' id='word_1_366' title='bbox 918 2690 954 2746; x_wconf 88' lang='lat' dir='ltr'><strong>ad</strong></span> <span class='ocrx_word' id='word_1_367' title='bbox 1004 2689 1154 2756; x_wconf 89' lang='lat' dir='ltr'><strong>sustinere,</strong></span> <span class='ocrx_word' id='word_1_368' title='bbox 1174 2689 1269 2745; x_wconf 89' lang='lat' dir='ltr'><strong>etsub</strong></span> <span class='ocrx_word' id='word_1_369' title='bbox 1291 2704 1398 2760; x_wconf 86' lang='lat' dir='ltr'><strong>magna</strong></span> <span class='ocrx_word' id='word_1_370' title='bbox 1413 2687 1711 2745; x_wconf 83' lang='lat' dir='ltr'><strong>excommunicatione</strong></span> <span class='ocrx_word' id='word_1_371' title='bbox 1729 2687 1816 2745; x_wconf 81' lang='lat' dir='ltr'><strong>exsilio</strong></span> 
     </span>
     <span class='ocr_line' id='line_1_28' title="bbox 136 2780 1818 2854; baseline -0.001 -15"><span class='ocrx_word' id='word_1_372' title='bbox 136 2783 369 2854; x_wconf 83' lang='lat' dir='ltr'><strong>dexteram,·nec</strong></span> <span class='ocrx_word' id='word_1_373' title='bbox 381 2786 416 2841; x_wconf 92' lang='lat' dir='ltr'><strong>ad</strong></span> <span class='ocrx_word' id='word_1_374' title='bbox 429 2785 574 2841; x_wconf 89' lang='lat' dir='ltr'><strong>sinistram</strong></span> <span class='ocrx_word' id='word_1_375' title='bbox 586 2784 729 2841; x_wconf 88' lang='lat' dir='ltr'><strong>declinare</strong></span> <span class='ocrx_word' id='word_1_376' title='bbox 741 2784 888 2853; x_wconf 91' lang='lat' dir='ltr'><strong>debemus,</strong></span> <span class='ocrx_word' id='word_1_377' title='bbox 904 2782 954 2839; x_wconf 90' lang='lat' dir='ltr'><strong>sed</strong></span> <span class='ocrx_word' id='word_1_378' title='bbox 1004 2781 1157 2854; x_wconf 87' lang='lat' dir='ltr'><strong>deportari.</strong></span> <span class='ocrx_word' id='word_1_379' title='bbox 1192 2784 1248 2839; x_wconf 84' lang='lat' dir='ltr'><strong>leta</strong></span> <span class='ocrx_word' id='word_1_380' title='bbox 1284 2781 1381 2836; x_wconf 88' lang='lat' dir='ltr'><strong>omnia</strong></span> <span class='ocrx_word' id='word_1_381' title='bbox 1405 2781 1561 2853; x_wconf 76' lang='lat' dir='ltr'><strong>[postposui</strong></span> <span class='ocrx_word' id='word_1_382' title='bbox 1591 2796 1652 2837; x_wconf 93' lang='lat' dir='ltr'><strong>non</strong></span> <span class='ocrx_word' id='word_1_383' title='bbox 1689 2780 1763 2850; x_wconf 89' lang='lat' dir='ltr'><strong>aliis,</strong></span> <span class='ocrx_word' id='word_1_384' title='bbox 1790 2784 1818 2837; x_wconf 87' lang='lat' dir='ltr'><strong>ut</strong></span> 
     </span>
     <span class='ocr_line' id='line_1_29' title="bbox 133 2873 1816 2950; baseline 0 -20"><span class='ocrx_word' id='word_1_385' title='bbox 133 2875 209 2931; x_wconf 89' lang='lat' dir='ltr'><strong>inter</strong></span> <span class='ocrx_word' id='word_1_386' title='bbox 237 2876 321 2932; x_wconf 85' lang='lat' dir='ltr'><strong>verba</strong></span> <span class='ocrx_word' id='word_1_387' title='bbox 356 2877 534 2935; x_wconf 88' lang='lat' dir='ltr'><strong>laudantium</strong></span> <span class='ocrx_word' id='word_1_388' title='bbox 567 2878 624 2933; x_wconf 81' lang='lat' dir='ltr'><strong>sive</strong></span> <span class='ocrx_word' id='word_1_389' title='bbox 660 2876 885 2950; x_wconf 85' lang='lat' dir='ltr'><strong>vituperantium</strong></span> <span class='ocrx_word' id='word_1_390' title='bbox 918 2875 954 2932; x_wconf 91' lang='lat' dir='ltr'><strong>ad</strong></span> <span class='ocrx_word' id='word_1_391' title='bbox 1004 2875 1088 2947; x_wconf 89' lang='lat' dir='ltr'><strong>paulo</strong></span> <span class='ocrx_word' id='word_1_392' title='bbox 1110 2875 1241 2948; x_wconf 87' lang='lat' dir='ltr'><strong>superius</strong></span> <span class='ocrx_word' id='word_1_393' title='bbox 1254 2874 1436 2946; x_wconf 75' lang='lat' dir='ltr'><strong>prelibatum</strong></span> <span class='ocrx_word' id='word_1_394' title='bbox 1458 2876 1510 2943; x_wconf 88' lang='lat' dir='ltr'><strong>est,</strong></span> <span class='ocrx_word' id='word_1_395' title='bbox 1533 2874 1701 2946; x_wconf 87' lang='lat' dir='ltr'><strong>exemplum</strong></span> <span class='ocrx_word' id='word_1_396' title='bbox 1719 2873 1816 2944; x_wconf 86' lang='lat' dir='ltr'><strong>dando,</strong></span> 
     </span>
     <span class='ocr_line' id='line_1_30' title="bbox 135 2965 1816 3042; baseline 0 -18"><span class='ocrx_word' id='word_1_397' title='bbox 135 2975 264 3025; x_wconf 90' lang='lat' dir='ltr'><strong>mentem</strong></span> <span class='ocrx_word' id='word_1_398' title='bbox 286 2985 400 3042; x_wconf 90' lang='lat' dir='ltr'><strong>semper</strong></span> <span class='ocrx_word' id='word_1_399' title='bbox 423 2971 629 3027; x_wconf 83' lang='lat' dir='ltr'><strong>recurrendum</strong></span> <span class='ocrx_word' id='word_1_400' title='bbox 644 2973 696 3037; x_wconf 92' lang='lat' dir='ltr'><strong>est,</strong></span> <span class='ocrx_word' id='word_1_401' title='bbox 722 2974 751 3026; x_wconf 90' lang='lat' dir='ltr'><strong>el</strong></span> <span class='ocrx_word' id='word_1_402' title='bbox 765 2971 788 3025; x_wconf 92' lang='lat' dir='ltr'><strong>si</strong></span> <span class='ocrx_word' id='word_1_403' title='bbox 804 2969 836 3024; x_wconf 91' lang='lat' dir='ltr'><strong>in</strong></span> <span class='ocrx_word' id='word_1_404' title='bbox 848 2985 882 3025; x_wconf 91' lang='lat' dir='ltr'><strong>ea</strong></span> <span class='ocrx_word' id='word_1_405' title='bbox 894 2985 953 3025; x_wconf 91' lang='lat' dir='ltr'><strong>non</strong></span> <span class='ocrx_word' id='word_1_406' title='bbox 1004 2968 1055 3023; x_wconf 86' lang='lat' dir='ltr'><strong>sed</strong></span> <span class='ocrx_word' id='word_1_407' title='bbox 1080 2983 1128 3024; x_wconf 89' lang='lat' dir='ltr'><strong>me</strong></span> <span class='ocrx_word' id='word_1_408' title='bbox 1154 2984 1171 3024; x_wconf 91' lang='lat' dir='ltr'><strong>a</strong></span> <span class='ocrx_word' id='word_1_409' title='bbox 1204 2967 1325 3040; x_wconf 76' lang='lat' dir='ltr'><strong>praefata</strong></span> <span class='ocrx_word' id='word_1_410' title='bbox 1350 2965 1468 3022; x_wconf 88' lang='lat' dir='ltr'><strong>infamia</strong></span> <span class='ocrx_word' id='word_1_411' title='bbox 1499 2970 1528 3023; x_wconf 91' lang='lat' dir='ltr'><strong>et</strong></span> <span class='ocrx_word' id='word_1_412' title='bbox 1563 2966 1727 3040; x_wconf 90' lang='lat' dir='ltr'><strong>suspicione</strong></span> <span class='ocrx_word' id='word_1_413' title='bbox 1754 2966 1816 3024; x_wconf 85' lang='lat' dir='ltr'><strong>libe·</strong></span> 
     </span>
     <span class='ocr_line' id='line_1_31' title="bbox 133 3061 1104 3185; baseline 0.002 -69"><span class='ocrx_word' id='word_1_414' title='bbox 133 3062 279 3118; x_wconf 84' lang='lat' dir='ltr'><strong>invenitur</strong></span> <span class='ocrx_word' id='word_1_415' title='bbox 289 3063 395 3119; x_wconf 89' lang='lat' dir='ltr'><strong>bonum</strong></span> <span class='ocrx_word' id='word_1_416' title='bbox 411 3064 486 3135; x_wconf 88' lang='lat' dir='ltr'><strong>quod</strong></span> <span class='ocrx_word' id='word_1_417' title='bbox 498 3063 580 3119; x_wconf 87' lang='lat' dir='ltr'><strong>nobis</strong></span> <span class='ocrx_word' id='word_1_418' title='bbox 592 3063 706 3134; x_wconf 90' lang='lat' dir='ltr'><strong>dicitur,</strong></span> <span class='ocrx_word' id='word_1_419' title='bbox 721 3079 859 3136; x_wconf 88' lang='lat' dir='ltr'><strong>magnam</strong></span> <span class='ocrx_word' id='word_1_420' title='bbox 870 3062 955 3119; x_wconf 89' lang='lat' dir='ltr'><strong>tristi·</strong></span> <span class='ocrx_word' id='word_1_421' title='bbox 963 3109 992 3185; x_wconf 73' lang='lat' dir='ltr'>C</span> <span class='ocrx_word' id='word_1_422' title='bbox 1003 3061 1104 3118; x_wconf 86' lang='lat' dir='ltr'><strong>rando.</strong></span> 
     </span>
    </p>

    <p class='ocr_par' dir='ltr' id='par_1_5' title="bbox 134 3154 1814 3506">
     <span class='ocr_line' id='line_1_32' title="bbox 134 3154 1814 3228; baseline 0 -17"><span class='ocrx_word' id='word_1_423' title='bbox 134 3156 205 3211; x_wconf 88' lang='lat' dir='ltr'><strong>tiam</strong></span> <span class='ocrx_word' id='word_1_424' title='bbox 220 3172 359 3228; x_wconf 89' lang='lat' dir='ltr'><strong>generare</strong></span> <span class='ocrx_word' id='word_1_425' title='bbox 373 3156 468 3212; x_wconf 89' lang='lat' dir='ltr'><strong>debet.</strong></span> <span class='ocrx_word' id='word_1_426' title='bbox 478 3159 512 3213; x_wconf 87' lang='lat' dir='ltr'><strong>lit</strong></span> <span class='ocrx_word' id='word_1_427' title='bbox 525 3172 640 3213; x_wconf 88' lang='lat' dir='ltr'><strong>rursum</strong></span> <span class='ocrx_word' id='word_1_428' title='bbox 653 3156 714 3212; x_wconf 89' lang='lat' dir='ltr'><strong>siin</strong></span> <span class='ocrx_word' id='word_1_429' title='bbox 729 3173 763 3212; x_wconf 89' lang='lat' dir='ltr'><strong>ea</strong></span> <span class='ocrx_word' id='word_1_430' title='bbox 775 3173 832 3212; x_wconf 92' lang='lat' dir='ltr'><strong>non</strong></span> <span class='ocrx_word' id='word_1_431' title='bbox 847 3156 954 3213; x_wconf 83' lang='lat' dir='ltr'><strong>inveni·</strong></span> <span class='ocrx_word' id='word_1_432' title='bbox 1038 3155 1253 3212; x_wconf 81' lang='lat' dir='ltr'><strong>condemnatus</strong></span> <span class='ocrx_word' id='word_1_433' title='bbox 1267 3155 1418 3211; x_wconf 85' lang='lat' dir='ltr'><strong>astantem</strong></span> <span class='ocrx_word' id='word_1_434' title='bbox 1431 3156 1606 3211; x_wconf 89' lang='lat' dir='ltr'><strong>memoratus</strong></span> <span class='ocrx_word' id='word_1_435' title='bbox 1624 3155 1728 3210; x_wconf 88' lang='lat' dir='ltr'><strong>Bassus</strong></span> <span class='ocrx_word' id='word_1_436' title='bbox 1739 3154 1814 3227; x_wconf 83' lang='lat' dir='ltr'><strong>ajam</strong></span> 
     </span>
     <span class='ocr_line' id='line_1_33' title="bbox 134 3247 1814 3322; baseline -0.001 -17"><span class='ocrx_word' id='word_1_437' title='bbox 134 3252 182 3305; x_wconf 90' lang='lat' dir='ltr'><strong>tur</strong></span> <span class='ocrx_word' id='word_1_438' title='bbox 196 3250 313 3318; x_wconf 87' lang='lat' dir='ltr'><strong>malum,</strong></span> <span class='ocrx_word' id='word_1_439' title='bbox 330 3251 408 3322; x_wconf 82' lang='lat' dir='ltr'><strong>quod</strong></span> <span class='ocrx_word' id='word_1_440' title='bbox 424 3249 556 3306; x_wconf 87' lang='lat' dir='ltr'><strong>danobis</strong></span> <span class='ocrx_word' id='word_1_441' title='bbox 580 3251 713 3306; x_wconf 90' lang='lat' dir='ltr'><strong>homines</strong></span> <span class='ocrx_word' id='word_1_442' title='bbox 734 3249 901 3322; x_wconf 90' lang='lat' dir='ltr'><strong>loquuntur,</strong></span> <span class='ocrx_word' id='word_1_443' title='bbox 924 3250 954 3306; x_wconf 90' lang='lat' dir='ltr'><strong>in</strong></span> <span class='ocrx_word' id='word_1_444' title='bbox 1003 3250 1079 3307; x_wconf 88' lang='lat' dir='ltr'><strong>dicta</strong></span> <span class='ocrx_word' id='word_1_445' title='bbox 1103 3248 1221 3321; x_wconf 81' lang='lat' dir='ltr'><strong>synodo,</strong></span> <span class='ocrx_word' id='word_1_446' title='bbox 1243 3248 1283 3304; x_wconf 89' lang='lat' dir='ltr'><strong>ita</strong></span> <span class='ocrx_word' id='word_1_447' title='bbox 1304 3250 1401 3304; x_wconf 89' lang='lat' dir='ltr'><strong>tamen</strong></span> <span class='ocrx_word' id='word_1_448' title='bbox 1418 3251 1451 3303; x_wconf 90' lang='lat' dir='ltr'><strong>ut</strong></span> <span class='ocrx_word' id='word_1_449' title='bbox 1464 3247 1609 3304; x_wconf 88' lang='lat' dir='ltr'><strong>inultima</strong></span> <span class='ocrx_word' id='word_1_450' title='bbox 1631 3247 1680 3304; x_wconf 92' lang='lat' dir='ltr'><strong>die</strong></span> <span class='ocrx_word' id='word_1_451' title='bbox 1693 3247 1814 3304; x_wconf 77' lang='lat' dir='ltr'><strong>viaticum</strong></span> 
     </span>
     <span class='ocr_line' id='line_1_34' title="bbox 134 3340 1814 3417; baseline 0 -20"><span class='ocrx_word' id='word_1_452' title='bbox 134 3359 242 3415; x_wconf 88' lang='lat' dir='ltr'><strong>magna</strong></span> <span class='ocrx_word' id='word_1_453' title='bbox 266 3342 405 3399; x_wconf 88' lang='lat' dir='ltr'><strong>debemus</strong></span> <span class='ocrx_word' id='word_1_454' title='bbox 427 3344 525 3400; x_wconf 82' lang='lat' dir='ltr'><strong>laetitia</strong></span> <span class='ocrx_word' id='word_1_455' title='bbox 552 3344 692 3417; x_wconf 86' lang='lat' dir='ltr'><strong>prosilire.</strong></span> <span class='ocrx_word' id='word_1_456' title='bbox 722 3342 796 3408; x_wconf 82' lang='lat' dir='ltr'><strong>Quid</strong></span> <span class='ocrx_word' id='word_1_457' title='bbox 826 3342 904 3399; x_wconf 93' lang='lat' dir='ltr'><strong>enim</strong></span> <span class='ocrx_word' id='word_1_458' title='bbox 930 3342 954 3398; x_wconf 85' lang='lat' dir='ltr'><strong>si</strong></span> <span class='ocrx_word' id='word_1_459' title='bbox 1003 3343 1030 3400; x_wconf 89' lang='lat' dir='ltr'><strong>ei</strong></span> <span class='ocrx_word' id='word_1_460' title='bbox 1055 3359 1115 3400; x_wconf 94' lang='lat' dir='ltr'><strong>non</strong></span> <span class='ocrx_word' id='word_1_461' title='bbox 1140 3342 1300 3414; x_wconf 76' lang='lat' dir='ltr'><strong>denegetur</strong></span> <span class='ocrx_word' id='word_1_462' title='bbox 1327 3346 1445 3414; x_wconf 85' lang='lat' dir='ltr'><strong>propter</strong></span> <span class='ocrx_word' id='word_1_463' title='bbox 1483 3340 1680 3399; x_wconf 87' lang='lat' dir='ltr'><strong>humilitatem</strong></span> <span class='ocrx_word' id='word_1_464' title='bbox 1713 3341 1814 3414; x_wconf 80' lang='lat' dir='ltr'><strong>pietatis</strong></span> 
     </span>
     <span class='ocr_line' id='line_1_35' title="bbox 136 3435 1144 3506; baseline -0.001 -14"><span class='ocrx_word' id='word_1_465' title='bbox 136 3452 236 3493; x_wconf 90' lang='lat' dir='ltr'><strong>omnes</strong></span> <span class='ocrx_word' id='word_1_466' title='bbox 250 3441 383 3493; x_wconf 87' lang='lat' dir='ltr'><strong>accusent</strong></span> <span class='ocrx_word' id='word_1_467' title='bbox 397 3441 426 3493; x_wconf 92' lang='lat' dir='ltr'><strong>et</strong></span> <span class='ocrx_word' id='word_1_468' title='bbox 446 3437 618 3493; x_wconf 86' lang='lat' dir='ltr'><strong>conscicntia</strong></span> <span class='ocrx_word' id='word_1_469' title='bbox 639 3454 690 3493; x_wconf 89' lang='lat' dir='ltr'><strong>nos</strong></span> <span class='ocrx_word' id='word_1_470' title='bbox 715 3440 838 3506; x_wconf 88' lang='lat' dir='ltr'><strong>accuset,</strong></span> <span class='ocrx_word' id='word_1_471' title='bbox 859 3439 910 3492; x_wconf 91' lang='lat' dir='ltr'><strong>aut</strong></span> <span class='ocrx_word' id='word_1_472' title='bbox 930 3435 954 3492; x_wconf 92' lang='lat' dir='ltr'><strong>si</strong></span> <span class='ocrx_word' id='word_1_473' title='bbox 1003 3436 1144 3495; x_wconf 75' lang='lat' dir='ltr'><strong>Ecclesia.</strong></span> 
     </span>
    </p>

    <p class='ocr_par' dir='ltr' id='par_1_6' title="bbox 134 3527 1813 3977">
     <span class='ocr_line' id='line_1_36' title="bbox 135 3527 1811 3601; baseline -0.001 -16"><span class='ocrx_word' id='word_1_474' title='bbox 135 3545 234 3586; x_wconf 91' lang='lat' dir='ltr'><strong>omnes</strong></span> <span class='ocrx_word' id='word_1_475' title='bbox 253 3530 373 3586; x_wconf 89' lang='lat' dir='ltr'><strong>laudant</strong></span> <span class='ocrx_word' id='word_1_476' title='bbox 387 3534 415 3586; x_wconf 91' lang='lat' dir='ltr'><strong>et</strong></span> <span class='ocrx_word' id='word_1_477' title='bbox 436 3530 608 3586; x_wconf 87' lang='lat' dir='ltr'><strong>conscientia</strong></span> <span class='ocrx_word' id='word_1_478' title='bbox 631 3547 684 3586; x_wconf 88' lang='lat' dir='ltr'><strong>nos</strong></span> <span class='ocrx_word' id='word_1_479' title='bbox 708 3529 812 3586; x_wconf 87' lang='lat' dir='ltr'><strong>liberos</strong></span> <span class='ocrx_word' id='word_1_480' title='bbox 834 3529 953 3586; x_wconf 89' lang='lat' dir='ltr'><strong>demon·</strong></span> <span class='ocrx_word' id='word_1_481' title='bbox 1038 3527 1811 3601; x_wconf 85' lang='lat' dir='ltr'><strong>Valentinianusquoqucantedictusimperatorscripto</strong></span> 
     </span>
     <span class='ocr_line' id='line_1_37' title="bbox 135 3621 1813 3703; baseline 0 -25"><span class='ocrx_word' id='word_1_482' title='bbox 135 3624 224 3679; x_wconf 82' lang='lat' dir='ltr'><strong>stretl</strong></span> <span class='ocrx_word' id='word_1_483' title='bbox 239 3623 380 3679; x_wconf 86' lang='lat' dir='ltr'><strong>Habemus</strong></span> <span class='ocrx_word' id='word_1_484' title='bbox 399 3623 521 3679; x_wconf 89' lang='lat' dir='ltr'><strong>Paulum</strong></span> <span class='ocrx_word' id='word_1_485' title='bbox 540 3624 703 3679; x_wconf 89' lang='lat' dir='ltr'><strong>dicentem:</strong></span> <span class='ocrx_word' id='word_1_486' title='bbox 722 3644 736 3673; x_wconf 78' lang='grc' dir='ltr'><strong>ιι</strong></span> <span class='ocrx_word' id='word_1_487' title='bbox 749 3623 844 3679; x_wconf 88' lang='lat' dir='ltr'><strong>Gloria</strong></span> <span class='ocrx_word' id='word_1_488' title='bbox 856 3626 954 3703; x_wconf 88' lang='lat' dir='ltr'><strong>nostra</strong></span> <span class='ocrx_word' id='word_1_489' title='bbox 1004 3621 1365 3690; x_wconf 85' lang='lat' dir='ltr'><strong>eumcondemnavit,cum</strong></span> <span class='ocrx_word' id='word_1_490' title='bbox 1372 3624 1500 3694; x_wconf 80' lang='lat' dir='ltr'><strong>Angusta</strong></span> <span class='ocrx_word' id='word_1_491' title='bbox 1508 3621 1813 3681; x_wconf 78' lang='lat' dir='ltr'><strong>matrel’lacidaetom·</strong></span> 
     </span>
     <span class='ocr_line' id='line_1_38' title="bbox 134 3715 1812 3791; baseline -0.001 -19"><span class='ocrx_word' id='word_1_492' title='bbox 134 3717 197 3772; x_wconf 86' lang='lat' dir='ltr'><strong>baec</strong></span> <span class='ocrx_word' id='word_1_493' title='bbox 213 3719 256 3772; x_wconf 92' lang='lat' dir='ltr'><strong>est</strong></span> <span class='ocrx_word' id='word_1_494' title='bbox 275 3717 472 3773; x_wconf 90' lang='lat' dir='ltr'><strong>testimoninm</strong></span> <span class='ocrx_word' id='word_1_495' title='bbox 495 3717 674 3773; x_wconf 74' lang='lat' dir='ltr'><strong>conscientiae</strong></span> <span class='ocrx_word' id='word_1_496' title='bbox 693 3721 796 3773; x_wconf 86' lang='lat' dir='ltr'><strong>nostrae</strong></span> <span class='ocrx_word' id='word_1_497' title='bbox 811 3716 848 3789; x_wconf 84' lang='grc' dir='ltr'><strong>(Η</strong></span> <span class='ocrx_word' id='word_1_498' title='bbox 859 3718 918 3776; x_wconf 83' lang='lat' dir='ltr'><strong>Gor.</strong></span> <span class='ocrx_word' id='word_1_499' title='bbox 932 3733 952 3786; x_wconf 89' lang='lat'><strong>1,</strong></span> <span class='ocrx_word' id='word_1_500' title='bbox 1003 3717 1052 3773; x_wconf 90' lang='lat' dir='ltr'><strong>nia</strong></span> <span class='ocrx_word' id='word_1_501' title='bbox 1072 3715 1178 3791; x_wconf 81' lang='lat' dir='ltr'><strong>praedia</strong></span> <span class='ocrx_word' id='word_1_502' title='bbox 1196 3715 1363 3772; x_wconf 83' lang='lat' dir='ltr'><strong>facultatum</strong></span> <span class='ocrx_word' id='word_1_503' title='bbox 1377 3715 1439 3787; x_wconf 88' lang='lat' dir='ltr'><strong>ejus</strong></span> <span class='ocrx_word' id='word_1_504' title='bbox 1457 3715 1561 3772; x_wconf 84' lang='lat' dir='ltr'><strong>foturis</strong></span> <span class='ocrx_word' id='word_1_505' title='bbox 1573 3716 1609 3772; x_wconf 92' lang='lat' dir='ltr'><strong>de</strong></span> <span class='ocrx_word' id='word_1_506' title='bbox 1632 3715 1740 3772; x_wconf 89' lang='lat' dir='ltr'><strong>talibus</strong></span> <span class='ocrx_word' id='word_1_507' title='bbox 1751 3715 1812 3773; x_wconf 79' lang='lat' dir='ltr'><strong>dans</strong></span> 
     </span>
     <span class='ocr_line' id='line_1_39' title="bbox 135 3807 1810 3882; baseline 0.002 -18"><span class='ocrx_word' id='word_1_508' title='bbox 135 3811 187 3882; x_wconf 74' lang='lat' dir='ltr'><strong>la).</strong></span> <span class='ocrx_word' id='word_1_509' title='bbox 203 3830 218 3860; x_wconf 77' lang='lat' dir='ltr'><strong>n</strong></span> <span class='ocrx_word' id='word_1_510' title='bbox 231 3810 284 3865; x_wconf 85' lang='lat' dir='ltr'><strong>lob</strong></span> <span class='ocrx_word' id='word_1_511' title='bbox 294 3826 410 3882; x_wconf 87' lang='lat' dir='ltr'><strong>quoqne</strong></span> <span class='ocrx_word' id='word_1_512' title='bbox 424 3810 509 3867; x_wconf 89' lang='lat' dir='ltr'><strong>dicit:</strong></span> <span class='ocrx_word' id='word_1_513' title='bbox 527 3831 541 3861; x_wconf 75' lang='grc' dir='ltr'>ι</span> <span class='ocrx_word' id='word_1_514' title='bbox 553 3811 623 3866; x_wconf 88' lang='lat' dir='ltr'><strong>Ecce</strong></span> <span class='ocrx_word' id='word_1_515' title='bbox 635 3810 667 3865; x_wconf 93' lang='lat' dir='ltr'><strong>in</strong></span> <span class='ocrx_word' id='word_1_516' title='bbox 682 3808 758 3866; x_wconf 74' lang='lat' dir='ltr'><strong>caelis</strong></span> <span class='ocrx_word' id='word_1_517' title='bbox 771 3809 852 3866; x_wconf 89' lang='lat' dir='ltr'><strong>testis</strong></span> <span class='ocrx_word' id='word_1_518' title='bbox 869 3826 958 3866; x_wconf 87' lang='lat' dir='ltr'><strong>meus</strong></span> <span class='ocrx_word' id='word_1_519' title='bbox 1003 3809 1167 3867; x_wconf 88' lang='lat' dir='ltr'><strong>hominibus</strong></span> <span class='ocrx_word' id='word_1_520' title='bbox 1184 3808 1309 3866; x_wconf 90' lang='lat' dir='ltr'><strong>formam</strong></span> <span class='ocrx_word' id='word_1_521' title='bbox 1327 3808 1366 3865; x_wconf 90' lang='lat' dir='ltr'><strong>ita</strong></span> <span class='ocrx_word' id='word_1_522' title='bbox 1379 3807 1512 3879; x_wconf 90' lang='lat' dir='ltr'><strong>faciendi,</strong></span> <span class='ocrx_word' id='word_1_523' title='bbox 1529 3809 1665 3867; x_wconf 75' lang='lat' dir='ltr'><strong>Ecclesiae</strong></span> <span class='ocrx_word' id='word_1_524' title='bbox 1677 3809 1810 3867; x_wconf 79' lang='lat' dir='ltr'><strong>catholice</strong></span> 
     </span>
     <span class='ocr_line' id='line_1_40' title="bbox 134 3902 1129 3977; baseline 0.001 -19"><span class='ocrx_word' id='word_1_525' title='bbox 134 3902 192 3973; x_wconf 81' lang='lat' dir='ltr'><strong>(lob</strong></span> <span class='ocrx_word' id='word_1_526' title='bbox 211 3920 268 3972; x_wconf 83' lang='lat' dir='ltr'><strong>rvr,</strong></span> <span class='ocrx_word' id='word_1_527' title='bbox 291 3906 346 3974; x_wconf 81' lang='lat'><strong>20).</strong></span> <span class='ocrx_word' id='word_1_528' title='bbox 370 3926 385 3955; x_wconf 75' lang='lat' dir='ltr'><strong>s</strong></span> <span class='ocrx_word' id='word_1_529' title='bbox 411 3904 441 3960; x_wconf 87' lang='lat' dir='ltr'><strong>Si</strong></span> <span class='ocrx_word' id='word_1_530' title='bbox 461 3919 530 3977; x_wconf 91' lang='lat' dir='ltr'><strong>ergo</strong></span> <span class='ocrx_word' id='word_1_531' title='bbox 549 3906 592 3960; x_wconf 87' lang='lat' dir='ltr'><strong>est</strong></span> <span class='ocrx_word' id='word_1_532' title='bbox 613 3903 696 3960; x_wconf 89' lang='lat' dir='ltr'><strong>nobis</strong></span> <span class='ocrx_word' id='word_1_533' title='bbox 715 3902 796 3960; x_wconf 89' lang='lat' dir='ltr'><strong>testis</strong></span> <span class='ocrx_word' id='word_1_534' title='bbox 820 3903 850 3959; x_wconf 91' lang='lat' dir='ltr'><strong>in</strong></span> <span class='ocrx_word' id='word_1_535' title='bbox 871 3904 952 3974; x_wconf 85' lang='lat' dir='ltr'><strong>coelo,</strong></span> <span class='ocrx_word' id='word_1_536' title='bbox 1003 3904 1129 3961; x_wconf 84' lang='lat' dir='ltr'><strong>sociarit.</strong></span> 
     </span>
    </p>

    <p class='ocr_par' dir='ltr' id='par_1_7' title="bbox 121 3995 1813 5855">
     <span class='ocr_line' id='line_1_41' title="bbox 132 3995 1810 4072; baseline 0.002 -20"><span class='ocrx_word' id='word_1_537' title='bbox 132 3996 213 4052; x_wconf 88' lang='lat' dir='ltr'><strong>testis</strong></span> <span class='ocrx_word' id='word_1_538' title='bbox 227 3997 258 4052; x_wconf 92' lang='lat' dir='ltr'><strong>in</strong></span> <span class='ocrx_word' id='word_1_539' title='bbox 274 3997 367 4066; x_wconf 91' lang='lat' dir='ltr'><strong>corde,</strong></span> <span class='ocrx_word' id='word_1_540' title='bbox 384 3997 564 4053; x_wconf 87' lang='lat' dir='ltr'><strong>dimittamus</strong></span> <span class='ocrx_word' id='word_1_541' title='bbox 585 3998 683 4053; x_wconf 89' lang='lat' dir='ltr'><strong>stultos</strong></span> <span class='ocrx_word' id='word_1_542' title='bbox 699 3998 769 4054; x_wconf 89' lang='lat' dir='ltr'><strong>foris</strong></span> <span class='ocrx_word' id='word_1_543' title='bbox 783 3996 863 4068; x_wconf 87' lang='lat' dir='ltr'><strong>loqui</strong></span> <span class='ocrx_word' id='word_1_544' title='bbox 876 3995 954 4069; x_wconf 86' lang='lat' dir='ltr'><strong>quod</strong></span> <span class='ocrx_word' id='word_1_545' title='bbox 1038 3998 1118 4070; x_wconf 80' lang='lat' dir='ltr'><strong>Saepe</strong></span> <span class='ocrx_word' id='word_1_546' title='bbox 1125 3997 1217 4054; x_wconf 91' lang='lat' dir='ltr'><strong>dictus</strong></span> <span class='ocrx_word' id='word_1_547' title='bbox 1226 4012 1296 4069; x_wconf 90' lang='lat' dir='ltr'><strong>ergo</strong></span> <span class='ocrx_word' id='word_1_548' title='bbox 1303 3998 1403 4052; x_wconf 87' lang='lat' dir='ltr'><strong>Bassus</strong></span> <span class='ocrx_word' id='word_1_549' title='bbox 1410 4000 1481 4052; x_wconf 87' lang='lat' dir='ltr'><strong>nutu</strong></span> <span class='ocrx_word' id='word_1_550' title='bbox 1491 3996 1586 4053; x_wconf 80' lang='lat' dir='ltr'><strong>divirm</strong></span> <span class='ocrx_word' id='word_1_551' title='bbox 1593 3999 1810 4072; x_wconf 79' lang='lat' dir='ltr'><strong>nonmultoposl</strong></span> 
     </span>
     <span class='ocr_line' id='line_1_42' title="bbox 133 4089 1807 4164; baseline 0.002 -20"><span class='ocrx_word' id='word_1_552' title='bbox 133 4090 242 4146; x_wconf 87' lang='lat' dir='ltr'><strong>volunt.</strong></span> <span class='ocrx_word' id='word_1_553' title='bbox 269 4090 343 4156; x_wconf 83' lang='lat' dir='ltr'><strong>Quid</strong></span> <span class='ocrx_word' id='word_1_554' title='bbox 365 4090 445 4146; x_wconf 90' lang='lat' dir='ltr'><strong>enim</strong></span> <span class='ocrx_word' id='word_1_555' title='bbox 468 4090 545 4146; x_wconf 91' lang='lat' dir='ltr'><strong>aliud</strong></span> <span class='ocrx_word' id='word_1_556' title='bbox 565 4091 745 4147; x_wconf 86' lang='lat' dir='ltr'><strong>detrahentes</strong></span> <span class='ocrx_word' id='word_1_557' title='bbox 761 4089 880 4158; x_wconf 87' lang='lat' dir='ltr'><strong>faciunt,</strong></span> <span class='ocrx_word' id='word_1_558' title='bbox 898 4089 953 4145; x_wconf 91' lang='lat' dir='ltr'><strong>nisi</strong></span> <span class='ocrx_word' id='word_1_559' title='bbox 1001 4091 1221 4163; x_wconf 75' lang='lat' dir='ltr'><strong>moritonqu&#39;us</strong></span> <span class='ocrx_word' id='word_1_560' title='bbox 1235 4091 1418 4162; x_wconf 89' lang='lat' dir='ltr'><strong>corpus,licet</strong></span> <span class='ocrx_word' id='word_1_561' title='bbox 1434 4090 1553 4163; x_wconf 90' lang='lat' dir='ltr'><strong>dignum</strong></span> <span class='ocrx_word' id='word_1_562' title='bbox 1565 4107 1627 4148; x_wconf 93' lang='lat' dir='ltr'><strong>non</strong></span> <span class='ocrx_word' id='word_1_563' title='bbox 1640 4099 1713 4149; x_wconf 86' lang='lat' dir='ltr'><strong>esssl</strong></span> <span class='ocrx_word' id='word_1_564' title='bbox 1727 4091 1807 4164; x_wconf 87' lang='lat' dir='ltr'><strong>sepul·</strong></span> 
     </span>
     <span class='ocr_line' id='line_1_43' title="bbox 134 4182 1805 4258; baseline 0.002 -21"><span class='ocrx_word' id='word_1_565' title='bbox 134 4184 208 4254; x_wconf 87' lang='lat' dir='ltr'><strong>quod</strong></span> <span class='ocrx_word' id='word_1_566' title='bbox 231 4184 261 4237; x_wconf 93' lang='lat' dir='ltr'><strong>in</strong></span> <span class='ocrx_word' id='word_1_567' title='bbox 284 4182 432 4255; x_wconf 86' lang='lat' dir='ltr'><strong>pulverem</strong></span> <span class='ocrx_word' id='word_1_568' title='bbox 457 4183 583 4252; x_wconf 88' lang='lat' dir='ltr'><strong>sufflant,</strong></span> <span class='ocrx_word' id='word_1_569' title='bbox 608 4188 693 4255; x_wconf 88' lang='lat' dir='ltr'><strong>atque</strong></span> <span class='ocrx_word' id='word_1_570' title='bbox 710 4183 740 4239; x_wconf 92' lang='lat' dir='ltr'><strong>in</strong></span> <span class='ocrx_word' id='word_1_571' title='bbox 768 4183 864 4239; x_wconf 86' lang='lat' dir='ltr'><strong>oculos</strong></span> <span class='ocrx_word' id='word_1_572' title='bbox 888 4198 953 4239; x_wconf 88' lang='lat' dir='ltr'><strong>suos</strong></span> <span class='ocrx_word' id='word_1_573' title='bbox 1002 4189 1083 4255; x_wconf 77' lang='lat' dir='ltr'><strong>turae,</strong></span> <span class='ocrx_word' id='word_1_574' title='bbox 1098 4189 1216 4257; x_wconf 90' lang='lat' dir='ltr'><strong>propter</strong></span> <span class='ocrx_word' id='word_1_575' title='bbox 1230 4184 1457 4240; x_wconf 86' lang='lat' dir='ltr'><strong>misericordiam</strong></span> <span class='ocrx_word' id='word_1_576' title='bbox 1470 4187 1568 4240; x_wconf 70' lang='lat' dir='ltr'><strong>minen</strong></span> <span class='ocrx_word' id='word_1_577' title='bbox 1574 4185 1695 4258; x_wconf 81' lang='lat' dir='ltr'><strong>sepeliri</strong></span> <span class='ocrx_word' id='word_1_578' title='bbox 1706 4201 1769 4243; x_wconf 90' lang='lat' dir='ltr'><strong>enm</strong></span> <span class='ocrx_word' id='word_1_579' title='bbox 1782 4183 1805 4240; x_wconf 90' lang='lat' dir='ltr'><strong>in</strong></span> 
     </span>
     <span class='ocr_line' id='line_1_44' title="bbox 135 4274 1806 4353; baseline 0.003 -24"><span class='ocrx_word' id='word_1_580' title='bbox 135 4279 240 4330; x_wconf 85' lang='lat' dir='ltr'><strong>terram</strong></span> <span class='ocrx_word' id='word_1_581' title='bbox 270 4275 416 4331; x_wconf 78' lang='lat' dir='ltr'><strong>excitanti</strong></span> <span class='ocrx_word' id='word_1_582' title='bbox 439 4275 519 4331; x_wconf 89' lang='lat' dir='ltr'><strong>Unde</strong></span> <span class='ocrx_word' id='word_1_583' title='bbox 541 4274 606 4348; x_wconf 89' lang='lat' dir='ltr'><strong>plus</strong></span> <span class='ocrx_word' id='word_1_584' title='bbox 631 4275 812 4332; x_wconf 88' lang='lat' dir='ltr'><strong>detractionis</strong></span> <span class='ocrx_word' id='word_1_585' title='bbox 833 4275 954 4348; x_wconf 87' lang='lat' dir='ltr'><strong>perflant</strong></span> <span class='ocrx_word' id='word_1_586' title='bbox 1002 4277 1133 4335; x_wconf 90' lang='lat' dir='ltr'><strong>cubiculo</strong></span> <span class='ocrx_word' id='word_1_587' title='bbox 1146 4278 1423 4351; x_wconf 73' lang='lat' dir='ltr'><strong>parentumejusAEt</strong></span> <span class='ocrx_word' id='word_1_588' title='bbox 1437 4294 1603 4351; x_wconf 84' lang='lat' dir='ltr'><strong>quanquam</strong></span> <span class='ocrx_word' id='word_1_589' title='bbox 1621 4279 1686 4352; x_wconf 89' lang='lat' dir='ltr'><strong>ipse</strong></span> <span class='ocrx_word' id='word_1_590' title='bbox 1698 4292 1806 4353; x_wconf 82' lang='lat' dir='ltr'><strong>ergarus</strong></span> 
     </span>
     <span class='ocr_line' id='line_1_45' title="bbox 133 4367 1806 4444; baseline 0.003 -21"><span class='ocrx_word' id='word_1_591' title='bbox 133 4368 201 4423; x_wconf 90' lang='lat' dir='ltr'><strong>inde</strong></span> <span class='ocrx_word' id='word_1_592' title='bbox 227 4367 318 4440; x_wconf 90' lang='lat' dir='ltr'><strong>magis</strong></span> <span class='ocrx_word' id='word_1_593' title='bbox 343 4367 414 4424; x_wconf 93' lang='lat' dir='ltr'><strong>nihil</strong></span> <span class='ocrx_word' id='word_1_594' title='bbox 436 4367 563 4423; x_wconf 72' lang='lat' dir='ltr'><strong>veniatis</strong></span> <span class='ocrx_word' id='word_1_595' title='bbox 588 4367 703 4438; x_wconf 84' lang='lat' dir='ltr'><strong>vident;</strong></span> <span class='ocrx_word' id='word_1_596' title='bbox 723 4369 843 4425; x_wconf 83' lang='lat' dir='ltr'><strong>vocandi</strong></span> <span class='ocrx_word' id='word_1_597' title='bbox 855 4374 952 4427; x_wconf 90' lang='lat' dir='ltr'><strong>tamen</strong></span> <span class='ocrx_word' id='word_1_598' title='bbox 1002 4373 1086 4429; x_wconf 87' lang='lat' dir='ltr'><strong>stulte</strong></span> <span class='ocrx_word' id='word_1_599' title='bbox 1101 4376 1130 4428; x_wconf 91' lang='lat' dir='ltr'><strong>et</strong></span> <span class='ocrx_word' id='word_1_600' title='bbox 1140 4371 1341 4444; x_wconf 90' lang='lat' dir='ltr'><strong>imprudenter</strong></span> <span class='ocrx_word' id='word_1_601' title='bbox 1353 4371 1466 4444; x_wconf 83' lang='lat' dir='ltr'><strong>egisset,</strong></span> <span class='ocrx_word' id='word_1_602' title='bbox 1480 4387 1534 4443; x_wconf 92' lang='lat' dir='ltr'><strong>ego</strong></span> <span class='ocrx_word' id='word_1_603' title='bbox 1549 4389 1619 4429; x_wconf 84' lang='lat' dir='ltr'><strong>vero</strong></span> <span class='ocrx_word' id='word_1_604' title='bbox 1635 4370 1806 4430; x_wconf 81' lang='lat' dir='ltr'><strong>misericordi</strong></span> 
     </span>
     <span class='ocr_line' id='line_1_46' title="bbox 134 4462 1805 4554; baseline 0.002 -38"><span class='ocrx_word' id='word_1_605' title='bbox 134 4467 199 4518; x_wconf 93' lang='lat' dir='ltr'><strong>sunt</strong></span> <span class='ocrx_word' id='word_1_606' title='bbox 208 4462 294 4518; x_wconf 90' lang='lat' dir='ltr'><strong>eliam</strong></span> <span class='ocrx_word' id='word_1_607' title='bbox 308 4462 373 4535; x_wconf 89' lang='lat' dir='ltr'><strong>ipsi,</strong></span> <span class='ocrx_word' id='word_1_608' title='bbox 384 4466 413 4518; x_wconf 82' lang='lat' dir='ltr'><strong>et</strong></span> <span class='ocrx_word' id='word_1_609' title='bbox 424 4462 577 4534; x_wconf 89' lang='lat' dir='ltr'><strong>tranquille</strong></span> <span class='ocrx_word' id='word_1_610' title='bbox 586 4462 758 4518; x_wconf 90' lang='lat' dir='ltr'><strong>admonendi</strong></span> <span class='ocrx_word' id='word_1_611' title='bbox 766 4462 862 4537; x_wconf 89' lang='lat' dir='ltr'><strong>eisque</strong></span> <span class='ocrx_word' id='word_1_612' title='bbox 872 4463 1044 4554; x_wconf 67' lang='lat' dir='ltr'><strong>satientor</strong></span> <span class='ocrx_word' id='word_1_613' title='bbox 1056 4465 1129 4522; x_wconf 84' lang='lat' dir='ltr'><strong>circa</strong></span> <span class='ocrx_word' id='word_1_614' title='bbox 1141 4480 1209 4522; x_wconf 92' lang='lat' dir='ltr'><strong>enm</strong></span> <span class='ocrx_word' id='word_1_615' title='bbox 1232 4465 1278 4537; x_wconf 89' lang='lat' dir='ltr'><strong>agi</strong></span> <span class='ocrx_word' id='word_1_616' title='bbox 1297 4465 1423 4536; x_wconf 86' lang='lat' dir='ltr'><strong>cogitans</strong></span> <span class='ocrx_word' id='word_1_617' title='bbox 1441 4465 1514 4521; x_wconf 89' lang='lat' dir='ltr'><strong>illud</strong></span> <span class='ocrx_word' id='word_1_618' title='bbox 1533 4465 1610 4538; x_wconf 84' lang='lat' dir='ltr'><strong>quod</strong></span> <span class='ocrx_word' id='word_1_619' title='bbox 1632 4466 1767 4523; x_wconf 84' lang='lat' dir='ltr'><strong>Dominus</strong></span> <span class='ocrx_word' id='word_1_620' title='bbox 1785 4464 1805 4520; x_wconf 87' lang='lat' dir='ltr'><strong>ir</strong></span> 
     </span>
     <span class='ocr_line' id='line_1_47' title="bbox 133 4555 1806 4631; baseline 0.004 -22"><span class='ocrx_word' id='word_1_621' title='bbox 133 4556 195 4611; x_wconf 87' lang='lat' dir='ltr'><strong>fleri</strong></span> <span class='ocrx_word' id='word_1_622' title='bbox 211 4557 306 4612; x_wconf 91' lang='lat' dir='ltr'><strong>modis</strong></span> <span class='ocrx_word' id='word_1_623' title='bbox 317 4555 449 4612; x_wconf 92' lang='lat' dir='ltr'><strong>omnibus</strong></span> <span class='ocrx_word' id='word_1_624' title='bbox 466 4555 558 4624; x_wconf 88' lang='lat' dir='ltr'><strong>debet,</strong></span> <span class='ocrx_word' id='word_1_625' title='bbox 574 4556 696 4612; x_wconf 88' lang='lat' dir='ltr'><strong>scientes</strong></span> <span class='ocrx_word' id='word_1_626' title='bbox 704 4557 786 4629; x_wconf 66' lang='lat' dir='ltr'><strong>{quod</strong></span> <span class='ocrx_word' id='word_1_627' title='bbox 801 4556 952 4612; x_wconf 75' lang='lat' dir='ltr'><strong>deluderis</strong></span> <span class='ocrx_word' id='word_1_628' title='bbox 1001 4557 1155 4631; x_wconf 81' lang='lat' dir='ltr'><strong>Evangelio</strong></span> <span class='ocrx_word' id='word_1_629' title='bbox 1170 4557 1296 4630; x_wconf 89' lang='lat' dir='ltr'><strong>loquitur</strong></span> <span class='ocrx_word' id='word_1_630' title='bbox 1309 4557 1407 4615; x_wconf 91' lang='lat' dir='ltr'><strong>dicens</strong></span> <span class='ocrx_word' id='word_1_631' title='bbox 1418 4574 1426 4614; x_wconf 77' lang='grc' dir='ltr'>ι</span> <span class='ocrx_word' id='word_1_632' title='bbox 1439 4579 1453 4609; x_wconf 79' lang='lat' dir='ltr'><strong>a</strong></span> <span class='ocrx_word' id='word_1_633' title='bbox 1464 4557 1494 4614; x_wconf 89' lang='lat' dir='ltr'><strong>Si</strong></span> <span class='ocrx_word' id='word_1_634' title='bbox 1507 4574 1565 4614; x_wconf 92' lang='lat' dir='ltr'><strong>non</strong></span> <span class='ocrx_word' id='word_1_635' title='bbox 1577 4558 1721 4618; x_wconf 84' lang='lat' dir='ltr'><strong>dimiseris</strong></span> <span class='ocrx_word' id='word_1_636' title='bbox 1732 4556 1806 4616; x_wconf 75' lang='lat' dir='ltr'><strong>homi</strong></span> 
     </span>
     <span class='ocr_line' id='line_1_48' title="bbox 134 4649 1805 4724; baseline 0.004 -22"><span class='ocrx_word' id='word_1_637' title='bbox 134 4649 241 4706; x_wconf 90' lang='lat' dir='ltr'><strong>Veritas</strong></span> <span class='ocrx_word' id='word_1_638' title='bbox 253 4650 315 4706; x_wconf 85' lang='lat' dir='ltr'><strong>ait:</strong></span> <span class='ocrx_word' id='word_1_639' title='bbox 338 4651 378 4706; x_wconf 88' lang='lat' dir='ltr'><strong>Ne</strong></span> <span class='ocrx_word' id='word_1_640' title='bbox 399 4650 472 4706; x_wconf 87' lang='lat' dir='ltr'><strong>forta</strong></span> <span class='ocrx_word' id='word_1_641' title='bbox 492 4649 716 4707; x_wconf 88' lang='lat' dir='ltr'><strong>scandalizemus</strong></span> <span class='ocrx_word' id='word_1_642' title='bbox 733 4667 790 4706; x_wconf 91' lang='lat' dir='ltr'><strong>eos.</strong></span> <span class='ocrx_word' id='word_1_643' title='bbox 812 4649 841 4706; x_wconf 92' lang='lat' dir='ltr'><strong>Si</strong></span> <span class='ocrx_word' id='word_1_644' title='bbox 855 4654 952 4707; x_wconf 90' lang='lat' dir='ltr'><strong>autem</strong></span> <span class='ocrx_word' id='word_1_645' title='bbox 1000 4653 1084 4708; x_wconf 89' lang='lat' dir='ltr'><strong>nibus</strong></span> <span class='ocrx_word' id='word_1_646' title='bbox 1105 4653 1222 4724; x_wconf 87' lang='lat' dir='ltr'><strong>peccata</strong></span> <span class='ocrx_word' id='word_1_647' title='bbox 1235 4667 1345 4719; x_wconf 89' lang='lat' dir='ltr'><strong>eorum,</strong></span> <span class='ocrx_word' id='word_1_648' title='bbox 1362 4668 1415 4708; x_wconf 91' lang='lat' dir='ltr'><strong>nec</strong></span> <span class='ocrx_word' id='word_1_649' title='bbox 1430 4652 1515 4708; x_wconf 88' lang='lat' dir='ltr'><strong>Pater</strong></span> <span class='ocrx_word' id='word_1_650' title='bbox 1530 4655 1626 4709; x_wconf 84' lang='lat' dir='ltr'><strong>vester</strong></span> <span class='ocrx_word' id='word_1_651' title='bbox 1640 4653 1759 4711; x_wconf 78' lang='lat' dir='ltr'><strong>scelestis</strong></span> <span class='ocrx_word' id='word_1_652' title='bbox 1773 4650 1805 4708; x_wconf 88' lang='lat' dir='ltr'><strong>di·</strong></span> 
     </span>
     <span class='ocr_line' id='line_1_49' title="bbox 133 4742 1805 4820; baseline 0.002 -24"><span class='ocrx_word' id='word_1_653' title='bbox 133 4742 202 4797; x_wconf 85' lang='lat' dir='ltr'><strong>salis</strong></span> <span class='ocrx_word' id='word_1_654' title='bbox 218 4743 281 4799; x_wconf 86' lang='lat' dir='ltr'><strong>fieri</strong></span> <span class='ocrx_word' id='word_1_655' title='bbox 294 4743 347 4799; x_wconf 86' lang='lat' dir='ltr'><strong>sibi</strong></span> <span class='ocrx_word' id='word_1_656' title='bbox 363 4760 399 4799; x_wconf 90' lang='lat' dir='ltr'><strong>cr</strong></span> <span class='ocrx_word' id='word_1_657' title='bbox 420 4744 538 4800; x_wconf 84' lang='lat' dir='ltr'><strong>veritate</strong></span> <span class='ocrx_word' id='word_1_658' title='bbox 551 4744 705 4815; x_wconf 92' lang='lat' dir='ltr'><strong>noluerint,</strong></span> <span class='ocrx_word' id='word_1_659' title='bbox 720 4744 811 4800; x_wconf 91' lang='lat' dir='ltr'><strong>habes</strong></span> <span class='ocrx_word' id='word_1_660' title='bbox 824 4744 952 4800; x_wconf 89' lang='lat' dir='ltr'><strong>consola·</strong></span> <span class='ocrx_word' id='word_1_661' title='bbox 1001 4745 1096 4802; x_wconf 89' lang='lat' dir='ltr'><strong>mittet</strong></span> <span class='ocrx_word' id='word_1_662' title='bbox 1115 4745 1196 4801; x_wconf 82' lang='lat' dir='ltr'><strong>vobis</strong></span> <span class='ocrx_word' id='word_1_663' title='bbox 1213 4749 1329 4817; x_wconf 87' lang='lat' dir='ltr'><strong>peccata</strong></span> <span class='ocrx_word' id='word_1_664' title='bbox 1342 4748 1437 4801; x_wconf 83' lang='lat' dir='ltr'><strong>vestra</strong></span> <span class='ocrx_word' id='word_1_665' title='bbox 1450 4745 1557 4815; x_wconf 76' lang='lat' dir='ltr'><strong>(nacco.</strong></span> <span class='ocrx_word' id='word_1_666' title='bbox 1569 4762 1609 4811; x_wconf 83' lang='lat' dir='ltr'><strong>rr,</strong></span> <span class='ocrx_word' id='word_1_667' title='bbox 1634 4747 1690 4820; x_wconf 76' lang='lat' dir='ltr'><strong>le).</strong></span> <span class='ocrx_word' id='word_1_668' title='bbox 1706 4765 1719 4800; x_wconf 80' lang='lat' dir='ltr'><strong>s</strong></span> <span class='ocrx_word' id='word_1_669' title='bbox 1740 4743 1805 4803; x_wconf 80' lang='lat' dir='ltr'><strong>Elin</strong></span> 
     </span>
     <span class='ocr_line' id='line_1_50' title="bbox 132 4833 1806 4913; baseline 0.005 -25"><span class='ocrx_word' id='word_1_670' title='bbox 132 4833 243 4890; x_wconf 90' lang='lat' dir='ltr'><strong>tionem</strong></span> <span class='ocrx_word' id='word_1_671' title='bbox 265 4853 350 4908; x_wconf 87' lang='lat' dir='ltr'><strong>quam</strong></span> <span class='ocrx_word' id='word_1_672' title='bbox 372 4837 404 4892; x_wconf 92' lang='lat' dir='ltr'><strong>in</strong></span> <span class='ocrx_word' id='word_1_673' title='bbox 417 4837 569 4910; x_wconf 84' lang='lat' dir='ltr'><strong>Evangelio</strong></span> <span class='ocrx_word' id='word_1_674' title='bbox 583 4837 715 4910; x_wconf 89' lang='lat' dir='ltr'><strong>aspicias,</strong></span> <span class='ocrx_word' id='word_1_675' title='bbox 735 4837 803 4910; x_wconf 84' lang='lat' dir='ltr'><strong>quia</strong></span> <span class='ocrx_word' id='word_1_676' title='bbox 820 4853 886 4893; x_wconf 90' lang='lat' dir='ltr'><strong>cum</strong></span> <span class='ocrx_word' id='word_1_677' title='bbox 897 4838 952 4893; x_wconf 84' lang='lat' dir='ltr'><strong>lio·</strong></span> <span class='ocrx_word' id='word_1_678' title='bbox 1002 4839 1064 4913; x_wconf 92' lang='lat' dir='ltr'><strong>ipsa</strong></span> <span class='ocrx_word' id='word_1_679' title='bbox 1077 4838 1225 4894; x_wconf 85' lang='lat' dir='ltr'><strong>Dominica</strong></span> <span class='ocrx_word' id='word_1_680' title='bbox 1238 4839 1363 4895; x_wconf 89' lang='lat' dir='ltr'><strong>oratione</strong></span> <span class='ocrx_word' id='word_1_681' title='bbox 1380 4855 1466 4912; x_wconf 88' lang='lat' dir='ltr'><strong>qnam</strong></span> <span class='ocrx_word' id='word_1_682' title='bbox 1481 4839 1610 4896; x_wconf 79' lang='lat' dir='ltr'><strong>Salvator</strong></span> <span class='ocrx_word' id='word_1_683' title='bbox 1624 4843 1725 4897; x_wconf 88' lang='lat' dir='ltr'><strong>noster</strong></span> <span class='ocrx_word' id='word_1_684' title='bbox 1737 4836 1806 4896; x_wconf 76' lang='lat' dir='ltr'><strong>disd-</strong></span> 
     </span>
     <span class='ocr_line' id='line_1_51' title="bbox 132 4927 1807 5007; baseline 0.005 -25"><span class='ocrx_word' id='word_1_685' title='bbox 132 4927 213 4983; x_wconf 89' lang='lat' dir='ltr'><strong>minc</strong></span> <span class='ocrx_word' id='word_1_686' title='bbox 231 4927 339 4983; x_wconf 90' lang='lat' dir='ltr'><strong>dictum</strong></span> <span class='ocrx_word' id='word_1_687' title='bbox 362 4929 471 4998; x_wconf 88' lang='lat' dir='ltr'><strong>fuisset,</strong></span> <span class='ocrx_word' id='word_1_688' title='bbox 496 4931 551 4986; x_wconf 87' lang='lat' dir='ltr'><strong>scis</strong></span> <span class='ocrx_word' id='word_1_689' title='bbox 571 4930 640 5003; x_wconf 84' lang='lat' dir='ltr'><strong>quia</strong></span> <span class='ocrx_word' id='word_1_690' title='bbox 662 4931 761 4986; x_wconf 91' lang='lat' dir='ltr'><strong>audito</strong></span> <span class='ocrx_word' id='word_1_691' title='bbox 784 4932 840 4987; x_wconf 93' lang='lat' dir='ltr'><strong>hoc</strong></span> <span class='ocrx_word' id='word_1_692' title='bbox 864 4929 950 4988; x_wconf 86' lang='lat' dir='ltr'><strong>verbo</strong></span> <span class='ocrx_word' id='word_1_693' title='bbox 1002 4933 1110 5006; x_wconf 89' lang='lat' dir='ltr'><strong>cipulos</strong></span> <span class='ocrx_word' id='word_1_694' title='bbox 1125 4948 1206 4988; x_wconf 90' lang='lat' dir='ltr'><strong>orare</strong></span> <span class='ocrx_word' id='word_1_695' title='bbox 1222 4932 1328 5002; x_wconf 89' lang='lat' dir='ltr'><strong>docuit,</strong></span> <span class='ocrx_word' id='word_1_696' title='bbox 1344 4932 1474 5005; x_wconf 85' lang='lat' dir='ltr'><strong>quotidie</strong></span> <span class='ocrx_word' id='word_1_697' title='bbox 1494 4933 1687 5007; x_wconf 89' lang='lat' dir='ltr'><strong>supplicando</strong></span> <span class='ocrx_word' id='word_1_698' title='bbox 1701 4933 1807 4991; x_wconf 82' lang='lat' dir='ltr'><strong>nomin</strong></span> 
     </span>
     <span class='ocr_line' id='line_1_52' title="bbox 132 5020 1809 5099; baseline 0.005 -24"><span class='ocrx_word' id='word_1_699' title='bbox 132 5020 313 5076; x_wconf 86' lang='lat' dir='ltr'><strong>scandalizati</strong></span> <span class='ocrx_word' id='word_1_700' title='bbox 322 5028 397 5090; x_wconf 90' lang='lat' dir='ltr'><strong>sunt,</strong></span> <span class='ocrx_word' id='word_1_701' title='bbox 412 5023 567 5095; x_wconf 89' lang='lat' dir='ltr'><strong>respondit.</strong></span> <span class='ocrx_word' id='word_1_702' title='bbox 581 5040 613 5079; x_wconf 75' lang='grc' dir='ltr'><strong>τα</strong></span> <span class='ocrx_word' id='word_1_703' title='bbox 629 5023 719 5081; x_wconf 91' lang='lat' dir='ltr'><strong>Sinite</strong></span> <span class='ocrx_word' id='word_1_704' title='bbox 731 5023 954 5092; x_wconf 77' lang='lat' dir='ltr'><strong>illos,cecisant</strong></span> <span class='ocrx_word' id='word_1_705' title='bbox 1003 5027 1123 5082; x_wconf 91' lang='lat' dir='ltr'><strong>dicimus</strong></span> <span class='ocrx_word' id='word_1_706' title='bbox 1139 5043 1146 5082; x_wconf 75' lang='grc' dir='ltr'>ι</span> <span class='ocrx_word' id='word_1_707' title='bbox 1162 5048 1176 5077; x_wconf 89' lang='lat'>«</span> <span class='ocrx_word' id='word_1_708' title='bbox 1191 5025 1307 5082; x_wconf 83' lang='lat' dir='ltr'><strong>Dimitte</strong></span> <span class='ocrx_word' id='word_1_709' title='bbox 1319 5026 1403 5082; x_wconf 90' lang='lat' dir='ltr'><strong>nohis</strong></span> <span class='ocrx_word' id='word_1_710' title='bbox 1417 5027 1512 5084; x_wconf 88' lang='lat' dir='ltr'><strong>debita</strong></span> <span class='ocrx_word' id='word_1_711' title='bbox 1525 5031 1635 5099; x_wconf 78' lang='lat' dir='ltr'><strong>nostia,</strong></span> <span class='ocrx_word' id='word_1_712' title='bbox 1646 5029 1721 5086; x_wconf 74' lang='lat' dir='ltr'><strong>siem</strong></span> <span class='ocrx_word' id='word_1_713' title='bbox 1731 5035 1759 5085; x_wconf 88' lang='lat' dir='ltr'><strong>et</strong></span> <span class='ocrx_word' id='word_1_714' title='bbox 1768 5039 1809 5084; x_wconf 74' lang='lat' dir='ltr'><strong>nos</strong></span> 
     </span>
     <span class='ocr_line' id='line_1_53' title="bbox 131 5115 1811 5194; baseline 0.004 -24"><span class='ocrx_word' id='word_1_715' title='bbox 131 5115 219 5171; x_wconf 89' lang='lat' dir='ltr'><strong>duces</strong></span> <span class='ocrx_word' id='word_1_716' title='bbox 241 5130 383 5170; x_wconf 75' lang='lat' dir='ltr'><strong>cecorum</strong></span> <span class='ocrx_word' id='word_1_717' title='bbox 409 5115 517 5187; x_wconf 76' lang='lat' dir='ltr'><strong>(nortl.</strong></span> <span class='ocrx_word' id='word_1_718' title='bbox 539 5132 585 5184; x_wconf 86' lang='lat' dir='ltr'><strong>rv,</strong></span> <span class='ocrx_word' id='word_1_719' title='bbox 610 5117 663 5188; x_wconf 79' lang='lat' dir='ltr'><strong>lt).</strong></span> <span class='ocrx_word' id='word_1_720' title='bbox 677 5137 692 5168; x_wconf 81' lang='lat' dir='ltr'><strong>s</strong></span> <span class='ocrx_word' id='word_1_721' title='bbox 715 5118 816 5172; x_wconf 86' lang='lat' dir='ltr'><strong>Paulus</strong></span> <span class='ocrx_word' id='word_1_722' title='bbox 839 5133 953 5190; x_wconf 85' lang='lat' dir='ltr'><strong>quoque</strong></span> <span class='ocrx_word' id='word_1_723' title='bbox 1003 5120 1173 5176; x_wconf 83' lang='lat' dir='ltr'><strong>dimittimus</strong></span> <span class='ocrx_word' id='word_1_724' title='bbox 1185 5119 1361 5176; x_wconf 83' lang='lat' dir='ltr'><strong>debitoribus</strong></span> <span class='ocrx_word' id='word_1_725' title='bbox 1382 5119 1610 5191; x_wconf 75' lang='lat' dir='ltr'><strong>nostrisllfottb.</strong></span> <span class='ocrx_word' id='word_1_726' title='bbox 1629 5120 1811 5194; x_wconf 76' lang='lat' dir='ltr'><strong>vrr,12l,»el</strong></span> 
     </span>
     <span class='ocr_line' id='line_1_54' title="bbox 131 5207 1812 5289; baseline 0.005 -26"><span class='ocrx_word' id='word_1_727' title='bbox 131 5209 278 5280; x_wconf 87' lang='lat' dir='ltr'><strong>apostolus</strong></span> <span class='ocrx_word' id='word_1_728' title='bbox 293 5207 433 5264; x_wconf 89' lang='lat' dir='ltr'><strong>admonet</strong></span> <span class='ocrx_word' id='word_1_729' title='bbox 446 5209 560 5289; x_wconf 75' lang='lat' dir='ltr'><strong>dicensr</strong></span> <span class='ocrx_word' id='word_1_730' title='bbox 574 5232 589 5262; x_wconf 81' lang='lat' dir='ltr'><strong>u</strong></span> <span class='ocrx_word' id='word_1_731' title='bbox 604 5209 633 5268; x_wconf 90' lang='lat' dir='ltr'><strong>Si</strong></span> <span class='ocrx_word' id='word_1_732' title='bbox 647 5209 710 5266; x_wconf 89' lang='lat' dir='ltr'><strong>lieri</strong></span> <span class='ocrx_word' id='word_1_733' title='bbox 722 5214 816 5283; x_wconf 90' lang='lat' dir='ltr'><strong>potest</strong></span> <span class='ocrx_word' id='word_1_734' title='bbox 829 5211 905 5283; x_wconf 88' lang='lat' dir='ltr'><strong>quod</strong></span> <span class='ocrx_word' id='word_1_735' title='bbox 919 5226 955 5266; x_wconf 86' lang='lat' dir='ltr'><strong>ex</strong></span> <span class='ocrx_word' id='word_1_736' title='bbox 1003 5215 1093 5269; x_wconf 86' lang='lat' dir='ltr'><strong>multa</strong></span> <span class='ocrx_word' id='word_1_737' title='bbox 1108 5218 1174 5269; x_wconf 86' lang='lat' dir='ltr'><strong>sunl</strong></span> <span class='ocrx_word' id='word_1_738' title='bbox 1186 5212 1251 5283; x_wconf 65' lang='lat' dir='ltr'><strong>alia</strong></span> <span class='ocrx_word' id='word_1_739' title='bbox 1271 5216 1301 5267; x_wconf 89' lang='lat' dir='ltr'><strong>et</strong></span> <span class='ocrx_word' id='word_1_740' title='bbox 1318 5212 1363 5268; x_wconf 90' lang='lat' dir='ltr'><strong>his</strong></span> <span class='ocrx_word' id='word_1_741' title='bbox 1385 5213 1500 5270; x_wconf 89' lang='lat' dir='ltr'><strong>similia.</strong></span> <span class='ocrx_word' id='word_1_742' title='bbox 1520 5213 1568 5269; x_wconf 88' lang='lat' dir='ltr'><strong>llis</strong></span> <span class='ocrx_word' id='word_1_743' title='bbox 1586 5214 1687 5289; x_wconf 84' lang='lat' dir='ltr'><strong>itaque</strong></span> <span class='ocrx_word' id='word_1_744' title='bbox 1701 5213 1812 5272; x_wconf 71' lang='lat' dir='ltr'><strong>dimissis</strong></span> 
     </span>
     <span class='ocr_line' id='line_1_55' title="bbox 132 5301 1812 5383; baseline 0.007 -28"><span class='ocrx_word' id='word_1_745' title='bbox 132 5302 212 5361; x_wconf 83' lang='lat' dir='ltr'><strong>robis</strong></span> <span class='ocrx_word' id='word_1_746' title='bbox 227 5305 357 5370; x_wconf 74' lang='lat' dir='ltr'><strong>osteum</strong></span> <span class='ocrx_word' id='word_1_747' title='bbox 374 5301 508 5358; x_wconf 87' lang='lat' dir='ltr'><strong>omnibns</strong></span> <span class='ocrx_word' id='word_1_748' title='bbox 522 5302 689 5359; x_wconf 91' lang='lat' dir='ltr'><strong>hominihus</strong></span> <span class='ocrx_word' id='word_1_749' title='bbox 701 5319 801 5376; x_wconf 87' lang='lat' dir='ltr'><strong>pacem</strong></span> <span class='ocrx_word' id='word_1_750' title='bbox 813 5303 955 5359; x_wconf 87' lang='lat' dir='ltr'><strong>habentes</strong></span> <span class='ocrx_word' id='word_1_751' title='bbox 1004 5307 1040 5363; x_wconf 89' lang='lat' dir='ltr'><strong>de</strong></span> <span class='ocrx_word' id='word_1_752' title='bbox 1049 5306 1235 5379; x_wconf 89' lang='lat' dir='ltr'><strong>meperactis,</strong></span> <span class='ocrx_word' id='word_1_753' title='bbox 1248 5306 1317 5379; x_wconf 88' lang='lat' dir='ltr'><strong>quia</strong></span> <span class='ocrx_word' id='word_1_754' title='bbox 1326 5307 1610 5365; x_wconf 76' lang='lat' dir='ltr'><strong>conhavoluntatem</strong></span> <span class='ocrx_word' id='word_1_755' title='bbox 1620 5310 1812 5383; x_wconf 76' lang='lat' dir='ltr'><strong>episcoporum</strong></span> 
     </span>
     <span class='ocr_line' id='line_1_56' title="bbox 133 5395 1812 5473; baseline 0.003 -20"><span class='ocrx_word' id='word_1_756' title='bbox 133 5396 218 5465; x_wconf 76' lang='lat' dir='ltr'><strong>iliona</strong></span> <span class='ocrx_word' id='word_1_757' title='bbox 233 5412 283 5464; x_wconf 76' lang='grc' dir='ltr'><strong>ιιι,</strong></span> <span class='ocrx_word' id='word_1_758' title='bbox 299 5396 362 5468; x_wconf 86' lang='lat' dir='ltr'><strong>l8);</strong></span> <span class='ocrx_word' id='word_1_759' title='bbox 378 5417 393 5446; x_wconf 80' lang='lat' dir='ltr'><strong>o</strong></span> <span class='ocrx_word' id='word_1_760' title='bbox 415 5395 543 5453; x_wconf 90' lang='lat' dir='ltr'><strong>dicturus</strong></span> <span class='ocrx_word' id='word_1_761' title='bbox 560 5413 626 5453; x_wconf 91' lang='lat' dir='ltr'><strong>cum</strong></span> <span class='ocrx_word' id='word_1_762' title='bbox 640 5396 774 5453; x_wconf 91' lang='lat' dir='ltr'><strong>omnibus</strong></span> <span class='ocrx_word' id='word_1_763' title='bbox 790 5395 955 5453; x_wconf 89' lang='lat' dir='ltr'><strong>hominibus</strong></span> <span class='ocrx_word' id='word_1_764' title='bbox 1005 5401 1055 5473; x_wconf 86' lang='lat' dir='ltr'><strong>qui</strong></span> <span class='ocrx_word' id='word_1_765' title='bbox 1068 5401 1316 5469; x_wconf 88' lang='lat' dir='ltr'><strong>nobiscumerant,</strong></span> <span class='ocrx_word' id='word_1_766' title='bbox 1325 5403 1442 5472; x_wconf 85' lang='lat' dir='ltr'><strong>proptor</strong></span> <span class='ocrx_word' id='word_1_767' title='bbox 1454 5397 1812 5461; x_wconf 82' lang='lat' dir='ltr'><strong>humililatemsensnsmei</strong></span> 
     </span>
     <span class='ocr_line' id='line_1_57' title="bbox 131 5489 1813 5571; baseline 0.004 -26"><span class='ocrx_word' id='word_1_768' title='bbox 131 5506 232 5561; x_wconf 89' lang='lat' dir='ltr'><strong>pacem</strong></span> <span class='ocrx_word' id='word_1_769' title='bbox 256 5489 393 5546; x_wconf 89' lang='lat' dir='ltr'><strong>habentes</strong></span> <span class='ocrx_word' id='word_1_770' title='bbox 416 5490 484 5564; x_wconf 91' lang='lat' dir='ltr'><strong>quia</strong></span> <span class='ocrx_word' id='word_1_771' title='bbox 507 5491 563 5547; x_wconf 93' lang='lat' dir='ltr'><strong>hoc</strong></span> <span class='ocrx_word' id='word_1_772' title='bbox 586 5489 702 5546; x_wconf 82' lang='lat' dir='ltr'><strong>difficile</strong></span> <span class='ocrx_word' id='word_1_773' title='bbox 725 5506 786 5546; x_wconf 88' lang='lat' dir='ltr'><strong>esse</strong></span> <span class='ocrx_word' id='word_1_774' title='bbox 808 5490 955 5563; x_wconf 84' lang='lat' dir='ltr'><strong>perspexit</strong></span> <span class='ocrx_word' id='word_1_775' title='bbox 1004 5494 1085 5551; x_wconf 90' lang='lat' dir='ltr'><strong>nullo</strong></span> <span class='ocrx_word' id='word_1_776' title='bbox 1104 5493 1266 5566; x_wconf 90' lang='lat' dir='ltr'><strong>compulsus</strong></span> <span class='ocrx_word' id='word_1_777' title='bbox 1276 5493 1386 5565; x_wconf 90' lang='lat' dir='ltr'><strong>judicio</strong></span> <span class='ocrx_word' id='word_1_778' title='bbox 1402 5509 1436 5550; x_wconf 91' lang='lat' dir='ltr'><strong>ac</strong></span> <span class='ocrx_word' id='word_1_779' title='bbox 1453 5493 1513 5550; x_wconf 81' lang='lat' dir='ltr'><strong>rim</strong></span> <span class='ocrx_word' id='word_1_780' title='bbox 1527 5510 1640 5568; x_wconf 85' lang='lat' dir='ltr'><strong>passus,</strong></span> <span class='ocrx_word' id='word_1_781' title='bbox 1656 5497 1708 5555; x_wconf 85' lang='lat' dir='ltr'><strong>sed</strong></span> <span class='ocrx_word' id='word_1_782' title='bbox 1726 5498 1813 5571; x_wconf 63' lang='lat' dir='ltr'><strong>spem</strong></span> 
     </span>
     <span class='ocr_line' id='line_1_58' title="bbox 133 5587 1812 5662; baseline 0.002 -19"><span class='ocrx_word' id='word_1_783' title='bbox 133 5588 282 5660; x_wconf 73' lang='lat' dir='ltr'><strong>premisit,</strong></span> <span class='ocrx_word' id='word_1_784' title='bbox 298 5588 322 5643; x_wconf 90' lang='lat' dir='ltr'><strong>si</strong></span> <span class='ocrx_word' id='word_1_785' title='bbox 340 5587 403 5644; x_wconf 87' lang='lat' dir='ltr'><strong>deri</strong></span> <span class='ocrx_word' id='word_1_786' title='bbox 426 5591 528 5661; x_wconf 89' lang='lat' dir='ltr'><strong>potest,</strong></span> <span class='ocrx_word' id='word_1_787' title='bbox 545 5593 574 5644; x_wconf 92' lang='lat' dir='ltr'><strong>et</strong></span> <span class='ocrx_word' id='word_1_788' title='bbox 595 5588 753 5661; x_wconf 85' lang='lat' dir='ltr'><strong>subjunxit,</strong></span> <span class='ocrx_word' id='word_1_789' title='bbox 770 5589 847 5662; x_wconf 91' lang='lat' dir='ltr'><strong>quod</strong></span> <span class='ocrx_word' id='word_1_790' title='bbox 862 5593 956 5662; x_wconf 87' lang='lat' dir='ltr'><strong>potest</strong></span> <span class='ocrx_word' id='word_1_791' title='bbox 1005 5587 1115 5660; x_wconf 89' lang='lat' dir='ltr'><strong>eligens</strong></span> <span class='ocrx_word' id='word_1_792' title='bbox 1138 5588 1200 5645; x_wconf 76' lang='lat' dir='ltr'><strong>htec</strong></span> <span class='ocrx_word' id='word_1_793' title='bbox 1218 5603 1271 5644; x_wconf 91' lang='lat' dir='ltr'><strong>nec</strong></span> <span class='ocrx_word' id='word_1_794' title='bbox 1290 5588 1423 5657; x_wconf 87' lang='lat' dir='ltr'><strong>formam,</strong></span> <span class='ocrx_word' id='word_1_795' title='bbox 1439 5593 1471 5644; x_wconf 91' lang='lat' dir='ltr'><strong>ut</strong></span> <span class='ocrx_word' id='word_1_796' title='bbox 1484 5588 1548 5660; x_wconf 85' lang='lat' dir='ltr'><strong>jam</strong></span> <span class='ocrx_word' id='word_1_797' title='bbox 1567 5588 1679 5647; x_wconf 86' lang='lat' dir='ltr'><strong>dictum</strong></span> <span class='ocrx_word' id='word_1_798' title='bbox 1691 5594 1745 5662; x_wconf 85' lang='lat' dir='ltr'><strong>ast,</strong></span> <span class='ocrx_word' id='word_1_799' title='bbox 1759 5587 1812 5646; x_wconf 80' lang='lat' dir='ltr'><strong>uiis</strong></span> 
     </span>
     <span class='ocr_line' id='line_1_59' title="bbox 133 5680 1813 5757; baseline 0 -22"><span class='ocrx_word' id='word_1_800' title='bbox 133 5680 275 5749; x_wconf 87' lang='lat' dir='ltr'><strong>fleri,cum</strong></span> <span class='ocrx_word' id='word_1_801' title='bbox 283 5682 435 5755; x_wconf 84' lang='lat' dir='ltr'><strong>dicitquod</strong></span> <span class='ocrx_word' id='word_1_802' title='bbox 444 5699 479 5739; x_wconf 85' lang='lat' dir='ltr'><strong>ex</strong></span> <span class='ocrx_word' id='word_1_803' title='bbox 489 5683 712 5757; x_wconf 81' lang='lat' dir='ltr'><strong>robisest3quia</strong></span> <span class='ocrx_word' id='word_1_804' title='bbox 724 5684 747 5740; x_wconf 93' lang='lat' dir='ltr'><strong>si</strong></span> <span class='ocrx_word' id='word_1_805' title='bbox 756 5700 809 5740; x_wconf 88' lang='lat' dir='ltr'><strong>nos</strong></span> <span class='ocrx_word' id='word_1_806' title='bbox 816 5682 846 5739; x_wconf 92' lang='lat' dir='ltr'><strong>in</strong></span> <span class='ocrx_word' id='word_1_807' title='bbox 856 5686 956 5740; x_wconf 90' lang='lat' dir='ltr'><strong>mente</strong></span> <span class='ocrx_word' id='word_1_808' title='bbox 1005 5682 1108 5749; x_wconf 91' lang='lat' dir='ltr'><strong>dando,</strong></span> <span class='ocrx_word' id='word_1_809' title='bbox 1125 5682 1174 5738; x_wconf 91' lang='lat' dir='ltr'><strong>sed</strong></span> <span class='ocrx_word' id='word_1_810' title='bbox 1195 5698 1242 5737; x_wconf 90' lang='lat' dir='ltr'><strong>me</strong></span> <span class='ocrx_word' id='word_1_811' title='bbox 1258 5681 1437 5755; x_wconf 83' lang='lat' dir='ltr'><strong>purificando</strong></span> <span class='ocrx_word' id='word_1_812' title='bbox 1452 5681 1518 5752; x_wconf 91' lang='lat' dir='ltr'><strong>feci,</strong></span> <span class='ocrx_word' id='word_1_813' title='bbox 1535 5682 1566 5738; x_wconf 91' lang='lat' dir='ltr'><strong>in</strong></span> <span class='ocrx_word' id='word_1_814' title='bbox 1578 5682 1644 5740; x_wconf 86' lang='lat' dir='ltr'><strong>aliis</strong></span> <span class='ocrx_word' id='word_1_815' title='bbox 1656 5689 1752 5742; x_wconf 65' lang='lat' dir='ltr'><strong>nmen</strong></span> <span class='ocrx_word' id='word_1_816' title='bbox 1765 5680 1813 5754; x_wconf 82' lang='lat' dir='ltr'><strong>epi</strong></span> 
     </span>
     <span class='ocr_line' id='line_1_60' title="bbox 121 5770 1811 5855; baseline 0.002 -25"><span class='ocrx_word' id='word_1_817' title='bbox 121 5770 297 5832; x_wconf 70' lang='lat' dir='ltr'><strong>cornuum</strong></span> <span class='ocrx_word' id='word_1_818' title='bbox 310 5791 381 5849; x_wconf 79' lang='lat' dir='ltr'><strong>erga</strong></span> <span class='ocrx_word' id='word_1_819' title='bbox 400 5776 533 5838; x_wconf 77' lang='lat' dir='ltr'><strong>odientes</strong></span> <span class='ocrx_word' id='word_1_820' title='bbox 556 5793 669 5837; x_wconf 78' lang='lat' dir='ltr'><strong>serrare</strong></span> <span class='ocrx_word' id='word_1_821' title='bbox 682 5777 825 5855; x_wconf 88' lang='lat' dir='ltr'><strong>cupimus,</strong></span> <span class='ocrx_word' id='word_1_822' title='bbox 837 5782 866 5836; x_wconf 82' lang='lat' dir='ltr'><strong>et</strong></span> <span class='ocrx_word' id='word_1_823' title='bbox 878 5776 902 5834; x_wconf 90' lang='lat' dir='ltr'><strong>si</strong></span> <span class='ocrx_word' id='word_1_824' title='bbox 915 5776 956 5836; x_wconf 91' lang='lat' dir='ltr'><strong>illi</strong></span> <span class='ocrx_word' id='word_1_825' title='bbox 1005 5774 1096 5852; x_wconf 84' lang='lat' dir='ltr'><strong>scopis</strong></span> <span class='ocrx_word' id='word_1_826' title='bbox 1108 5774 1444 5852; x_wconf 81' lang='lat' dir='ltr'><strong>competensadlaibenda</strong></span> <span class='ocrx_word' id='word_1_827' title='bbox 1456 5778 1501 5835; x_wconf 86' lang='lat' dir='ltr'><strong>est</strong></span> <span class='ocrx_word' id='word_1_828' title='bbox 1513 5773 1551 5835; x_wconf 77' lang='lat' dir='ltr'><strong>de</strong></span> <span class='ocrx_word' id='word_1_829' title='bbox 1560 5776 1671 5837; x_wconf 73' lang='lat' dir='ltr'><strong>talibm</strong></span> <span class='ocrx_word' id='word_1_830' title='bbox 1683 5775 1811 5837; x_wconf 71' lang='lat' dir='ltr'><strong>mediore</strong></span> 
     </span>
    </p>
   </div>
   <div class='ocr_carea' id='block_1_5' title="bbox 0 0 1940 6149">
    <p class='ocr_par' dir='ltr' id='par_1_8' title="bbox 0 0 1940 6149">
     <span class='ocr_line' id='line_1_61' title="bbox 0 0 1940 6149; baseline 0 0"><span class='ocrx_word' id='word_1_831' title='bbox 0 0 1940 6149; x_wconf 95' lang='lat' dir='ltr'><strong> </strong></span> 
     </span>
    </p>
   </div>
  </div>
 </body>
</html>
