3870 6150
524 245 969 305 nmaarauoueouuneuo.
1538 260 1591 316 402

103 370 126 412 vs
137 354 239 411 datum
248 355 337 410 luerit
348 358 414 427 post
424 353 642 410 manumissoris
651 370 726 410 mor·
736 353 853 443 Aribns
865 371 952 426 quam
972 353 1075 428 viginti
1094 357 1220 433 quinque
1239 374 1382 416 annornm
1396 361 1512 434 penitus
1533 381 1592 422 non

103 451 282 506 erevocetur.
295 448 386 505 llinus
411 449 494 504 utiles
507 448 667 520 peregrinis
680 447 725 505 vel
776 447 947 519 committat,
964 465 1031 505 sane
1052 451 1076 505 si
1094 451 1241 524 conjugati
1258 453 1378 525 juvenes
1399 458 1596 516 consenserint

103 563 108 596 v
118 542 184 617 J'ure
199 541 325 599 ecclesia
346 542 377 598 in
395 557 481 598 usum
506 544 641 616 praestare
663 558 725 616 pen
775 540 911 611 ordinari,
927 546 957 598 et
968 558 1088 598 uxorum
1102 543 1231 602 voluntas
1244 547 1284 602 ita
1298 547 1469 621 requirenda
1488 554 1542 623 est,
1559 556 1593 610 ut

776 639 952 708 sequestrato
966 636 1125 692 mansionis
1136 637 1275 708 cubiculo,
1285 639 1424 713 religione
1434 643 1591 716 praemissa,

103 730 160 788 iam
174 731 290 803 placuit,
307 733 340 786 ut
353 732 376 786 si
391 730 512 786 clericus
524 729 622 786 relicto
633 729 725 786 officio
774 731 959 801 posteaquam
980 730 1089 802 pariter
1107 732 1234 787 conversi
1247 732 1364 804 luerint,
1377 735 1555 794 ordinentur.

103 825 335 882 ’districtionem
358 824 393 879 ad
415 824 581 879 saecularem
604 824 725 882 fortasse
809 822 887 878 llVll.
904 822 1104 896 Presbyterum
1126 840 1192 880 vero
1215 826 1258 881 vel
1283 827 1448 900 episcopum
1461 833 1527 887 anta
1541 831 1592 888 tri·
1665 862 1668 866 ·

103 922 128 976 at
140 920 164 975 is
176 920 211 975 ad
225 935 312 990 quem
334 919 455 975 recurrit
476 917 610 974 solatium
630 917 657 973 ei
674 917 723 973 de·
776 915 857 988 ginta
872 931 972 985 annos,
987 916 1018 972 id
1031 920 1075 972 ost
1088 921 1242 991 autequam
1265 920 1300 976 ad
1320 921 1373 976 viri
1392 922 1510 995 perlecti
1521 927 1591 982 aetu-

103 1013 242 1086 penderit,
256 1030 321 1071 cum
336 1013 439 1071 eodem
453 1012 487 1069 de
502 1011 630 1069 acclesiae
645 1026 724 1068 com·
775 1011 833 1064 tem
853 1009 1011 1081 perveniat,
1035 1010 1129 1067 nullus
1151 1013 1439 1085 metropolitanorum
1462 1016 1592 1074 ordinare

103 1108 189 1163 latur.
773 1108 938 1175 praesumat,
952 1118 989 1160 nc
1002 1119 1055 1176 per
1069 1108 1183 1162 etatem
1207 1104 1295 1182 (quod
1316 1105 1468 1182 aliquoties
1487 1111 1591 1184 evenit)

103 1200 229 1271 tetiam,
253 1204 286 1257 ut
312 1200 514 1273 etpresbyteri
539 1202 584 1256 vel
610 1200 725 1257 diaconi
774 1196 870 1268 aliquo
885 1212 982 1252 errore
994 1198 1153 1270 culpentur.

103 1295 232 1352 itornm
253 1310 377 1350 uxorum
388 1310 504 1350 suarum
519 1293 613 1351 redire
625 1294 724 1350 volus·
809 1290 895 1345 llVlll.
920 1289 1075 1348 Saeculares
1094 1291 1144 1365 qui
1167 1293 1198 1348 in
1222 1293 1311 1350 natali
1330 1295 1453 1364 Domini,
1473 1297 1592 1368 Pascha,

103 1388 259 1445 innocentii
270 1388 424 1459 ordinatio,
439 1388 482 1445 vel
495 1387 587 1444 Siricii
599 1388 725 1460 episcopi
774 1384 938 1440 Pentecoste
952 1400 1013 1441 non
1022 1385 1305 1459 communicaverint,
1320 1388 1450 1446 catholici
1462 1405 1520 1447 uon
1533 1406 1594 1450 cce·

103 1486 273 1549 inservetur3
289 1482 364 1553 quod
383 1482 406 1537 si
420 1483 455 1538 ad
470 1482 582 1554 aliquos
602 1482 726 1538 formula
775 1476 889 1548 dantur,
905 1493 957 1534 uec
968 1478 1044 1535 inter
1055 1479 1210 1536 catholicos
1223 1480 1395 1538 habeantur.

103 1575 166 1631 tices
178 1576 254 1643 vitae,
275 1575 383 1647 pariter
405 1577 435 1630 et
458 1575 613 1647 disciplinae
632 1592 725 1649 quaea
810 1571 874 1627 XIX.
889 1571 1134 1643 sanctimoniales,
1154 1574 1368 1645 quantumlibet
1380 1575 1437 1631 vita
1450 1592 1550 1633 corum
1565 1581 1594 1636 et

103 1685 153 1742 spo
166 1670 202 1724 ad
215 1668 376 1741 provincias
388 1669 567 1737 commeavit,
581 1685 640 1725 non
656 1685 724 1741 pro·
774 1679 871 1719 moves
883 1664 995 1737 probati
1009 1666 1077 1734 sint,
1090 1669 1156 1723 ante
1169 1683 1278 1725 annum
1294 1668 1387 1725 aetatis
1401 1686 1460 1726 suae
1474 1672 1595 1745 quadra·

103 1763 205 1830 enisse,
222 1763 250 1818 ei
264 1763 347 1834 signo
362 1763 482 1818 rationis
503 1763 587 1819 venia
602 1763 723 1819 remitti·
734 1739 763 1812 Β
776 1757 919 1829 gesimam
934 1775 993 1815 non
1006 1760 1146 1817 velentur.

103 1859 223 1912 coetero
238 1857 353 1928 penitus
370 1856 509 1928 incipiant
529 1856 681 1924 abstinere,
697 1860 726 1913 et
809 1852 861 1907 llll.
875 1852 978 1910 Clerici
989 1853 1040 1926 qni
1054 1868 1167 1909 comam
1178 1855 1319 1919 nutriunt,
1331 1856 1367 1912 ab
1379 1857 1591 1931 archidiacono,

103 1965 142 2006 vos
161 1950 309 2021 inquibus
330 1949 439 2005 inventi
462 1949 571 2005 luerint
593 1950 632 2005 sic
656 1950 724 2005 reti-
775 1944 887 2000 etiamsi
903 1945 1056 2017 noluerint,
1076 1946 1156 2002 inviti
1178 1946 1402 2019 detondeantur;
1423 1951 1593 2009 vestimenta

111 2043 223 2115 potiora
244 2043 285 2098 eis
300 2059 356 2098 non
380 2043 463 2099 liceat
480 2042 645 2112 ascendere,
659 2043 724 2115 qui·
774 2039 818 2094 vel
831 2037 1015 2096 calciamenta
1029 2039 1117 2095 etiam
1132 2040 1184 2109 eis,
1198 2040 1330 2115 nisique
1351 2042 1521 2118 religionem
1538 2045 1590 2103 de·
1633 2038 1637 2045 ’

103 2136 154 2193 toio
162 2152 223 2192 esse
233 2136 326 2205 debet,
338 2136 414 2208 quod
425 2136 520 2192 locum
532 2136 628 2208 ipsum
638 2152 724 2209 quem
774 2137 869 2201 ceant,
883 2133 926 2188 uti
939 2137 989 2189 aut
1001 2133 1109 2189 habere
1121 2149 1179 2190 non
1193 2134 1287 2191 liceat.

122 2231 273 2297 amittunt,
288 2230 310 2284 si
331 2230 491 2301 quiautem
505 2230 725 2287 scisselormam
810 2226 875 2282 lllll.
902 2226 931 2283 Si
953 2226 1017 2300 quis
1040 2227 1128 2284 etiam
1149 2230 1229 2285 extra
1252 2230 1405 2301 parochias
1428 2231 1459 2289 in
1488 2234 1593 2306 quibus

103 2340 147 2380 arn
167 2340 185 2379 a
204 2327 302 2378 sancto
326 2322 424 2379 siricio
443 2323 575 2395 episcopo
590 2323 726 2395 detegun·
775 2319 920 2392 legitimus
929 2323 974 2376 ast
984 2321 1203 2393 ordinariusque
1218 2327 1385 2394 conventus,
1397 2322 1593 2384 oratoridmin

103 2418 179 2473 tntim
200 2416 369 2489 cupiditates
382 2415 508 2472 libidinis
521 2416 669 2488 abjecisse,
683 2417 725 2473 illi
774 2429 845 2485 agro
857 2413 963 2469 habere
985 2413 1116 2484 voluerit,
1143 2415 1259 2488 reliquis
1279 2416 1487 2492 festivitatibus,
1506 2424 1540 2478 ut
1554 2420 1594 2478 ibi

106 2510 238 2567 omnibus
251 2509 444 2578 submovendi,
459 2526 493 2566 eo
507 2509 584 2583 quod
599 2514 664 2583 post
677 2510 726 2566 ad·
774 2506 876 2562 missas
896 2510 997 2564 teneat
1017 2511 1137 2580 propter
1158 2508 1359 2581 fatigationem
1376 2512 1494 2568 familiae
1510 2514 1594 2586 juxta

109 2606 254 2676 cognitam
274 2603 498 2676 preponendam
516 2604 645 2660 arbitrati
659 2607 727 2661 suut
775 2600 907 2655 ordinem
921 2600 1126 2673 permittimus,
1140 2602 1246 2658 Pascha
1260 2619 1337 2673 vero,
1356 2605 1445 2661 natali
1466 2606 1592 2677 Domini,

774 2693 945 2765 Epiphania,
960 2693 1131 2751 hscansione
1152 2696 1274 2764 bomini,
1295 2698 1470 2768 Pentecoste,
1492 2703 1522 2757 et
1541 2718 1591 2757 na·

103 2808 128 2848 m
152 2793 188 2848 ad
210 2791 426 2848 custodiendam
448 2790 534 2846 vitam
561 2794 590 2847 et
614 2792 725 2847 lamam
775 2786 824 2842 lali
843 2787 932 2843 sancti
944 2788 1059 2844 loannis
1073 2789 1217 2861 Baptista,
1231 2793 1259 2845 et
1273 2790 1297 2845 si
1311 2807 1375 2862 qum
1393 2792 1517 2850 maximo
1531 2793 1592 2850 dies

103 2886 217 2942 natione
239 2884 431 2956 precipimus,
447 2889 480 2939 ut
494 2884 588 2939 nullus
609 2884 725 2940 clerico·
774 2879 804 2935 iu
826 2880 1023 2938 festivitatibus
1041 2882 1195 2954 habentur,
1219 2900 1279 2939 uon
1301 2882 1356 2939 nisi
1375 2883 1406 2940 iu
1421 2885 1591 2959 civitatibus,

103 2995 128 3035 aa
149 2979 261 3034 mulieri
281 2977 408 3051 qualibet
430 2977 589 3046 collatione,
612 2982 661 3032 aut
683 2977 723 3034 la·
775 2976 826 3031 aut
837 2974 978 3046 parochiis
989 2979 1116 3046 teneant,
1131 2976 1225 3033 clerici
1246 2993 1314 3034 vero
1329 2978 1415 3051 siqui
1431 2979 1463 3035 in
1483 2980 1592 3037 testivi-

103 3076 229 3145 mgatur,
245 3077 274 3128 et
295 3088 354 3127 non
379 3073 471 3127 solnm
492 3071 523 3126 iu
543 3070 627 3127 domo
647 3070 724 3127 illius
734 3112 762 3187 C
774 3067 881 3123 tatibus
896 3084 966 3140 ques
979 3085 1067 3141 supra
1081 3069 1244 3127 diximusin
1254 3071 1395 3142 oratoriis,
1407 3072 1593 3145 nisijubeute

103 3164 162 3223 vlicr
173 3182 232 3221 non
249 3164 374 3234 accedat,
391 3163 442 3219 ssd
455 3180 507 3220 nec
519 3163 581 3235 ipse
595 3164 725 3236 trequen-
773 3165 823 3217 aut
835 3161 1021 3233 permittente
1034 3163 1179 3236 episcopo,
1192 3165 1287 3221 lacere
1309 3168 1360 3222 aut
1383 3169 1482 3224 tenere
1494 3167 1592 3227 volue-

105 3273 168 3315 eam
189 3259 339 3315 mulierem
357 3257 460 3313 haheat
474 3259 657 3329 potestatem
674 3257 725 3314 sed
772 3254 841 3323 rint,
854 3270 871 3309 a
883 3255 1084 3313 communione
1097 3257 1248 3330 pellantur.

107 3357 231 3421 tautum,
247 3367 352 3420 sorore,
368 3350 427 3407 lilia
447 3351 491 3406 vel
512 3354 608 3424 nepte,
629 3351 654 3406 si
672 3351 723 3407 ha·
808 3349 886 3405 llllll.
899 3351 935 3407 Et
948 3349 1016 3406 licet
1025 3351 1203 3423 superfluum
1216 3351 1253 3407 sit
1263 3352 1298 3409 de
1307 3369 1339 3408 re
1350 3356 1419 3409 nota
1429 3357 1458 3409 et
1466 3353 1592 3427 antiquis

103 3445 213 3502 voluerit
229 3445 341 3501 vivendi
355 3445 475 3501 liberam
491 3444 577 3500 habet
596 3447 723 3516 potesta·
773 3441 929 3498 canonibus
942 3442 1095 3515 prohibita,
1111 3445 1219 3518 aliquid
1234 3445 1335 3502 iterato
1350 3445 1480 3515 delinire,
1494 3452 1592 3504 tamen

103 3554 148 3595 >ns
161 3539 324 3595 nominibus
333 3540 414 3595 nefas
424 3542 467 3594 est
480 3537 558 3593 alind
571 3553 660 3610 quam
676 3554 725 3594 na·
773 3538 807 3590 ut
823 3534 935 3591 facilius
948 3535 1096 3609 cupiditas,
1109 3543 1159 3593 aut
1172 3538 1341 3610 improbitas
1358 3539 1544 3611 reprimatur,
1560 3541 1593 3597 id

103 3631 133 3689 vit
144 3632 293 3704 suspicari.
775 3628 927 3685 statuimus
938 3628 1018 3702 quod
1030 3646 1129 3687 omnes
1147 3630 1261 3702 jubent,
1278 3634 1310 3687 ut
1322 3631 1519 3702 civitanenses,
1535 3633 1594 3692 sive

103 3725 175 3782 svel
189 3725 337 3791 libertasa
354 3724 468 3781 cellario
482 3725 526 3780 vel
541 3729 648 3780 secreto
668 3723 724 3778 mi·
774 3721 924 3778 dioecesani
935 3721 1104 3795 presbyteri,
1114 3725 1158 3779 vel
1172 3724 1278 3796 clerici,
1288 3725 1364 3781 salvo
1374 3725 1440 3797 jure
1454 3727 1592 3800 ecclesias,

103 3819 239 3876 beadem
253 3818 400 3875 mansione
412 3819 443 3875 in
456 3835 515 3890 qua
528 3817 648 3874 clericus
662 3833 723 3873 ma·
774 3831 836 3871 rem
861 3816 987 3873 ecclesie
1009 3816 1091 3887 {sicut
1104 3818 1296 3890 permiserunt
1313 3818 1448 3891 episcopi)
1463 3822 1592 3889 teneant,

103 3912 246 3970 removeri.
774 3909 907 3978 vendere,
921 3914 971 3966 aut
983 3910 1089 3966 donare
1103 3912 1218 3983 penitus
1232 3927 1289 3968 non
1308 3914 1497 3984 presumant3
1514 3913 1593 3987 quod

104 4011 117 4062 t
139 4007 235 4074 eham,
262 4009 295 4061 ut
317 4021 416 4061 omnes
437 4005 572 4076 ecclesiae,
601 4006 725 4079 exceptis
774 4002 797 4058 si
810 4003 942 4073 fecerint,
958 4004 1075 4061 attacta
1097 4004 1226 4062 venditio
1248 4021 1306 4061 non
1327 4004 1441 4075 valebit,
1457 4007 1486 4061 et
1500 4005 1593 4062 dela·

103 4098 176 4156 nicis
197 4100 227 4155 in
249 4098 477 4172 quadragesima,
493 4099 581 4154 etiam
597 4099 642 4155 die
655 4099 723 4155 Sab·
774 4096 935 4167 cultatibus,
949 4097 973 4154 si
988 4113 1060 4172 quas
1072 4098 1179 4155 habent
1187 4099 1318 4172 proprias
1326 4098 1495 4156 indemnem
1507 4100 1594 4157 ecclc·

103 4193 163 4250 >tali
178 4193 317 4261 oratioue,
331 4195 361 4247 et
377 4191 555 4248 discretionis
570 4193 725 4249 commina-
774 4191 848 4247 siam
860 4191 991 4261 reddant,
1006 4194 1035 4248 et
1046 4191 1251 4249 communione
1264 4192 1422 4265 priventur.

103 4291 136 4343 it.
810 4286 897 4340 lllllll.
912 4285 1214 4358 Episcoporumetiam
1223 4302 1347 4359 quorum
1361 4285 1596 4359 vitanonrepre·

103 4381 187 4436 volum
203 4380 288 4434 etiarn
310 4378 418 4451 placuit
430 4379 466 4433 ab
479 4378 614 4433 omnibus
632 4379 723 4434 eccle·
774 4378 920 4447 henditur,
939 4379 1128 4451 posteriorem
1146 4380 1234 4452 priori
1250 4380 1346 4436 nullus
1356 4378 1420 4453 96
1430 4383 1592 4452 praepouat,

108 4472 139 4529 id
157 4476 200 4529 est
213 4476 279 4528 ante
304 4477 366 4527 octo
380 4471 440 4528 dies
458 4470 615 4527 Dominicae
628 4482 764 4555 resur-1)
775 4470 829 4526 nisi
840 4472 914 4528 forte
929 4472 1020 4528 elatus
1029 4472 1171 4544 superbia,
1183 4473 1260 4545 quod
1269 4489 1322 4544 pro
1332 4473 1498 4529 necessitate
1508 4472 1596 4529 eccle·

103 4566 177 4623 blica
199 4566 227 4622 in
244 4566 362 4622 ecclesia
376 4564 605 4637 competentibus
618 4564 724 4637 praedi·
775 4563 1594 4637 sioeepiscopusjusseritimplere,contemnat,sanesioffi-
1708 4616 1711 4621 .

775 4658 850 4713 cium
860 4657 1109 4714 archidiaconatus
1119 4663 1236 4731 propmr
1245 4658 1448 4731 simpliciorem
1460 4663 1593 4715 naturam

103 4754 131 4810 ia
141 4753 246 4826 placuit
260 4769 317 4809 uon
331 4753 425 4808 solum
439 4753 575 4809 unctione
590 4753 725 4810 chrisma·
774 4751 904 4823 implere,
917 4754 967 4807 aut
980 4751 1115 4824 expedire
1139 4750 1312 4824 nequiverit,
1335 4751 1450 4808 illeloci
1471 4751 1515 4808 sui
1537 4768 1592 4808 no·

103 4864 119 4903 n
133 4847 297 4903 sacerdotali
311 4845 510 4902 benedictione
536 4846 651 4903 sacrari.
775 4860 841 4899 men
856 4848 953 4901 teneat
965 4847 995 4900 et
1007 4844 1217 4901 ordinationem
1230 4845 1357 4901 ecclesia
1370 4860 1458 4918 quem
1473 4845 1594 4920 elegerit

103 4944 192 4998 tentes
213 4946 344 5012 tempore
366 4957 424 5011 quo
449 4939 647 5012 poenitentiam
673 4956 723 5014 pe·
775 4937 1174 5010 episcopuspraeponendnm.

103 5035 214 5092 ,tionem
229 5051 350 5089 manum
373 5039 401 5089 et
421 5033 544 5089 cilicium
570 5050 657 5106 super
677 5050 722 5090 ca·
810 5032 951 5088 XlllV.lle
964 5030 1099 5104 expositis
1107 5031 1231 5088 inventis
1252 5032 1282 5088 id
1295 5031 1504 5090 observandum
1518 5033 1594 5105 quod

103 5132 155 5196 ote,
168 5129 240 5183 sicut
255 5127 360 5199 ubique
376 5127 560 5182 coustitutum
584 5130 637 5194 est,
653 5143 723 5184 con·
771 5124 942 5197 jamdudum
954 5124 1081 5198 synodus
1094 5130 1193 5181 sancta
1206 5125 1360 5183 constituit.

103 5222 121 5278 si
141 5225 239 5277 autem
263 5237 357 5275 comas
382 5236 440 5274 nou
461 5220 655 5290 deposuerint,
675 5225 725 5276 aut
809 5218 885 5275 xxv.
901 5219 930 5275 Si
952 5234 1019 5274 vero
1044 5219 1195 5275 saculares
1223 5221 1273 5292 qui
1301 5220 1448 5293 conjugale
1475 5234 1593 5274 consor·

103 5331 148 5371 ion
160 5313 342 5380 mutaverint,
367 5312 545 5383 abjiciantur,
561 5317 589 5367 et
601 5312 656 5368 nisi
679 5313 723 5368 di·
772 5313 848 5368 tium
862 5312 946 5385 culpa
959 5312 1085 5385 gravimi
1097 5312 1254 5385 dimittunt,
1263 5313 1307 5370 vel
1316 5314 1402 5371 etiam
1412 5311 1594 5380 dimiserunt,

103 5406 172 5475 rint,
187 5422 245 5461 non
258 5405 449 5477 recipiantur;
469 5404 623 5476 J'uvenihus
638 5404 725 5461 etiarn
775 5410 804 5462 et
817 5407 911 5462 nullas
932 5422 1029 5462 causus
1052 5405 1161 5462 dissidii
1183 5406 1371 5479 probabiliter
1389 5405 1593 5477 proponentes,

103 5518 147 5559 ion
162 5500 244 5556 facile
257 5498 463 5555 committenda
477 5500 520 5554 est
531 5503 647 5570 propter
657 5501 724 5555 aeta·
773 5504 926 5572 propterea
938 5500 1124 5556 matrimonia
1143 5516 1195 5554 sua
1208 5499 1365 5569 dimittunt,
1377 5503 1411 5555 ut
1422 5499 1472 5552 aut
1483 5494 1591 5566 illicita,

103 5610 147 5663 vm,
160 5594 294 5649 viaticum
308 5597 405 5648 tamen
428 5592 458 5646 iu
480 5596 572 5647 morte
591 5592 724 5649 omnibus
774 5596 824 5648 aut
837 5593 932 5650 ahena
946 5595 1131 5666 presumant,
1145 5592 1168 5648 si
1181 5595 1332 5663 antequam
1349 5589 1426 5663 apud
1444 5587 1594 5661 episcopos

103 5689 264 5762 agendum.
773 5686 963 5759 provinciales
976 5685 1085 5742 dissidii
1097 5701 1196 5742 causas
1208 5684 1342 5755 dixerim,
1356 5685 1385 5740 et
1398 5681 1479 5753 prius
1489 5697 1594 5740 uxores

103 5798 185 5857 mpus
208 5779 439 5839 benedictionem
454 5779 619 5837 diaconatus
634 5780 724 5839 mino·
774 5795 862 5855 quam
871 5779 979 5854 judicio
994 5779 1169 5839 damnentur
1181 5776 1347 5852 abjecerint,
1358 5792 1376 5834 a
1389 5775 1594 5836 communione
