3870 6150
203 272 254 330 att
646 269 788 327 APPEND.
809 272 853 328 ab
871 272 952 328 SAEC.
974 270 1017 327 tx.
1033 300 1066 311 —
1085 270 1208 327 tsthottt
1228 268 1439 327 transsaturus
1830 268 1883 324 aas

204 377 890 451 autemDominisuperiacientesmala,utperdat
900 379 1018 435 deterre
1028 392 1115 465 Asus
1131 379 1267 450 Christus,
1288 395 1347 434 non
1369 378 1399 433 in
1421 393 1494 449 aqua
1517 375 1619 443 solum,
1640 374 1689 429 scd
1710 373 1740 427 in
1761 389 1838 446 aqua
1860 381 1889 430 ct

202 472 372 529 memoriam
402 487 500 526 eorum
526 470 609 542 (Psoi.
636 489 732 540 xxxin,
759 474 792 528 tt
815 473 928 545 etseq.)
950 495 964 523 a
990 477 1018 528 et
1068 474 1214 544 sanguine.
1236 475 1270 528 Et
1291 471 1410 543 Spiritus
1426 476 1468 526 est
1486 470 1537 543 qni
1555 469 1732 539 testificatur,
1748 468 1886 541 quoniam

201 566 288 637 paulo
317 568 382 637 post
408 582 415 620 z
446 585 460 615 o
488 564 640 620 interficiet
670 566 792 637 impium
825 567 955 634 malitia,
990 571 1019 622 et
1066 566 1193 623 Christus
1209 568 1251 621 ost
1269 565 1381 632 veritos,
1404 564 1541 636 quoniam
1564 569 1621 618 tres
1642 567 1710 618 sunt
1732 562 1784 635 qui
1806 563 1886 617 testi-

201 659 328 715 odientes
354 658 465 729 justum
499 657 690 730 culpabuntur
717 659 806 730 (ibid,
837 661 890 730 ιι).
921 680 935 710 ιι
962 661 1018 714 Nos
1067 660 1198 715 monium
1217 661 1295 729 dant,
1317 657 1442 731 spiritus,
1460 657 1586 727 sanguis,
1602 661 1630 713 ει
1644 674 1728 728 aqrra,
1744 661 1773 711 et
1787 654 1818 710 bi
1832 659 1888 710 tres

201 768 366 824 quanquam
390 753 479 808 mults
497 751 641 823 patiamur
659 770 675 807 a
694 753 807 821 talibus,
834 775 848 803 o
863 752 1018 825 Diligamus
1067 769 1158 809 unum
1173 758 1247 809 sunt.
1259 754 1287 809 Si
1297 752 1494 808 testimonium
1508 750 1655 805 hominum
1671 749 1838 821 accipimus,
1849 752 1889 803 te-

202 862 266 914 nos,
284 845 450 914 charissimi,
473 845 605 916 invicem,
626 845 764 918 quoniam
779 846 899 901 charitas
913 863 946 902 ex
961 849 1018 902 [leo
1067 847 1234 902 stimonium
1250 847 1300 901 ttei
1320 847 1413 917 majus
1435 851 1487 911 cst,
1509 844 1577 918 qaria
1599 843 1764 900 testificatus
1786 848 1831 898 est
1855 843 1888 898 de

203 944 254 994 est.
271 959 284 988 a
296 940 331 993 lit
352 939 445 994 omnis
468 938 517 1012 qui
537 938 649 1012 diligit,
672 956 707 996 ex
730 940 788 995 Deo
808 944 893 995 natus
915 943 967 1007 est,
991 945 1019 995 et
1068 941 1136 996 Filio
1150 957 1212 996 suo.
1228 940 1282 1004 Oui
1304 940 1394 995 credit
1414 940 1443 993 in
1468 938 1569 993 Filium
1584 936 1642 1007 Dei,
1657 936 1886 992 habettestimo·

202 1032 349 1105 cognoscit
365 1033 463 1088 Deum.
485 1032 539 1096 Qui
556 1049 615 1088 non
635 1033 739 1105 diligit,
754 1050 813 1089 non
827 1034 1017 1103 novitlleum,
1068 1036 1150 1092 nium
1164 1035 1216 1090 Dei
1238 1035 1268 1089 in
1288 1051 1327 1090 sc.
1350 1034 1405 1098 Qui
1428 1050 1484 1087 non
1508 1031 1597 1087 credit
1619 1030 1700 1101 Filio,
1717 1030 1887 1085 mendacem

203 1127 271 1199 quia
291 1129 365 1182 heus
386 1126 509 1182 charitas
536 1130 588 1182 est.
612 1128 642 1182 ln
663 1127 718 1183 hoc
741 1128 874 1199 apparuit
896 1127 1018 1183 charitas
1068 1129 1220 1198 faciteam,
1232 1128 1281 1200 qui
1294 1144 1352 1184 non
1364 1124 1775 1196 creditintestimonio,quod
1789 1124 1885 1180 testiti-

143 1261 148 1268 -
202 1207 255 1276 llei
266 1219 296 1275 in
309 1219 400 1288 nobis,
415 1220 550 1292 quoniam
561 1219 663 1275 Filium
673 1237 757 1277 suum
769 1221 952 1294 unigenitum
964 1222 1017 1278 mi·
1069 1228 1149 1279 catus
1165 1226 1208 1278 cst
1222 1223 1257 1277 dc
1268 1221 1337 1276 Filio
1348 1238 1399 1276 suo
1413 1221 1495 1275 Deus.
1510 1222 1544 1276 Et
1555 1220 1610 1275 hoc
1621 1217 1824 1274 testimonium
1837 1221 1885 1285 est,

204 1315 239 1370 sit
251 1315 322 1370 [leus
334 1314 365 1368 in
378 1314 520 1370 mundum
533 1317 565 1368 ut
575 1315 703 1370 vivamus
715 1331 767 1387 per
777 1319 898 1372 eumin
912 1317 966 1372 hoc
977 1318 1021 1370 est
1069 1318 1204 1389 quoniam
1218 1317 1305 1372 vitam
1320 1319 1457 1371 aeternam
1479 1314 1557 1369 dedit
1570 1313 1651 1368 nohis
1673 1313 1760 1368 Deus.
1783 1312 1885 1367 Ethec

204 1407 335 1475 charitas,
351 1424 408 1463 non
422 1407 505 1479 quasi
519 1424 572 1464 nos
585 1408 766 1465 dilexerimus
778 1411 879 1478 Deum,
891 1410 942 1466 sed
952 1426 1020 1482 quo-
1069 1411 1126 1467 vita
1146 1411 1176 1466 in
1197 1411 1258 1482 ojus
1282 1410 1362 1464 Filio.
1387 1408 1443 1473 Qni
1457 1408 1543 1463 habet
1563 1407 1665 1462 Filium
1687 1405 1778 1461 habet
1790 1404 1884 1474 vitam,

204 1502 284 1557 niam
303 1501 363 1572 ipse
376 1500 476 1556 dilexit
490 1504 552 1570 nos,
573 1507 600 1558 et
620 1502 698 1558 misit
710 1502 813 1559 Filium
826 1520 908 1560 suum
922 1504 1019 1576 propi·
1070 1506 1120 1577 qui
1134 1504 1296 1560 nonhabet
1316 1502 1420 1557 Filium
1441 1501 1491 1557 liei
1516 1517 1573 1556 nou
1594 1500 1683 1556 habet
1704 1499 1805 1555 vitam.
1827 1500 1885 1553 Hac

203 1594 351 1651 tiationem
364 1611 416 1666 pro
430 1596 552 1667 peccatis
574 1597 687 1652 nostris.
711 1597 886 1667 charissimi,
905 1598 1021 1655 sibeos
1070 1599 1162 1655 scriho
1185 1598 1274 1665 vobis,
1299 1599 1331 1651 ut
1352 1595 1454 1663 sciatis,
1479 1594 1616 1666 quoniam
1638 1592 1725 1648 vitam
1749 1591 1886 1647 habebitis

206 1687 303 1745 dilexit
326 1704 387 1756 nos,
411 1691 441 1743 et
464 1706 516 1745 nos
541 1689 680 1746 debemus
701 1692 871 1750 alterutrum
890 1692 1019 1764 dffigere.
1070 1697 1217 1760 aeternam,
1233 1689 1282 1762 qui
1296 1689 1453 1744 creditisin
1466 1687 1581 1743 nomine
1589 1687 1650 1742 Filii
1660 1685 1720 1742 liei.
1734 1687 1771 1741 Et
1780 1685 1841 1740 hacc
1849 1689 1886 1739 est

205 1783 295 1839 Deum
312 1797 397 1838 uento
413 1781 484 1839 vidit
501 1800 639 1856 unquam.
663 1784 691 1841 Si
712 1784 865 1857 diligamus
887 1763 1183 1855 invicem,Btiducie,
1199 1801 1287 1856 quam
1307 1783 1448 1838 habemus
1467 1782 1504 1837 ad
1525 1797 1602 1851 cum,
1618 1781 1685 1852 quia
1699 1779 1886 1851 quodcunque

204 1877 280 1932 Deus
291 1876 321 1932 in
334 1875 417 1932 nobis
438 1879 548 1948 manet,
564 1882 593 1933 et
605 1879 728 1934 charitas
741 1879 801 1950 ejus
815 1879 845 1935 in
858 1879 939 1936 nobis
956 1896 1020 1952 per·
1070 1878 1234 1953 petierimus
1244 1877 1404 1933 secundnm
1415 1876 1592 1932 voluntatem
1602 1875 1664 1945 ejus
1674 1873 1776 1928 audiet
1785 1889 1845 1928 nos.
1856 1872 1887 1926 Et

204 1969 340 2026 fectaest.
354 1971 385 2024 ln
399 1970 453 2025 hoc
466 1970 661 2042 intelligimus,
678 1971 813 2043 quoniam
828 1972 858 2028 in
872 1989 905 2028 eo
919 1989 1021 2029 mane·
1072 1975 1176 2030 scimus
1195 1972 1260 2044 qnia
1281 1971 1362 2026 audit
1384 1986 1437 2025 nos
1460 1968 1599 2041 quidquid
1622 1966 1803 2040 petierimus.
1830 1964 1886 2020 Sci·

204 2079 269 2121 mus
282 2067 310 2120 et
323 2064 383 2136 ipse
401 2064 432 2119 in
451 2064 543 2131 nohis,
557 2065 696 2137 quoniam
709 2064 744 2121 de
758 2066 866 2139 Spiritu
880 2084 931 2123 suo
945 2066 1023 2123 dedit
1070 2085 1135 2125 mus
1149 2066 1283 2140 quoniam
1298 2064 1436 2120 habemus
1451 2062 1601 2134 petitiones
1621 2077 1693 2133 quas
1713 2060 1887 2132 postulamus

206 2156 297 2224 nobis,
313 2159 342 2211 et
352 2172 405 2211 nos
421 2156 553 2225 vidimus,
570 2160 599 2212 et
610 2158 807 2229 testificamur,
822 2161 957 2232 quoniam
969 2161 1020 2215 Pa·
1071 2163 1107 2217 ab
1132 2178 1176 2218 eo.
1207 2160 1262 2224 Qui
1276 2158 1327 2213 scit
1351 2158 1468 2213 tratrem
1493 2173 1577 2226 suum
1602 2170 1720 2227 peccare
1743 2156 1886 2225 peccabam

205 2255 249 2306 ter
262 2249 338 2305 misit
350 2249 453 2305 Filium
472 2265 556 2305 suum
577 2251 744 2308 salvatorem
757 2253 869 2309 mundi.
890 2253 1023 2325 Quisquis
1071 2271 1130 2310 non
1157 2255 1192 2309 ad
1219 2255 1353 2319 mortem,
1381 2253 1460 2323 ρειει
1489 2256 1518 2305 ει
1548 2249 1661 2304 dabitur
1687 2247 1713 2302 ei
1737 2247 1798 2302 tite
1824 2262 1887 2318 pec·

207 2342 352 2397 confessus
365 2341 452 2398 fuerit
472 2342 609 2414 quonimn
631 2345 710 2400 lesus
722 2348 765 2400 εει
779 2345 864 2401 Filius
877 2345 936 2416 Dei,
948 2347 1023 2402 Deus
1073 2349 1150 2404 canti
1173 2365 1228 2402 non
1251 2346 1287 2401 ud
1306 2350 1441 2402 mortem.
1458 2345 1506 2399 Est
1525 2345 1672 2414 peccatum
1696 2340 1735 2397 ad
1757 2344 1886 2407 mortem,

205 2435 237 2492 in
249 2451 283 2491 eo
294 2441 393 2491 manet
403 2440 431 2492 et
439 2435 501 2508 ipse
513 2435 543 2491 iu
554 2438 623 2493 Deo.
635 2439 669 2493 lit
679 2454 729 2494 nos
742 2438 912 2510 agnovimus
922 2443 951 2495 et
959 2456 1022 2494 cre·
1073 2458 1132 2498 non
1156 2458 1208 2513 pro
1233 2440 1281 2495 illo
1305 2438 1368 2494 dico
1390 2442 1421 2492 ut
1441 2442 1524 2508 roget
1544 2435 1616 2507 quis.
1640 2434 1738 2492 Omnis
1760 2432 1888 2505 iniquitas

208 2529 303 2586 dimus
324 2529 447 2600 veritati,
470 2547 556 2603 quam
576 2530 665 2587 habet
684 2532 758 2589 Deus
781 2532 811 2588 in
835 2533 927 2588 nobis.
950 2535 1023 2589 Deus
1073 2538 1220 2609 peccatum
1244 2539 1296 2603 est,
1327 2538 1354 2588 et
1381 2534 1425 2588 est
1446 2534 1594 2602 paccatum
1616 2529 1652 2584 ad
1678 2530 1814 2583 mortem.
1836 2524 1887 2581 Sci·

206 2623 392 2693 charitasest,
406 2628 435 2681 et
449 2624 794 2697 quimanetincharitate
808 2627 837 2682 in
849 2628 1021 2697 beomensi,
1073 2647 1145 2698 mus,
1169 2628 1237 2700 quia
1258 2626 1352 2683 omnis
1372 2626 1421 2697 qui
1446 2626 1530 2680 natus
1553 2627 1596 2680 est
1616 2639 1650 2677 ex
1673 2622 1731 2677 Deo
1753 2637 1814 2677 non
1828 2635 1887 2692 pec·

207 2722 235 2774 et
245 2719 318 2775 Dens
328 2717 358 2773 in
368 2734 412 2775 eo.
426 2720 459 2775 ln
472 2719 526 2774 hoc
536 2720 664 2792 perfecta
674 2720 850 2778 estcharitas
861 2720 1022 2792 nobiscum,
1074 2727 1128 2792 cat,
1149 2722 1200 2778 sed
1222 2720 1367 2794 generatio
1382 2719 1433 2774 Ilei
1448 2719 1594 2774 conservat
1606 2732 1685 2786 eum,
1701 2720 1733 2771 et
1751 2714 1888 2785 malignus

207 2816 239 2868 ιιι
255 2810 388 2867 fiduciam
407 2812 564 2869 habeamus
577 2813 608 2869 in
622 2814 667 2869 die
677 2814 789 2886 judicii,
804 2815 873 2887 quie
891 2814 962 2870 sicut
974 2814 1023 2870 tlte
1075 2817 1230 2888 nontangil
1240 2832 1316 2871 eum.
1327 2813 1435 2870 Scimus
1445 2812 1521 2867 enim
1530 2810 1667 2883 quoniam
1676 2810 1776 2865 exllco
1785 2823 1887 2875 sumus,

207 2909 260 2977 est,
276 2907 306 2960 et
322 2921 375 2960 nos
396 2921 496 2961 sumus
509 2907 540 2962 iu
553 2907 607 2963 hoc
621 2907 739 2964 mundo.
755 2907 852 2964 timor
866 2924 923 2963 non
938 2914 981 2964 εει
994 2908 1024 2963 in
1074 2916 1104 2967 et
1117 2910 1242 2966 mundas
1263 2912 1340 2965 totus
1362 2908 1391 2962 in
1412 2907 1540 2979 maligno
1554 2904 1662 2976 positus
1677 2907 1730 2959 cst.
1745 2905 1780 2959 lit
1792 2902 1888 2958 scimm

208 2999 357 3067 charitate,
365 2999 415 3055 sed
423 2999 549 3073 perfecta
557 3001 682 3058 charitas
691 3002 766 3058 iores
775 3001 864 3059 mittit
879 3002 1022 3071 timorem,
1074 3004 1211 3078 quoniam
1228 3003 1313 3058 Filius
1326 3003 1375 3057 llei
1388 3001 1475 3069 venit,
1491 3004 1520 3055 ct
1532 2998 1609 3056 dedit
1624 2997 1706 3053 nobis
1720 3013 1849 3064 sensum,
1862 2998 1889 3050 ut

207 3095 275 3167 quia
289 3093 376 3149 timor
387 3110 504 3167 poenam
517 3095 614 3152 habet.
625 3096 679 3161 Qui
691 3099 787 3154 autern
803 3097 896 3165 timet,
911 3113 970 3153 non
982 3099 1062 3212 estC
1074 3114 1278 3171 cognoscamus
1291 3099 1380 3151 ileum
1400 3110 1509 3163 verum,
1534 3097 1563 3149 et
1584 3091 1674 3147 simus
1692 3091 1725 3147 in
1746 3107 1817 3146 vero
1829 3088 1889 3146 Filio

207 3188 350 3262 perlectus
371 3187 401 3243 iu
423 3188 569 3245 charitate.
592 3191 648 3245 Nos
668 3207 736 3262 ergo
757 3190 910 3263 diligamus
924 3193 1023 3262 Deum,
1075 3194 1146 3265 ejus,
1161 3192 1206 3247 hic
1221 3194 1264 3246 est
1275 3207 1359 3246 verus
1374 3191 1456 3256 heus,
1473 3193 1502 3243 et
1522 3186 1580 3241 vita
1599 3187 1746 3254 aeternali
1761 3188 1844 3241 loon.
1857 3198 1889 3253 n,

209 3280 343 3356 quoniam
366 3283 443 3338 Deus
472 3282 551 3355 prior
574 3282 673 3340 dilexit
694 3301 757 3340 nos.
779 3285 807 3341 Si
828 3285 890 3356 quis
912 3284 1024 3352 dixerit,
1074 3291 1147 3356 7-21,
1162 3302 1189 3355 v,
1206 3289 1217 3341 ι
1236 3283 1350 3354 etseqt.
1364 3285 1483 3355 Propter
1497 3281 1574 3336 mala
1594 3294 1644 3335 sua
1662 3278 1749 3334 multi
1766 3280 1890 3350 ρειειιιεε

209 3375 346 3451 quoniam
372 3375 460 3449 diligo
483 3377 585 3447 Deum,
611 3380 640 3433 ει
663 3378 781 3434 fratrem
809 3394 893 3433 suum
920 3378 1024 3448 oderit,
1075 3379 1203 3454 oppressi
1213 3381 1279 3435 sunt
1289 3378 1381 3448 valde,
1392 3381 1421 3433 et
1434 3375 1552 3449 gloriosi
1560 3372 1657 3430 traditi
1670 3375 1741 3429 sunt
1752 3372 1785 3428 in
1795 3382 1891 3428 manat

208 3472 330 3528 mendax
348 3474 399 3526 εει.
419 3470 473 3536 Qui
496 3473 592 3527 eutem
614 3488 672 3527 non
692 3470 785 3543 diligit
804 3472 922 3528 fratrem
940 3489 1025 3528 suum
1077 3476 1245 3531 alterorum.
1259 3471 1422 3527 Benedictio
1436 3473 1532 3526 antem
1547 3467 1596 3525 [lei
1609 3467 1640 3522 in
1651 3465 1820 3523 mercedem
1831 3462 1890 3538 just

209 3581 297 3638 quem
309 3563 396 3633 videt,
409 3564 499 3620 Deum
511 3565 652 3638 quomodo
665 3567 759 3639 potest
772 3565 913 3638 diligeret
928 3568 961 3622 Et
971 3568 1026 3622 hoc
1075 3569 1193 3625 festinat
1201 3571 1232 3623 ει
1244 3568 1275 3623 in
1287 3567 1397 3622 honore
1408 3564 1478 3621 boni
1487 3578 1637 3637 processus
1649 3561 1727 3617 illius
1735 3559 1888 3616 fruetificat·

209 3657 380 3716 mandatum
401 3659 489 3714 alteo
511 3658 659 3732 habemns,
681 3662 714 3715 ut
734 3658 783 3731 qui
805 3659 899 3732 diligit
920 3661 1024 3730 llenm,
1077 3663 1232 3721 Beatusvir
1246 3661 1297 3733 qui
1317 3676 1377 3716 non
1392 3661 1435 3715 est
1449 3659 1545 3730 lapsus
1559 3656 1645 3712 verbo
1667 3671 1705 3711 ex
1728 3670 1781 3711 ore
1795 3654 1889 3722 suaet

210 3751 312 3826 diligat
326 3757 355 3809 et
365 3752 486 3809 fratrem
499 3769 593 3809 snum.
609 3752 708 3810 Omnis
722 3752 772 3827 qui
784 3753 873 3811 credit
890 3754 1027 3826 quoniam
1076 3774 1135 3813 non
1153 3760 1195 3813 εει
1213 3755 1373 3811 stimulatus
1387 3753 1419 3808 in
1437 3751 1554 3808 tristitia
1570 3749 1678 3807 delicti.
1698 3749 1816 3821 Scitote,
1830 3746 1886 3803 citt·

208 3847 289 3905 lesus
298 3849 342 3903 est
354 3845 492 3916 Christus,
505 3863 541 3902 ex
554 3847 612 3903 lico
628 3851 721 3918 natus,
733 3852 762 3904 et
770 3847 864 3903 omnis
872 3847 923 3920 qui
936 3847 1028 3919 diligit
1077 3850 1191 3920 tissimi,
1204 3866 1256 3922 pro
1270 3865 1303 3904 aa
1315 3848 1417 3920 pietate
1431 3861 1496 3920 quae
1507 3844 1586 3901 robis
1599 3843 1651 3900 net
1664 3841 1886 3915 fammnmpen

211 3940 451 4014 eumquigeuuit,
460 3940 555 4013 diligit
564 3957 630 3996 eum
639 3941 830 4013 quinatusest
838 3957 872 3997 ex
881 3958 924 3997 eo.
933 3942 964 3996 ln
975 3941 1028 3996 hoc
1078 3944 1175 4000 denda
1188 3947 1242 4012 est,
1259 3957 1359 3998 omnes
1373 3940 1570 4014 suggestiones
1591 3942 1700 3994 vestras
1722 3936 1792 3994 fidei
1806 3934 1885 3993 atto
1927 3998 1931 4009 ,

210 4034 398 4107 cognovimus
407 4033 545 4106 quioniam
554 4034 697 4106 diligimus
707 4035 929 4105 natosbei,cum
938 4034 1028 4090 Deum
1077 4038 1139 4093 lica
1158 4038 1332 4110 profuturas,
1356 4052 1404 4091 me
1428 4034 1584 4107 dignanter
1596 4031 1763 4104 suscepisse,
1780 4035 1813 4113 ut
1827 4029 1884 4102 ipo
1926 4094 1931 4099 ,

212 4127 377 4199 diligamus,
390 4128 418 4182 et
434 4125 570 4181 mandata
583 4127 644 4198 ejus
657 4127 802 4185 faciamus.
817 4129 883 4184 Haec
895 4131 938 4185 est
951 4129 1029 4184 cuim
1077 4149 1143 4188 rum
1166 4147 1281 4204 quoque
1303 4146 1399 4202 opera,
1418 4134 1447 4186 et
1460 4145 1519 4202 pax
1535 4127 1696 4184 Christiana
1717 4121 1884 4198 reparari&

213 4223 336 4281 charitas
348 4222 397 4280 Ilei
411 4226 445 4278 ut
459 4222 594 4279 mandata
607 4224 670 4296 ejus
683 4225 885 4282 custodiamus.
901 4226 935 4281 Et
948 4243 1030 4282 man·
1079 4246 1158 4287 error
1177 4228 1266 4302 ipsius
1278 4229 1365 4301 possit
1385 4227 1501 4284 aboleri.
1515 4227 1550 4283 ttt
1564 4226 1588 4281 si
1601 4223 1728 4297 amptius
1745 4223 1782 4279 de
1797 4218 1882 4277 utttu

213 4317 279 4375 data
293 4317 355 4390 ejus
371 4316 469 4390 gravia
481 4334 541 4373 non
553 4322 629 4387 sunt,
649 4319 717 4392 quia
738 4336 823 4375 omne
838 4320 917 4393 quod
929 4325 1029 4377 uatum
1079 4329 1129 4380 aut
1142 4324 1187 4380 his
1201 4322 1339 4378 similibus
1355 4321 1462 4394 aliquid
1479 4320 1565 4376 fuerit
1585 4317 1813 4383 deliberandum,
1826 4311 1880 4369 cele

214 4416 257 4472 εει
269 4428 305 4468 ex
317 4414 383 4482 Deo,
396 4411 486 4467 vincit
494 4411 646 4469 mundum.
660 4415 695 4470 Et
705 4415 767 4470 haec
782 4419 826 4470 εει
839 4415 1029 4488 victoriaque
1079 4419 1150 4474 riter
1157 4418 1194 4474 ad
1204 4434 1255 4473 nos
1265 4416 1364 4471 relatio
1373 4415 1524 4488 dirigatur,
1534 4417 1567 4470 ut
1579 4415 1752 4487 pertractata
1761 4405 1878 4483 qualihil

213 4507 302 4565 vincit
322 4506 463 4563 mundum
484 4506 554 4562 fides
576 4509 683 4564 nostra.
708 4508 778 4573 Quis
803 4512 845 4565 εει
868 4510 919 4582 qui
943 4509 1183 4586 vincichorum
1194 4515 1292 4568 nostra
1305 4510 1373 4583 quid
1386 4509 1529 4565 observari
1539 4507 1642 4564 debeat
1653 4504 1814 4562 sollicitudo
1828 4510 1877 4556 cot·

214 4602 355 4659 mundum
371 4600 426 4657 nisi
449 4600 498 4674 qui
520 4601 621 4672 credit,
636 4602 772 4675 quonimn
792 4604 873 4660 lesus
887 4608 930 4660 εει
944 4604 1031 4661 Filius
1080 4608 1188 4664 stituat.
1203 4607 1273 4661 Dete
1285 4604 1383 4661 villal.
1394 4606 1513 4675 August.
1528 4603 1684 4660 Constante
1699 4615 1778 4656 cons.

215 4695 284 4753 llei‘l
296 4695 347 4752 llic
359 4695 462 4768 estqui
474 4695 553 4753 venit
571 4711 623 4768 per
636 4713 742 4770 aquam
757 4701 785 4755 et
800 4698 968 4772 sanguinem
982 4701 1030 4757 le·

607 4917 820 4991 EPISTOLA
842 4919 1012 4992 EUSEBII
1034 4920 1165 4993 PAPAE
1188 4921 1248 4991 An
1271 4914 1511 4991 AEGYPTIOS.

252 5081 385 5140 Eusrnms
404 5080 541 5137 Romanae
554 5083 583 5137 et
595 5080 759 5155 apostolicae
780 5081 909 5163 licclesire
924 5082 1032 5156 episco·
1083 5099 1215 5157 pressura
1235 5084 1302 5137 sunt
1321 5096 1373 5152 par
1393 5077 1620 5136 exhortationem
1643 5090 1700 5146 qua
1718 5070 1882 5163 arnasano

218 5195 272 5253 pus
289 5175 477 5234 dilectissimis
490 5175 522 5230 in
535 5175 674 5232 charitate
690 5176 794 5233 Christi
806 5177 951 5233 unanimis
965 5178 1034 5233 cha·
1083 5177 1163 5251 ipsia
1173 5179 1229 5234 Deo
1240 5192 1247 5232 ι
1259 5175 1394 5249 (ριειιίειιι
1406 5173 1478 5230 siant
1486 5170 1633 5228 abundant
1641 5166 1790 5241 passiones
1797 5156 1883 5218 Chritt

217 5272 309 5330 ritatis
325 5271 435 5344 glutino
455 5270 599 5341 connexis,
614 5270 748 5326 tratribus
766 5287 817 5344 per
836 5270 1035 5327 Alexandriam
1084 5272 1113 5327 in
1127 5270 1219 5339 nobis,
1233 5270 1274 5325 ita
1287 5273 1317 5325 ει
1330 5284 1384 5342 ρει
1395 5267 1538 5325 Christum
1550 5256 1887 5320 abundateonsolattono

218 5371 248 5425 et
261 5368 415 5439 AEgyptum
426 5363 547 5421 Domino
562 5363 762 5434 militantibus,
780 5369 809 5421 et
824 5368 932 5421 rectam
947 5365 1035 5421 tidem
1084 5368 1151 5420 stra.
1165 5364 1228 5421 Sive
1243 5367 1339 5420 antem
1352 5361 1523 5418 tribulemur
1533 5374 1585 5431 pro
1599 5358 1694 5413 restra
1705 5347 1889 5410 exhortationt

219 5460 383 5520 tenentibus
396 5459 425 5515 in
439 5457 560 5515 Domino
573 5459 703 5514 salutem.
1085 5461 1115 5514 et
1129 5458 1229 5528 salute,
1244 5457 1301 5514 sive
1315 5458 1500 5515 exhortamur
1521 5469 1573 5527 pro
1587 5455 1684 5507 vestre
1701 5442 1891 5505 exhortatiout

257 5578 271 5608 ιι
292 5554 462 5612 Benedictus
476 5553 549 5609 Deus
572 5556 601 5607 et
621 5554 705 5608 Patcr
724 5551 839 5607 Domini
859 5551 950 5607 nostri
970 5554 1036 5610 lesu
1085 5558 1114 5610 et
1139 5555 1240 5619 salute,
1271 5569 1335 5625 quae
1365 5554 1500 5624 operatur
1525 5544 1709 5604 tolerantiam
1735 5536 1894 5598 earumdem

219 5649 333 5718 Christi,
352 5651 435 5705 Pater
447 5643 719 5715 misericordiarum,
733 5647 763 5702 et
777 5646 851 5701 [leus
862 5646 949 5703 totius
966 5663 1034 5705 con·
1084 5647 1249 5720 passionum
1261 5663 1331 5720 quas
1345 5649 1373 5702 ει
1384 5662 1438 5702 nos
1448 5642 1584 5717 patimur,
1597 5644 1630 5697 et
1636 5654 1702 5712 spes
1711 5638 1812 5693 nostra
1821 5632 1897 5689 firm

212 5743 366 5797 solutionis
383 5742 433 5814 qui
451 5742 616 5798 consolatur
632 5755 685 5796 nos
702 5739 732 5796 in
751 5740 831 5797 omni
850 5741 1035 5799 tribulatione
1085 5747 1129 5798 est
1143 5760 1193 5814 pro
1207 5741 1284 5797 vohis
1301 5740 1432 5809 scientes,
1452 5737 1589 5811 quoniam
1610 5734 1684 5790 sicut
1704 5729 1775 5789 socii
1795 5723 1898 5807 passio·

189 5833 305 5895 ΜΝ,
320 5836 358 5886 ut
365 5834 517 5901 poeumos
529 5839 561 5892 ει
571 5834 630 5911 ipsi
638 5834 783 5897 consolari
796 5852 846 5896 eos
855 5836 906 5915 qui
914 5836 946 5897 in
955 5836 1038 5897 omni
1084 5852 1158 5897 uum
1180 5836 1256 5906 estis,
1277 5836 1317 5893 sic
1338 5834 1417 5892 eritis
1439 5837 1467 5892 et
1489 5826 1694 5890 consolationis
1709 5825 1749 5901 (Π
1765 5824 1828 5887 θεν.
1841 5840 1861 5897 ι,
1875 5822 1900 5893 2.
