3870 6150
141 245 189 300 79l
586 241 727 298 meana.
748 241 792 297 ΑΙ)
810 241 889 296 SAEC.
911 239 955 294 lx.
967 266 1001 277 -
1020 237 1142 294 lslboltl
1161 233 1374 292 MERCATORIS
1781 229 1830 281 7⁹2

140 367 201 406 esse
218 349 339 405 turbata.
360 344 482 403 Debetur
507 348 584 402 enim
601 348 655 403 hoc
673 352 774 404 restrae
796 347 955 419 specialiter
965 357 995 431 Α
1001 344 1118 416 justitiae
1129 346 1157 398 et
1165 341 1373 398 benevolentia
1382 354 1539 411 congruere
1548 336 1674 392 arbitror
1685 335 1830 390 conliden-

141 443 250 516 gloriae,
267 446 297 498 at
309 441 409 497 ablatis
423 442 555 498 omnibus
569 441 709 498 scandalis
723 458 788 514 quae
800 447 900 496 contra
915 458 961 497 ca·
1008 434 1404 509 terinsinuem,qaocelerias
1413 431 1605 505 quapropitio
1614 429 1730 486 Christo
1742 429 1831 500 pieta·

139 536 273 594 tholicam
287 535 374 591 fidem
388 535 520 591 inimicas
533 535 716 604 excitaverat,
732 552 788 591 nna
798 535 960 607 eademqne
1007 532 1044 588 tis
1056 536 1157 588 restrae
1179 529 1273 585 stadio
1289 527 1568 600 irreprehensibilem
1586 525 1731 579 hactenus
1752 525 1829 593 gesta

140 631 178 686 sit
189 646 241 702 per
253 632 345 685 totam
356 629 496 684 mnndum
510 630 651 685 confessio
665 629 802 699 veritatis,
816 645 880 701 qaae
894 629 961 684 fari·
1009 628 1075 681 sunt
1097 624 1135 679 ad
1156 623 1357 696 gratulandam
1378 621 1571 693 perducantur
1587 617 1734 674 effectam.
1750 615 1829 680 Quod

138 723 194 780 lias
220 722 382 795 certiusque
408 723 588 795 reparabitur
603 723 627 778 si
649 739 802 795 pravorum
823 739 959 778 sensuam
1009 736 1078 791 ergo
1099 718 1240 790 synodum
1264 715 1525 772 chalcedonensem
1552 711 1651 767 haberi
1681 708 1829 765 clementia

140 812 219 866 nulla
232 812 350 882 semina,
371 811 450 867 nulla
459 811 577 883 vestigia
588 813 799 884 relinquantur.
816 811 900 877 Quod
914 816 958 867 ta·
1008 817 1103 868 restra
1129 811 1265 884 praecepit
1288 827 1352 866 cum
1377 825 1395 864 a
1417 825 1464 863 me
1486 811 1517 861 ut
1535 806 1565 861 in
1583 805 1665 862 ltalia
1678 803 1829 858 haberetur

139 921 208 960 men
224 921 354 960 mearam
368 905 493 977 partiam
506 908 559 973 cst,
578 906 726 978 praeterire
738 921 797 960 non
814 906 913 975 debeo,
929 911 961 961 at
1010 905 1200 961 mansuetudo
1222 909 1314 959 restra
1330 903 1453 958 retineat
1474 901 1666 972 postulatam,
1685 903 1719 952 at
1734 912 1828 951 omnes

141 999 248 1054 scilicet
260 999 327 1071 qaid
342 999 378 1055 do
391 999 590 1055 incarnatione
600 999 662 1053 Filii
674 999 722 1055 Ilei
735 1017 752 1054 a
765 1000 960 1055 Constantino·
1010 1005 1173 1057 nostrarum
1188 997 1312 1070 partium
1328 994 1472 1051 convocati
1486 993 1639 1059 antistites,
1655 991 1681 1045 si
1696 990 1827 1046 securitas

139 1092 269 1165 politano
291 1092 424 1164 episcopo
452 1098 582 1148 teneatur
607 1109 779 1165 agnoscam,
802 1093 960 1166 praesertim
1009 1092 1149 1165 temporis
1170 1094 1334 1163 suppeteret
1356 1089 1549 1155 convenirent,
1565 1087 1636 1141 adeo
1662 1088 1827 1139 tamennon

140 1201 207 1240 oum
225 1184 254 1240 in
269 1185 448 1241 ordinatione
463 1185 552 1256 ipsias
566 1186 637 1242 dara
651 1185 859 1258 precesserint,
880 1187 959 1241 talia·
1010 1190 1196 1258 aspernanter
1216 1183 1321 1255 accepi,
1338 1186 1370 1238 at
1379 1183 1463 1238 binos
1477 1182 1512 1237 de
1524 1178 1709 1251 coepiscopis
1723 1177 1791 1232 meis
1802 1181 1827 1232 et

140 1295 197 1350 qne
218 1278 254 1334 ad
275 1295 327 1334 nos
348 1278 479 1334 debuerit
502 1278 604 1351 scripta
628 1279 751 1352 dirigere
771 1295 835 1350 qaae
850 1279 961 1335 illuma
1010 1278 1247 1353 compresbyteris
1256 1277 1430 1343 ordinarem,
1445 1274 1492 1348 qai
1505 1275 1595 1330 ricem
1608 1271 1827 1343 meamimplere

139 1371 310 1445 contagione
322 1372 407 1444 hnjas
419 1372 466 1444 qai
480 1389 572 1444 nuper
585 1373 704 1428 emersit
717 1372 822 1428 erroris
835 1373 961 1428 alienam
1011 1373 1182 1442 sufficerent,
1193 1371 1268 1428 datis
1276 1371 1310 1425 ad
1321 1368 1511 1425 venerabilem
1522 1366 1669 1438 synodum
1677 1381 1827 1437 congruen-

142 1464 290 1521 evidenter
308 1466 501 1521 ostenderent.
519 1466 624 1538 Optans
643 1466 739 1538 itaque
752 1482 880 1522 securam
896 1483 961 1522 cam
1011 1467 1086 1522 tibus
1100 1465 1212 1538 scriptis
1226 1464 1331 1536 quibas
1347 1463 1511 1518 fraternitas
1525 1460 1667 1516 advocata
1679 1474 1825 1530 cognosce·

141 1558 490 1630 eohabereconcordiam,
499 1559 963 1633 gratiamqneillifraternaechari·
1011 1565 1055 1616 ret
1072 1576 1160 1632 quam
1174 1560 1297 1615 formam
1311 1573 1424 1613 servare
1433 1556 1463 1610 in
1472 1556 1523 1610 hac
1533 1553 1744 1624 dijudicatione
1755 1552 1827 1607 debe
1853 1613 1857 1625 γ

141 1653 209 1707 ιειίε
228 1653 406 1725 impendere,
429 1652 551 1709 scribere
564 1653 590 1708 ei
603 1653 718 1708 interim
735 1653 833 1709 distuli
849 1670 906 1709 aon
918 1653 959 1709 di·
1011 1657 1064 1723 ret,
1080 1670 1116 1708 ne
1129 1653 1188 1709 nlla
1200 1651 1346 1707 temeritas
1359 1649 1484 1706 nat-fidei
1495 1647 1612 1720 regalis,
1628 1650 1683 1701 aut
1695 1662 1826 1701 canonum

141 1745 294 1802 lectionem
317 1761 436 1818 negans,
456 1746 506 1801 sod
532 1745 792 1802 manifestationem
814 1732 1134 1818 catholicaeBstatutis,
1157 1749 1208 1800 aut
1230 1743 1416 1816 benignitatis
1437 1741 1573 1798 remediis
1592 1739 1737 1795 obviaret.
1760 1739 1828 1794 Sient

140 1839 266 1896 venatis
282 1842 459 1912 exspectans.
472 1840 599 1912 Simplex
612 1840 687 1896 enim
701 1843 839 1912 astatque
848 1840 959 1896 absola-
1009 1841 1088 1898 enim
1101 1858 1117 1896 a
1130 1838 1271 1912 principio
1280 1838 1367 1909 bajas
1376 1833 1714 1906 causaefreqaentissime
1724 1831 1826 1904 scripsi,

140 1936 213 2002 tum,
238 1933 316 2007 quod
330 1950 424 2005 posco,
442 1937 482 2005 at,
500 1937 610 1990 remoto
629 1935 780 2006 longarum
793 1934 961 2006 disputatio·
1010 1934 1082 1990 hanc
1094 1934 1170 1989 inter
1185 1931 1330 1986 discordes
1347 1946 1445 1986 sensas
1457 1929 1623 1984 etcarnales
1640 1926 1826 1982 aemulationes

139 2043 211 2083 num
230 2025 339 2098 labore,
362 2032 467 2083 sancta
486 2028 635 2083 memorie
657 2028 753 2101 cyrilli
775 2027 960 2084 Alexandrini
1010 2027 1237 2084 moderationem
1247 2025 1325 2080 volui
1337 2023 1483 2091 custodiri,
1496 2024 1526 2078 at
1540 2019 1706 2092 integritati
1720 2020 1826 2091 quidem

140 2119 266 2194 episcopi
285 2120 413 2192 epistolae
425 2138 513 2194 qaam
531 2121 591 2193 ipse
610 2121 646 2176 ad
658 2121 818 2178 Nestorium
832 2121 960 2189 miserat,
1010 2121 1076 2177 fidei
1089 2121 1162 2176 nihil
1177 2118 1270 2186 evelli,
1293 2117 1364 2173 nihil
1387 2118 1488 2172 liceret
1501 2114 1620 2188 apponi,
1637 2114 1676 2169 ad
1696 2113 1827 2168 unitatem

142 2212 311 2285 acquiescat,
321 2213 352 2270 in
363 2230 420 2287 qua
428 2219 457 2270 et
463 2230 591 2269 errorem
601 2214 721 2270 Nestorii
734 2214 829 2287 arguit
837 2215 961 2271 etfrdem
1010 2232 1078 2271 vero
1099 2229 1257 2286 pacemque
1277 2211 1463 2267 redeuntibus
1477 2209 1643 2265 remedium
1656 2208 1751 2263 veniae
1763 2223 1827 2280 pne·

141 2306 263 2362 Nicaeum
285 2306 459 2363 definitionis
473 2307 613 2380 exposuit,
631 2312 659 2363 at
673 2308 800 2380 epistola
810 2325 881 2365 meae
898 2326 962 2381 quae
1011 2311 1142 2365 staretur.
1167 2307 1239 2372 Quia
1263 2309 1331 2360 tuuc
1358 2320 1478 2377 operam
1503 2302 1608 2358 diaboli
1630 2302 1769 2374 potentie
1785 2301 1825 2356 de·

141 2399 176 2456 ad
196 2404 300 2455 sanctae
320 2401 524 2457 recordationis
540 2401 704 2457 Flavianum
727 2400 895 2475 episcopam
918 2408 961 2458 est
1011 2405 1169 2468 struantur,
1189 2417 1255 2456 cam
1276 2399 1311 2454 ad
1331 2399 1382 2454 Dei
1402 2403 1430 2454 et
1442 2397 1566 2470 proximi
1579 2395 1769 2452 dilectionem
1783 2396 1824 2450 ho-

141 2492 262 2564 dirccta,
275 2495 446 2552 consentiat.
457 2495 565 2561 Quibus
574 2495 728 2569 vigilanter
736 2495 879 2568 inspectis,
892 2497 962 2552 Con·
1011 2496 1122 2551 minam
1140 2495 1227 2551 corda
1240 2496 1421 2551 revocantur.
1440 2490 1495 2546 Sed
1507 2507 1594 2563 qaam
1606 2490 1756 2545 contraria
1768 2493 1826 2543 tanc

141 2588 408 2660 stantinopolitauas
432 2589 550 2646 antistes
579 2589 790 2663 repudiandum
811 2589 863 2644 sihi
884 2590 961 2661 qaod
1012 2589 1055 2645 his
1077 2589 1193 2644 monitis
1218 2593 1304 2658 atqua
1329 2584 1576 2668 observationibus
1603 2584 1680 2639 meis
1704 2590 1766 2638 acts
1779 2582 1826 2638 sint

139 2697 209 2736 ausa
223 2686 265 2737 εει
277 2687 378 2738 contra
391 2699 493 2754 param
509 2687 538 2738 et
549 2682 962 2755 singularemfidemimperita
1012 2676 1136 2739 multam
1158 2685 1201 2737 cst
1221 2681 1378 2754 explicare3
1395 2695 1449 2734 nec
1467 2695 1538 2750 opas
1558 2680 1601 2733 est
1619 2677 1769 2749 epistolari
1784 2692 1825 2748 pa-

138 2773 303 2845 insipientia
316 2774 446 2846 definire,
460 2775 660 2832 incunctanter
670 2779 823 2848 agnoscat;
845 2776 913 2848 quia
934 2782 964 2834 et
1013 2778 1079 2849 gina
1091 2774 1306 2847 comprehendi,
1328 2773 1404 2846 qaod
1417 2773 1447 2828 in
1461 2773 1509 2828 illo
1522 2771 1669 2844 Ephesino
1686 2787 1747 2826 non
1758 2770 1824 2841 judi·

139 2882 206 2922 mea
219 2870 248 2922 et
261 2872 423 2924 sanctornm
437 2870 554 2925 Petram
577 2868 613 2925 de
632 2869 826 2926 incarnatione
850 2870 962 2926 Domini
1012 2871 1066 2939 cio,
1090 2871 1140 2924 sed
1161 2868 1310 2924 latrocinio
1335 2866 1428 2939 potuit
1447 2865 1621 2939 perpetrari.
1645 2863 1685 2921 lbi
1699 2865 1826 2936 primates

141 2976 260 3016 consors
274 2965 303 3017 ct
315 2977 367 3033 per
381 2962 476 3017 omnia
494 2965 524 3017 et
534 2978 591 3017 una
604 2962 743 3018 confessio
759 2966 813 3019 cst.
834 2964 926 3028 Quam
939 2964 962 3019 si
1013 2963 1114 3036 synodi
1133 2978 1186 3018 nec
1205 2961 1403 3017 resistentibus
1417 2960 1470 3014 sibi
1492 2958 1629 3014 fratribus
1650 2975 1705 3013 uec
1719 2973 1824 3013 consen·

141 3052 205 3125 quis
218 3053 403 3109 aestimaverit
416 3071 473 3110 non
484 3056 670 3127 sequendam,
681 3056 742 3130 ipse
755 3073 785 3111 sc
795 3075 811 3112 a
823 3074 961 3130 compage
1011 3056 1147 3113 tientibas
1160 3058 1369 3128 praeceperant,
1384 3070 1450 3109 cam
1460 3052 1496 3108 ad
1510 3052 1730 3124 infringendam
1739 3052 1825 3107 ratho-

141 3146 290 3202 catholicae
313 3148 438 3204 veritatis
459 3149 615 3219 abscindet,
630 3166 695 3205 cam
709 3155 805 3206 tamen
820 3168 872 3206 nos
888 3154 919 3205 ut
930 3152 960 3207 in
971 3102 999 3178 C
1011 3152 1097 3207 licam
1108 3150 1194 3206 fidem
1225 3154 1254 3204 et
1271 3149 1307 3204 ad
1330 3147 1533 3204 exsecrabilem
1550 3147 1688 3202 haeresim
1702 3147 1826 3202 roboran-

140 3240 287 3314 integrum
310 3241 407 3298 omnia
426 3248 594 3299 revocentur
614 3249 755 3316 optemus.
770 3245 813 3300 nd
828 3245 960 3300 allectam
1012 3246 1078 3300 dam
1097 3244 1167 3298 alios
1181 3243 1332 3316 privilegio
1347 3242 1464 3298 honoris
1477 3240 1622 3307 exuerint,
1637 3240 1708 3295 alios
1720 3255 1823 3296 consor·

138 3349 207 3390 vero
220 3334 376 3391 salubrium
391 3335 608 3409 dispositionum
623 3338 744 3392 velocius
760 3337 959 3406 obtinendam,
1009 3339 1048 3394 tio
1070 3337 1224 3410 impictatis
1244 3337 1407 3401 infecerint,
1429 3334 1557 3390 saeviores
1572 3335 1705 3405 profecto
1720 3334 1750 3389 in
1773 3349 1821 3399 eos,

140 3427 244 3484 fratres
258 3433 287 3484 et
298 3429 482 3501 coepiscopos
496 3447 576 3486 meos
588 3431 753 3487 abundium
767 3435 797 3486 ει
807 3431 958 3500 Asterium,
1011 3449 1081 3504 quos
1099 3429 1298 3504 persuadendo
1316 3430 1352 3484 ab
1371 3427 1534 3485 innocentia
1549 3428 1734 3499 separabant,
1749 3443 1822 3500 qaam

139 3521 190 3577 sed
203 3525 232 3577 et
243 3522 381 3579 Basiliam
391 3527 420 3578 et
429 3525 594 3581 senatorem
608 3525 788 3598 presbyteros
800 3525 961 3597 probatissi-
1011 3526 1041 3580 in
1055 3525 1127 3593 illos,
1144 3541 1215 3597 quos
1228 3524 1328 3579 beatos
1344 3523 1521 3579 confessores
1533 3522 1737 3594 persequendo
1750 3521 1820 3577 facie·

141 3631 204 3670 mos
215 3616 291 3672 viros
305 3617 381 3685 misi,
396 3618 446 3691 qai
460 3617 620 3674 elementia
638 3623 739 3674 vestrae
753 3619 878 3675 formam
893 3619 962 3674 fidei
1010 3620 1089 3674 bant.
1105 3621 1306 3673 Verumtamen
1319 3616 1388 3689 qaia
1403 3616 1471 3671 tales
1489 3615 1542 3670 sibi
1563 3615 1694 3671 maxime
1709 3632 1760 3671 saa
1777 3613 1819 3671 ini·

140 3709 300 3765 secundam
312 3710 471 3767 doctrinam
482 3711 690 3768 venerabilium
698 3714 814 3768 l‘atram
827 3713 961 3785 praedica·
1011 3713 1118 3785 qaitate
1133 3713 1303 3780 nocuerant,
1320 3714 1348 3765 et
1362 3709 1520 3781 majoribus
1533 3709 1705 3765 vulneribus
1718 3709 1820 3780 diligen·

140 3820 214 3875 mus,
228 3803 357 3875 offerent,
371 3810 399 3861 et
408 3807 524 3862 remotis
534 3806 841 3874 circumlocutionibus,
856 3807 960 3880 quibus
1010 3807 1067 3861 tior
1081 3811 1124 3860 est
1137 3804 1299 3860 adhibenda
1311 3802 1464 3871 medicina,
1480 3802 1566 3857 nullis
1580 3819 1714 3874 unquam
1730 3803 1818 3875 episto-

141 3897 285 3954 obscarari
297 3899 402 3954 veritas
411 3899 491 3967 solet,
507 3899 576 3972 qaid
587 3900 622 3955 de
633 3899 828 3956 incarnatione
839 3901 901 3956 Filii
910 3900 960 3956 Dei
1009 3899 1046 3954 lis
1059 3899 1174 3955 deliniri
1189 3898 1278 3954 etiam
1294 3897 1397 3953 talibus
1409 3897 1432 3951 si
1445 3895 1647 3968 resipiscerent
1655 3897 1768 3952 venmru
1782 3896 1817 3951 de·

141 4009 158 4046 a
177 3992 263 4048 totius
283 3992 359 4047 orbis
377 3993 504 4064 probatis
519 3993 712 4050 sacerdotibus
724 3994 873 4050 defensum
888 3994 958 4049 fais·
1009 3992 1182 4066 negandam.
1203 3993 1238 4047 Et
1256 3990 1384 4063 quamvis
1400 3989 1680 4046 incommutabiliter
1695 3989 1815 4046 inimicis·

139 4087 192 4152 set,
205 4085 396 4141 ostenderent.
412 4087 487 4151 Quos
501 4092 566 4158 post
578 4087 703 4143 divinam
719 4089 840 4160 gratiam
862 4091 960 4143 sancto
1010 4088 1110 4141 simam
1123 4086 1289 4142 Christiana
1299 4084 1432 4157 religioni
1444 4084 1580 4139 haeresim
1590 4084 1779 4152 detestemur,
1787 4083 1816 4152 ip

139 4180 242 4232 restrae
256 4178 372 4250 pictatis
389 4180 495 4235 auxilio
514 4180 641 4252 dignum
664 4185 707 4236 est
719 4181 856 4253 adjuvari,
879 4197 915 4237 ne
930 4181 959 4235 in
1010 4198 1056 4236 sos
1069 4184 1165 4235 tamen
1188 4180 1211 4234 si
1232 4179 1423 4250 corrigantur,
1451 4182 1480 4232 et
1494 4177 1582 4249 digua
1595 4194 1627 4233 se
1641 4178 1813 4234 satisfactione

120 4269 229 4325 ·totias
251 4270 384 4326 Ecclesiae
406 4272 653 4342 perturbationem
673 4274 839 4346 imprudens
854 4290 958 4345 praeca-
1009 4273 1170 4346 purificent,
1185 4274 1221 4328 ab
1234 4272 1371 4328 ineffabili
1381 4271 1580 4327 misericordia
1594 4273 1647 4332 liei
1657 4290 1718 4329 non
1727 4271 1813 4345 judica

141 4362 189 4417 dat
201 4363 355 4430 contentio,
368 4380 435 4419 cam
444 4366 619 4421 correctione
630 4366 755 4421 adhibita
767 4383 867 4422 omnes
878 4384 960 4439 opor·
1010 4385 1073 4423 mas
1087 4367 1205 4435 alienos,
1225 4366 1275 4421 sed
1288 4367 1384 4438 potius
1403 4382 1469 4420 cam
1482 4366 1666 4436 gementibus
1680 4366 1812 4439 geminas,

138 4461 197 4512 teat
222 4457 252 4512 in
280 4457 364 4512 unias
383 4459 567 4514 confessionis
593 4459 686 4515 redire
712 4461 893 4516 concordiam
915 4479 921 4515 :
942 4473 1076 4547 aDcum
1090 4460 1226 4515 flentibus
1243 4460 1354 4528 flemus,
1367 4463 1396 4514 et
1408 4459 1447 4514 sic
1461 4459 1570 4514 utimar
1577 4459 1693 4532 justitia
1705 4472 1811 4517 comno-

138 4567 194 4622 qaa
218 4551 242 4607 si
262 4551 380 4607 forsitan
407 4552 442 4607 ab
466 4552 609 4624 aliquibus
631 4553 820 4627 discrepatur,
844 4554 957 4610 univer·
1009 4555 1103 4623 tiouis,
1124 4558 1156 4608 ut
1177 4571 1234 4608 nou
1250 4553 1415 4609 amittamus
1433 4553 1561 4609 remedia
1574 4554 1731 4609 charitatis.
1749 4546 1810 4618 Quod

139 4645 195 4700 sala
221 4646 372 4701 concilium
404 4646 586 4703 sacerdotum
620 4648 719 4704 haberi
748 4649 823 4704 intra
851 4649 958 4705 ltaliam
1010 4649 1082 4704 sicut
1095 4647 1185 4719 pietas
1198 4653 1291 4702 restra
1303 4647 1447 4718 cognoscit
1458 4664 1518 4703 non
1532 4647 1626 4703 verbis
1638 4648 1705 4704 solis
1717 4643 1811 4720 promit·

140 4738 292 4795 elementia
313 4744 407 4795 vestra
424 4747 569 4797 annuente
586 4742 722 4813 jubeatur
732 4761 740 4812 ;
769 4759 825 4814 quo
852 4747 960 4798 remota
1010 4743 1089 4809 titur,
1099 4741 1151 4796 sed
1162 4741 1247 4797 etiam
1263 4742 1345 4796 factis
1357 4741 1482 4797 docetur.
1490 4741 1640 4814 Siquidem
1650 4757 1724 4815 pene
1732 4750 1811 4797 omncs

139 4834 200 4887 arte
220 4832 351 4902 fallendi,
379 4836 496 4890 tandem
518 4840 612 4908 pateat
629 4837 699 4909 qaid
715 4836 816 4892 altiore
837 4839 960 4892 tractata
1010 4835 1059 4908 qai
1089 4835 1119 4890 in
1157 4851 1328 4889 consensum
1368 4835 1584 4907 praesidentium
1622 4840 1673 4891 aut
1712 4827 1810 4890 traducti

140 4930 190 4981 aat
205 4926 329 4981 coerceri
342 4926 454 4996 debeat,
476 4933 524 4984 aut
539 4929 644 4985 sanari.
669 4931 735 4985 [lata
751 4929 960 4987 tertiodecimo
1009 4931 1133 4997 fuerant,
1153 4933 1202 4984 aut
1221 4929 1310 4984 coacti
1332 4928 1501 4996 resistendo,
1520 4929 1598 5000 qaod
1617 4933 1753 4986 statatum
1766 4928 1810 4982 sae·
1835 4944 1839 4958 ,

140 5019 278 5074 Kalendas
305 5021 440 5092 augusti,
478 5022 674 5079 Valentiniano
706 5025 835 5097 Augusto
863 5025 907 5080 Vll
933 5028 961 5078 et
1011 5027 1055 5079 rat
1068 5023 1103 5078 ab
1117 5023 1184 5092 illis,
1201 5028 1229 5077 at
1243 5022 1461 5078 condemnando
1479 5023 1557 5095 quod
1572 5023 1749 5094 scripserant
1764 5032 1810 5092 per·

139 5117 248 5169 Amano
272 5113 338 5168 viris
361 5114 523 5171 clarissimis
547 5118 722 5188 consulibus,
752 5135 808 5174 rara
829 5135 886 5190 qua
913 5135 958 5173 su·
1011 5121 1127 5190 petuam
1146 5116 1238 5188 calpae
1251 5116 1436 5172 abolitionem
1456 5121 1484 5170 et
1501 5117 1811 5189 apostolicaepacisgn·

141 5224 202 5279 pra.
1010 5212 1081 5265 tiam
1095 5215 1162 5266 sant
1179 5210 1284 5282 adepti.
1302 5210 1329 5266 Si
1342 5227 1410 5281 ergo
1429 5210 1580 5265 clementia
1603 5215 1696 5266 restra
1709 5204 1812 5282 proposi

141 5322 236 5397 195
250 5325 339 5381 xpm,
364 5357 397 5364 ,,
416 5326 564 5384 1),ch
577 5330 710 5397 mm„
726 5345 776 5400 pe,
795 5329 961 5383 Theosgcum
1012 5309 1072 5359 tam
1087 5308 1217 5360 nostram
1230 5304 1415 5359 considerare
1432 5304 1578 5375 dignetur,
1597 5305 1729 5375 probabit
1750 5303 1775 5358 in
1789 5311 1813 5350 ιθ

440 5401 660 5466 inopistre'nnum.
1011 5398 1130 5454 concilio
1152 5403 1253 5453 cancta
1272 5397 1400 5470 gessisse,
1421 5403 1453 5454 ut
1469 5397 1531 5452 siue
1545 5397 1718 5470 cujusquam
1731 5397 1812 5452 anina

177 5489 959 5564 Religiosamclementiasvestraesollicitudinem‚qaam
1013 5492 1187 5548 detrimento
1225 5492 1373 5546 lraaresaeos
1414 5495 1524 5547 tantum
1567 5491 1748 5549 obtineretur
1779 5501 1812 5540 et·

139 5583 286 5640 ealholicoc
308 5585 376 5640 fidei
398 5586 594 5642 indesinenter
613 5585 780 5659 impenditis
800 5586 962 5657 peremnia
1011 5585 1136 5653 stinctio,
1164 5588 1193 5639 et
1217 5586 1252 5640 ab
1280 5585 1334 5640 hoc
1361 5585 1434 5640 circa
1456 5590 1587 5642 auctores
1615 5585 1814 5641 saevissimorum

140 5693 328 5747 recognosco,
355 5683 384 5734 et
402 5681 459 5735 lleo
479 5682 586 5752 gratias
600 5696 665 5752 ago,
679 5680 754 5752 qaod
772 5682 882 5735 tantam
896 5679 960 5734 uni·
1010 5679 1161 5734 turbinum
1185 5678 1322 5752 quiddam
1344 5679 1557 5735 consuetudinis
1577 5679 1726 5747 minuisse,
1751 5668 1813 5732 atad

136 5769 252 5826 aversans
267 5772 401 5830 Ecclesiae
417 5790 517 5831 caram
536 5773 644 5832 hahere
664 5790 711 5831 ros
732 5773 825 5847 video,
844 5774 962 5850 atqaod
1013 5773 1222 5850 indulgentiam
1259 5772 1460 5847 postulandam
1491 5775 1718 5853 companctione
1740 5770 1814 5844 aliqu
