3870 6150
51 273 101 329 {05
667 272 904 329 DECRETALthl
920 272 1113 329 collectio.
1679 276 1728 331 loo

47 385 94 436 tur
113 374 281 444 Salvatoris,
298 376 338 435 ita
357 374 485 433 moribus
505 381 534 433 et
549 377 763 435 conversatione
781 383 867 452 atque
877 392 907 466 Α
952 380 1008 453 lpsi
1024 380 1101 436 enim
1120 379 1170 452 qui
1188 379 1303 452 pmprio
1323 395 1372 437 ore
1389 396 1492 454 corpus
1511 379 1622 437 Domini
1639 383 1728 438 conli-

49 472 199 530 sanctitate
224 469 331 527 debent
355 485 415 527 esse
439 469 573 527 distincti.
590 472 643 526 lies
662 487 732 544 ergo
756 477 866 545 septem
916 472 1005 543 ciunt,
1019 474 1055 528 ab
1070 471 1204 530 omnibns
1215 477 1281 541 sunt
1293 473 1442 531 obediendi
1456 478 1542 548 atque
1554 474 1684 544 timendi,
1700 479 1731 532 et

49 563 864 637 hebdomadasomnesclerieiacarneetdeliciisjejunent,
915 548 974 623 non
995 567 1164 624 dilacerandi
1184 571 1233 623 aut
1254 567 1432 638 detrahendi,
1453 568 1521 641 quia
1540 584 1557 623 a
1577 568 1679 641 quibus
1699 585 1730 627 se

49 663 76 716 et
92 657 222 731 hymnis,
243 663 271 715 et
289 657 404 730 vigiliis,
428 661 516 729 atque
536 656 723 727 orationibus,
745 659 865 716 Domino
916 660 1029 717 Domini
1047 659 1172 733 populus
1191 659 1332 731 benedici,
1351 660 1451 716 salvari
1471 666 1500 717 et
1516 661 1618 720 instrui
1637 661 1728 735 cupit,

48 753 192 810 inherere
205 751 253 808 die
271 753 415 824 noctuque
430 751 571 807 studeant.
585 752 670 807 Nocte
685 768 752 807 vero
770 758 867 809 sancta
915 754 1078 811 nullatenus
1092 754 1177 811 debet
1194 770 1242 811 eos
1254 769 1384 826 arguere,
1399 770 1453 810 nec
1465 755 1568 826 vulgus
1581 753 1611 811 in
1628 770 1729 812 eorum

47 845 202 904 maritatis
224 844 342 902 Domini
365 843 515 901 salvatoris
536 843 638 900 missas
660 845 815 915 celebrent,
838 849 867 902 et
915 847 1093 905 accusatione
1112 846 1224 921 suscipi.
1243 848 1366 920 Populus
1382 847 1459 903 enim
1478 847 1514 904 ab
1528 847 1569 904 eis
1584 849 1729 907 docendus

46 941 189 1013 hymnum
197 937 448 1012 angelicumineis
457 937 622 994 solemniter
630 938 867 1012 decantentquo
916 946 969 1012 est,
989 945 1018 997 et
1036 940 1233 1014 corripiendus
1250 958 1307 997 non
1324 940 1378 1014 ipsi
1399 940 1435 997 ab
1457 956 1501 1010 eo,
1522 940 1666 1013 quianon
1687 946 1730 1000 est

46 1035 120 1091 niam
132 1037 166 1090 et
178 1034 211 1089 in
221 1032 324 1106 eadem
335 1036 417 1088 noem
427 1032 463 1088 ab
472 1031 576 1104 angelo
584 1032 743 1105 pastoribus
751 1033 864 1090 nuntia-
916 1033 1071 1108 discipulus
1083 1050 1170 1106 super
1186 1035 1369 1108 magistrum.
1385 1033 1554 1091 Nullomodo
1573 1036 1661 1108 igitur
1673 1037 1727 1091 Do·

47 1133 88 1184 tus
100 1132 155 1198 est,
175 1126 252 1182 sicut
265 1125 328 1198 ipsa
340 1124 450 1181 Veritas
464 1129 592 1196 testatur,
607 1126 702 1182 dicens
719 1142 725 1181 :
742 1148 756 1176 «ι
769 1128 865 1183 Pasto·
915 1127 985 1183 mini
1000 1115 1146 1200 pontifices
1159 1129 1187 1182 et
1203 1127 1305 1199 reliqui
1319 1127 1480 1184 sacerdotes
1495 1127 1598 1200 quibus
1616 1128 1730 1185 Domini

47 1221 229 1277 reserantia
242 1217 360 1292 regione
369 1219 468 1275 eadem
475 1218 625 1292 vigilantes
635 1223 665 1275 et
677 1219 866 1276 custodientes
915 1220 1065 1278 commissa
1078 1224 1120 1276 est
1131 1220 1221 1294 plebs,
1235 1221 1288 1277 rite
1296 1221 1436 1294 populum
1448 1225 1567 1295 possrmt
1577 1221 1728 1295 corrigere,

46 1314 152 1385 vigilias
164 1314 261 1370 noctis
274 1329 361 1386 supra
376 1325 493 1385 gregem
508 1328 602 1368 sirum.
620 1313 655 1368 lit
668 1329 732 1369 ecce
747 1313 866 1385 angelus
915 1316 938 1372 si
952 1316 1128 1390 deceptionis
1140 1331 1170 1372 se
1182 1315 1366 1390 cognoverint
1377 1315 1480 1388 laqueo
1498 1314 1637 1371 infestari.
1650 1316 1731 1372 Unde

48 1408 156 1466 Domini
166 1407 249 1464 stetit
257 1407 341 1479 juxta
352 1406 416 1461 illos
427 1408 457 1461 et
467 1406 626 1462 timuerrmt
635 1406 736 1463 timore
747 1423 865 1480 magno,
913 1410 1023 1482 justum
1042 1413 1086 1465 est
1106 1425 1204 1466 omnes
1218 1408 1249 1465 in
1267 1409 1398 1465 universo
1413 1409 1482 1466 orbe
1498 1409 1629 1464 doctores
1646 1408 1730 1482 legis,

49 1504 74 1559 et
83 1501 158 1558 dixit
170 1501 230 1557 illis
243 1501 362 1573 angelus
374 1498 482 1556 :Nolite
495 1500 609 1568 timere,
622 1516 685 1556 ecce
698 1499 775 1556 enim
786 1517 867 1557 evan-
916 1520 950 1560 ea
970 1520 1034 1576 quae
1051 1504 1124 1576 legis
1148 1506 1215 1559 sunt
1236 1519 1333 1577 sapere
1354 1506 1383 1559 et
1405 1519 1465 1558 non
1488 1502 1649 1559 sacerdotes
1673 1504 1730 1559 Do·

52 1595 134 1668 getico
151 1594 239 1650 vobis
256 1593 392 1667 gaudium
409 1609 550 1666 magnum
564 1594 640 1666 quod
659 1593 714 1649 erit
727 1595 806 1650 omni
819 1612 867 1667 po
916 1597 988 1653 mini
1008 1597 1091 1653 labiis
1111 1597 1179 1666 suis,
1200 1600 1251 1652 aut
1274 1595 1446 1669 quibuslibet
1469 1595 1731 1652 machinationibus

52 1689 121 1762 pulo,
136 1687 210 1761 qnia
227 1691 314 1743 natus
335 1691 378 1744 est
396 1686 474 1742 robis
493 1687 580 1743 hodie
597 1686 736 1759 Salvator,
756 1688 804 1760 qui
825 1694 868 1745 est
916 1692 1071 1760 maculare,
1087 1691 1155 1746 dum
1176 1691 1253 1764 ipsos
1271 1690 1425 1762 disponunt
1439 1694 1489 1746 aut
1503 1689 1621 1762 cupiunt
1637 1705 1732 1746 macu-

55 1783 174 1839 thiistus
191 1780 347 1851 Dominus,
365 1781 397 1836 in
415 1780 529 1837 civitate
548 1781 645 1837 David.
661 1783 695 1837 lit
714 1782 769 1838 hoc
785 1776 989 1853 robisBlare,
1016 1784 1109 1857 potius
1136 1784 1241 1856 seipsos
1269 1784 1412 1839 maculant
1435 1789 1464 1840 et
1490 1783 1651 1839 vulnerant.
1680 1782 1731 1838 Dei

56 1875 160 1948 signum
175 1891 184 1932 z
199 1873 352 1931 invenietis
369 1874 509 1931 infantem
528 1875 630 1947 pannis
648 1874 821 1945 involutum,
838 1879 867 1933 ct
916 1895 985 1951 ergo
1006 1881 1117 1934 accuset
1133 1877 1344 1933 ordinationem
1358 1876 1409 1948 qui
1423 1893 1471 1932 eos
1488 1876 1537 1949 qui
1555 1876 1591 1932 ab
1610 1893 1645 1933 eo
1663 1892 1729 1932 con·

10 2036 12 2043 Ι
57 1968 216 2042 positumin
230 1967 387 2041 praesepi03
402 1967 536 2024 etsubito
549 1968 679 2025 lactaest
695 1985 761 2025 cum
775 1986 865 2043 ange·
916 1973 1081 2041 stituuntur,
1100 1970 1262 2027 sacerdotes
1279 1971 1404 2033 accusat,
1421 1971 1449 2024 et
1463 1969 1594 2024 damnem
1612 1968 1731 2041 cupita

56 2059 368 2118 lismultihrdomilities
378 2060 697 2129 coeleshs‚laudantium
711 2063 866 2121 Dominum
915 2066 1019 2138 quibus
1041 2081 1071 2121 se
1091 2067 1190 2121 omn'es
1211 2061 1310 2118 lideles
1331 2077 1429 2118 cavere
1449 2062 1563 2131 debent,
1583 2061 1651 2134 quia
1670 2078 1730 2121 nou

10 2140 15 2171 ²
55 2161 78 2211 ct
93 2154 271 2219 dicentium:
287 2153 384 2210 Gloria
400 2154 431 2209 in
448 2152 593 2210 altissimis
610 2155 677 2225 Deo,
693 2160 722 2212 et
740 2156 771 2211 in
790 2161 866 2212 terra
915 2160 1008 2215 solum
1020 2159 1070 2232 qui
1081 2158 1199 2228 faciunt,
1215 2156 1264 2212 sed
1275 2155 1361 2212 otiam
1373 2155 1423 2229 qui
1435 2155 1619 2212 consentiunt
1629 2154 1731 2214 tacien-

55 2265 98 2321 pax
119 2247 288 2307 homiuibus
306 2247 390 2304 honae
413 2247 564 2303 voluntatis
583 2249 658 2319 (Luc.
682 2265 718 2320 u,
739 2250 828 2320 D-lt).
849 2270 863 2299 s
914 2252 991 2308 tibus
1003 2251 1044 2307 rei
1057 2253 1134 2307 sunt.

10 2338 12 2343 ’
54 2343 187 2399 &terum
196 2340 866 2416 consideratimpiusjnstum,etquaeritutocci·
950 2344 1077 2401 Christus
1085 2345 1163 2401 enim
1174 2343 1223 2400 Dei
1236 2343 1323 2400 Filius
1337 2342 1474 2399 Dominus
1487 2344 1595 2412 noster,
1606 2342 1733 2400 humano

54 2435 93 2490 dat
114 2434 183 2509 24
206 2444 286 2495 cnm.
308 2433 447 2490 Dominus
465 2450 523 2489 non
546 2434 725 2507 derelinquet
745 2451 812 2492 eum
834 2435 865 2491 in
916 2439 1015 2510 generi
1038 2439 1158 2495 salutem
1177 2438 1341 2494 condonans
1362 2436 1489 2510 plenam,
1510 2437 1545 2493 de
1564 2436 1646 2493 nobis
1667 2436 1730 2492 ait:

51 2546 147 2585 manus
161 2529 238 2602 ejus,
253 2531 283 2585 et
299 2543 357 2583 non
371 2527 572 2584 condemnabit
589 2544 656 2584 eum
670 2544 737 2584 curn
751 2529 864 2600 judica·
916 2552 930 2585 «
950 2533 1003 2598 Qui
1017 2548 1065 2588 ros
1078 2531 1188 2603 recipit,
1202 2548 1248 2587 me
1263 2529 1375 2604 recipit,
1391 2530 1480 2603 etqui
1493 2529 1732 2602 vosspernit,me

48 2621 119 2679 bitur
131 2622 189 2677 illi
208 2623 348 2694 Exspecta
360 2621 511 2677 Dominum
529 2626 557 2677 et
576 2621 684 2678 custodi
700 2621 773 2678 viam
791 2623 863 2694 ejus,
915 2625 1024 2699 spernit
1038 2626 1144 2696 (Molli.
1161 2642 1188 2695 x,
1206 2625 1256 2692 403
1275 2626 1340 2680 luc.
1360 2640 1387 2694 x,
1405 2624 1457 2696 ιιι).
1473 2637 1495 2675 a·
1503 2622 1533 2680 Si
1549 2639 1619 2696 ergo
1637 2623 1731 2680 Domi·

47 2721 72 2773 et
87 2715 229 2774 exaltabit
244 2718 274 2771 te
290 2718 323 2771 ut
341 2715 482 2787 possideas
496 2718 614 2784 terram,
629 2731 694 2770 cum
708 2715 866 2773 interibunt
913 2735 969 2775 nus
986 2719 1016 2775 in
1034 2720 1073 2776 eis
1087 2718 1233 2791 recipitur,
1248 2723 1278 2774 et
1288 2717 1427 2790 rejicitur,
1440 2716 1624 2789 proculdubio
1641 2717 1732 2790 ipsius

44 2810 133 2883 impii,
152 2807 277 2865 ridebis.
296 2807 359 2864 Vidi
376 2807 497 2881 impium
516 2808 675 2879 robustum,
696 2812 724 2865 et
744 2809 863 2866 lortissi·
914 2816 981 2868 sunt
996 2811 1046 2885 qui
1058 2812 1088 2867 in
1103 2812 1144 2867 eis
1158 2811 1294 2883 rejicitur,
1307 2811 1353 2867 vel
1364 2809 1525 2882 suscipitur.
1534 2810 1568 2865 Et
1577 2813 1609 2865 tu
1616 2809 1680 2882 quis
1690 2825 1730 2879 es,

44 2920 132 2971 mum,
148 2903 227 2959 ment
241 2900 406 2974 indigenam
419 2902 570 2971 virentem,
586 2907 614 2958 et
625 2902 743 2958 transivi
756 2906 785 2960 et
798 2919 864 2959 ecce
914 2906 964 2979 qui
984 2904 1096 2977 jndices
1120 2920 1232 2961 servum
1256 2904 1401 2960 alienum?
1424 2902 1612 2959 Proculdnbio
1636 2906 1730 2958 hane·

45 3014 98 3052 ιιοιι
124 3000 201 3063 erat,
228 2999 259 3051 et
279 2994 397 3067 quaesivi
420 3011 497 3062 eum,
522 2999 551 3052 et
573 3011 631 3051 non
656 2999 700 3051 est
721 2996 862 3053 inventus.
915 3014 1056 3071 gressores
1071 2997 1143 3071 legis
1155 2996 1206 3053 Dei
1221 3001 1249 3053 et
1262 2997 1463 3070 apostolorum,
1476 2999 1561 3072 atque
1574 2997 1730 3071 propheta·

44 3089 161 3147 Custodi
174 3086 389 3161 simplicitatem
407 3091 436 3144 et
453 3088 517 3144 vide
535 3093 657 3160 rectum,
674 3089 741 3161 quia
762 3090 816 3146 erit
834 3089 864 3145 in
913 3109 990 3163 rum,
1004 3097 1033 3149 et
1043 3108 1103 3148 non
1118 3090 1210 3148 solum
1223 3091 1338 3162 harum,
1349 3091 1400 3146 sed
1415 3089 1502 3146 etiam
1513 3089 1611 3162 legum
1625 3089 1730 3146 huma·

44 3189 206 3240 exhemnm
227 3181 290 3237 viro
309 3197 364 3254 pax
371 3199 381 3253 3
406 3181 636 3254 prevaricatores
654 3186 751 3239 autem
771 3182 863 3239 inter·
873 3143 902 3220 C
913 3185 1224 3243 narumomnescnim
1233 3185 1380 3257 legestam
1389 3181 1490 3240 dianae
1501 3200 1588 3256 quam
1599 3185 1731 3241 humane

44 3276 123 3333 ibam
130 3275 256 3349 pariter,
265 3273 486 3331 stnorissimum
496 3274 650 3347 impiorum
660 3274 773 3348 peribit.
781 3274 864 3332 Salus
914 3279 1042 3335 ebenum
1054 3278 1308 3351 servumjndicere
1320 3276 1567 3352 prohibent.de
1581 3281 1663 3351 putas
1677 3278 1733 3335 erit

43 3373 137 3426 sutem
149 3369 301 3441 justorum
313 3383 332 3422 a
341 3367 472 3436 Domino,
485 3367 623 3424 fortitudo
635 3383 736 3424 eorum
746 3367 777 3424 in
788 3371 862 3425 tem·
913 3372 949 3428 de
960 3377 999 3443 te,
1014 3388 1079 3429 cum
1092 3376 1314 3445 transgressores
1328 3375 1358 3428 ct
1371 3371 1579 3428 conculcatores
1592 3370 1664 3444 legis
1681 3371 1730 3428 Dei

45 3479 109 3536 pore
126 3460 340 3530 tribulationis,
360 3464 389 3516 et
407 3459 589 3516 auxiliabitur
606 3460 647 3516 eis
664 3460 814 3531 Dominus,
835 3464 865 3518 et
914 3460 1142 3519 damnabuntur?
1165 3461 1293 3518 Proiecto
1320 3466 1349 3516 et
1378 3465 1410 3516 tu
1437 3459 1635 3529 damnaberis,
1661 3459 1731 3533 quia

44 3557 161 3612 alrabit
175 3571 230 3611 eos
248 3557 279 3609 et
293 3553 394 3626 eripiet
408 3570 456 3609 eos
472 3554 508 3609 ab
520 3553 616 3627 impiis
627 3556 656 3610 et
669 3553 787 3611 salvabit
801 3570 862 3623 eos,
912 3554 1095 3627 postposuisti
1108 3553 1277 3609 mandatum
1292 3553 1351 3621 Dei,
1365 3555 1395 3609 et
1407 3558 1486 3609 tuam
1504 3552 1666 3626 adimplesti
1678 3569 1729 3609 vo·

45 3651 106 3723 qaia
122 3651 316 3721 speraverunt
333 3646 364 3703 in
386 3663 472 3716 cum;
490 3652 519 3704 et
538 3646 624 3703 alibi:
640 3666 655 3700 ι
669 3647 743 3713 Quid
762 3646 864 3720 gloria·
911 3648 1061 3719 luntatem,
1072 3647 1207 3720 quonim
1221 3645 1296 3702 sicut
1307 3646 1388 3718 digni
1402 3648 1469 3702 sunt
1480 3646 1538 3702 rita
1552 3646 1602 3720 qai
1615 3647 1731 3704 manda·

44 3745 78 3799 iis
90 3743 122 3799 in
136 3739 249 3799 malitia
263 3741 384 3814 potens?
396 3739 585 3798 Misericordia
598 3740 647 3796 Dei
660 3742 721 3797 tota
739 3740 795 3797 die.
813 3743 861 3798 ln·
911 3745 974 3798 tum
986 3739 1036 3797 Dei
1050 3739 1207 3812 adimplent
1219 3742 1305 3811 atque
1323 3737 1496 3807 custodiunt,
1510 3739 1551 3794 ita
1562 3739 1605 3796 rei
1620 3742 1650 3796 et
1662 3756 1728 3812 per-

44 3836 125 3893 sidias
151 3835 291 3909 cogitavit
312 3833 412 3907 lingua
437 3838 485 3890 tua
511 3833 591 3906 quasi
616 3836 754 3891 novacula
780 3839 863 3891 acuta
913 3833 994 3907 digni
1015 3835 1082 3889 sunt
1099 3835 1202 3902 morte,
1216 3832 1266 3905 qni
1280 3847 1314 3887 ea
1334 3835 1511 3904 postponunt
1527 3834 1557 3886 et
1574 3832 1604 3887 in
1622 3847 1729 3888 vanum

44 3929 146 3986 iaciens
164 3929 278 3985 dolum.
296 3926 423 3983 Dilexisti
441 3926 580 3982 malitiam
593 3927 685 3999 magis
705 3943 792 4001 quiam
809 3927 862 3983 bo·
912 3928 1030 3985 ducunt.
1046 3929 1094 3984 Est
1109 3926 1187 3982 enim
1203 3925 1233 3981 in
1247 3923 1409 3998 apostolicis
1426 3923 1563 3996 scriptum
1579 3923 1725 3994 institutis,

46 4040 120 4092 anm,
138 4020 330 4079 mendacium
344 4019 439 4093 magis
457 4036 543 4092 quam
561 4020 800 4094 loquijustitiam.
814 4021 861 4078 Di·
911 4021 1028 4078 alterius
1045 4020 1133 4076 ritem
1153 4034 1238 4076 nemo
1256 4019 1372 4087 laceret,
1392 4017 1473 4074 etde
1491 4016 1568 4074 malo
1585 4016 1679 4074 alieno
1695 4035 1728 4074 os

45 4116 132 4172 texisti
148 4114 249 4172 omnia
265 4113 352 4170 verba
366 4113 404 4169 ad
422 4113 625 4183 devorandum,
638 4113 739 4187 lingua
753 4114 861 4183 dolosa,
911 4130 997 4172 suum
1014 4130 1073 4170 non
1090 4112 1264 4185 coinquinet.
1284 4114 1467 4168 accusatores
1484 4126 1550 4167 vero
1569 4113 1599 4168 et
1613 4127 1725 4167 accusa·

47 4211 88 4266 sed
107 4210 186 4266 Deus
209 4207 339 4263 destruet
357 4209 386 4263 te
406 4205 437 4262 in
456 4205 676 4280 sempiternum,
696 4207 813 4263 terrebit
834 4208 863 4262 et
910 4207 1184 4281 tiones,quasleges
1197 4206 1292 4262 saculi
1304 4221 1365 4261 non
1376 4202 1542 4275 admittunt,
1556 4207 1585 4262 et
1596 4221 1648 4260 nos
1660 4205 1726 4260 snb·

48 4303 144 4359 evellet
162 4306 192 4358 te
213 4300 249 4357 de
265 4300 448 4356 tabernaculo
467 4305 495 4356 et
513 4299 670 4356 eradicabit
685 4304 714 4356 te
733 4300 769 4356 de
786 4304 863 4355 terra
912 4316 1068 4372 movemus,
1085 4303 1114 4356 et
1127 4299 1283 4356 accusatori
1297 4297 1414 4355 omnino
1432 4313 1491 4354 non
1507 4297 1585 4354 credi
1598 4298 1725 4356 decerni·

47 4395 213 4464 virentium,
233 4395 262 4450 et
284 4392 420 4450 videbunt
433 4393 504 4465 justi
522 4398 551 4450 et
569 4393 712 4450 timebunt
729 4397 758 4449 et
777 4408 863 4465 super
911 4410 985 4464 mus,
1000 4393 1050 4467 qui
1065 4393 1182 4450 absente
1201 4391 1360 4449 adversario
1380 4407 1495 4447 cauum
1514 4392 1644 4465 suggerit
1660 4393 1727 4447 ante

46 4504 106 4545 sam
123 4487 271 4544 ridebunt.
285 4487 355 4543 Ecce
368 4486 412 4542 vir
424 4486 544 4559 quinon
557 4486 653 4560 posuit
665 4485 1061 4582 tortitudinemDutriusque
1081 4486 1168 4559 partis
1182 4485 1290 4558 justam
1312 4484 1527 4541 discussionem.
1549 4486 1607 4540 Nec
1627 4483 1658 4540 hi
1676 4484 1726 4556 qui

47 4599 121 4638 mam
140 4582 250 4652 Dauum
274 4580 323 4636 sed
347 4580 471 4653 speravit
492 4580 523 4636 in
546 4579 731 4637 multitudine
750 4579 861 4636 divitie·
910 4598 971 4639 non
988 4583 1056 4637 sunt
1076 4579 1173 4636 idonei
1192 4578 1381 4652 suscipiantur
1403 4577 1439 4633 ad
1456 4576 1679 4645 accusationem,
1698 4581 1727 4633 et

48 4691 106 4731 rum
123 4690 259 4744 suarum,
276 4672 452 4731 confortatus
469 4676 512 4730 est
529 4672 561 4729 in
582 4672 691 4729 insidiis
711 4672 779 4729 suis.
801 4675 861 4745 Ego
910 4673 1071 4747 omnesqui
1086 4673 1220 4729 adversus
1238 4675 1333 4745 patres
1352 4673 1510 4739 armantur,
1526 4669 1646 4727 inlames
1665 4685 1726 4726 esse

10 4762 16 4785 '
48 4772 138 4824 tutem
157 4767 234 4824 sicut
253 4767 328 4824 oliva
350 4766 443 4823 virens
461 4767 491 4823 in
511 4768 598 4823 domo
620 4767 679 4836 Dei,
699 4766 808 4840 sperari
831 4767 861 4823 in
911 4784 1070 4824 censemus.
1085 4768 1182 4833 Patres
1196 4765 1385 4822 enimomnes
1403 4762 1560 4820 venerandi
1574 4767 1650 4835 sunt,
1665 4779 1726 4820 non
1797 4770 1800 4775 '

48 4860 238 4918 uhericordm
253 4860 314 4929 Dei,
333 4861 362 4916 iu
382 4859 518 4917 saecnlnm
535 4859 608 4916 etin
623 4864 772 4917 aeternnm.
785 4860 860 4917 Con·
910 4858 1083 4934 respuendi,
1103 4862 1153 4915 aut
1176 4857 1339 4915 insidiandi.
1361 4859 1395 4913 Hi
1419 4874 1487 4915 vero
1508 4856 1558 4931 qui
1586 4873 1652 4913 cum
1673 4856 1727 4912 ini·

50 4952 142 5011 ittbor
159 4954 217 5011 tibi
231 4955 263 5010 in
282 4954 428 5023 seculum
445 4953 582 5027 quoniam
601 4953 693 5011 fecisti
712 4958 740 5010 et
760 4970 860 5026 exspc-
910 4953 991 5010 micis
1017 4956 1176 5024 morantur,
1201 4956 1251 5008 aut
1276 4950 1325 5024 qui
1349 4952 1471 5024 suspecti
1495 4950 1648 5021 habentur,
1674 4951 1727 5006 mi·

51 5048 123 5104 stabo
142 5063 253 5105 nomen
272 5051 367 5115 mum,
389 5047 527 5120 quoniam
546 5047 656 5105 bonum
676 5051 720 5103 est
739 5046 769 5102 in
792 5063 859 5103 con·
911 5044 1364 5119 nimerecipiantur,quiaeomm
1373 5044 1725 5102 emulatiolaceratetiam

53 5145 139 5213 speetu
162 5140 428 5198 misericordiarum
447 5145 572 5198 tuarum.
595 5161 610 5195 a
635 5140 760 5214 Reliquis
782 5140 861 5198 enim
910 5141 1086 5198 innocentes.
1109 5141 1188 5195 ilunc
1205 5155 1321 5194 murum
1347 5136 1543 5194 firmissimum
1566 5142 1727 5196 statuerunt

54 5234 219 5307 tmporihus
230 5233 385 5291 missarum
399 5233 602 5291 celebrationes
614 5238 681 5291 ante
693 5234 795 5290 horam
804 5233 861 5291 diei
910 5237 1007 5309 patres
1024 5233 1125 5301 nostri,
1144 5235 1173 5288 et
1190 5248 1241 5289 nos
1260 5247 1327 5287 cum
1349 5231 1390 5287 eis
1410 5233 1509 5288 contra
1530 5233 1725 5305 persecutores

55 5326 155 5384 tertiam
175 5326 302 5384 minime
320 5331 388 5383 sunt
409 5326 601 5397 celebrandae,
622 5327 692 5400 quia
710 5331 740 5384 et
760 5328 861 5400 eadem
909 5327 1033 5396 nostros,
1049 5327 1081 5379 ut
1093 5323 1146 5379 hoc
1162 5321 1292 5379 remedio
1307 5336 1409 5379 eorum
1422 5321 1564 5394 pellentur
1577 5319 1724 5378 machina·

56 5417 116 5477 hora
140 5420 284 5481 Dominus
309 5419 460 5478 mucilixus
481 5423 537 5489 est,
564 5425 593 5478 et
615 5436 701 5494 super
721 5421 861 5497 apostolos
909 5421 1019 5488 menta,
1031 5422 1060 5474 et
1073 5432 1123 5474 vos
1140 5416 1295 5473 securiores
1309 5418 1338 5472 et
1349 5414 1503 5472 sanctiores
1516 5413 1650 5470 famulari
1661 5428 1723 5467 me·

58 5509 163 5583 Spiritus
184 5517 303 5572 mamas
321 5511 497 5571 descendisse
518 5513 632 5587 legitur.
656 5513 699 5569 Ab
722 5513 861 5587 episcopis
909 5511 1034 5569 reamini
1050 5512 1143 5568 vestro
1162 5508 1310 5567 Salvatori.
1329 5510 1369 5566 De
1387 5508 1492 5565 talihru
1510 5506 1586 5563 enim
1605 5503 1722 5560 insidia-

58 5611 137 5664 utem
147 5609 229 5667 idem
244 5607 392 5682 angelicus
402 5606 528 5682 hymnus
545 5625 598 5682 pro
614 5612 744 5683 tempore
756 5610 785 5664 et
798 5609 861 5665 loco
909 5605 1018 5663 toribus
1036 5607 1065 5662 et
1078 5602 1287 5661 accusatoribus
1302 5619 1449 5660 servorum
1467 5614 1584 5657 suorum
1597 5595 1725 5670 loquitur

60 5695 249 5761 hmissarnm
273 5699 421 5760 solemniis
442 5701 627 5760 celebrandus
649 5706 692 5761 est
709 5706 794 5777 etque
811 5718 859 5759 so·
908 5698 1045 5758 Dominus
1057 5715 1111 5773 per
1122 5699 1293 5773 prophetam
1305 5697 1423 5755 dicens:
1444 5715 1459 5745 «ι
1472 5694 1508 5750 Os
1521 5695 1605 5749 tuum
1622 5689 1722 5748 misisti

59 5790 175 5857 Ιωιιιοι
189 5795 364 5857 recitandus.
636 5859 639 5865 ⁴
910 5794 946 5850 ad
969 5793 1122 5863 malitiam,
1149 5796 1178 5851 et
1200 5792 1301 5865 lingua
1325 5794 1374 5848 tua
1399 5784 1587 5845 concinnabat
1609 5785 1723 5861 dolumt,
