3870 6150
158 265 210 321 207
606 265 746 318 APPEND.
766 266 809 319 nb
828 265 908 320 SAEC.
931 265 973 319 lx.
989 293 1022 304 -
1042 264 1163 320 lsluoul
1181 263 1393 320 nuucnrouls

156 372 267 428 bonos?
281 370 396 425 Custodi
412 370 543 441 linguam
563 373 642 424 tuam
656 386 672 423 a
688 371 774 440 malo,
788 375 817 426 et
833 371 908 426 labia
922 376 971 426 tna
980 383 1120 457 Avarum
1134 386 1260 438 suorum,
1282 376 1310 425 et
1326 369 1459 425 liberabit
1476 386 1533 426 eos.
1551 370 1606 426 Vos
1624 385 1679 444 erg*

157 482 192 520 ne
209 464 362 536 loquantur
374 463 482 518 dolum.
499 461 610 518 Recede
624 462 730 518 amalo
747 466 776 518 et
790 464 834 519 fac
850 464 969 533 bonum,
1021 479 1107 536 super
1116 463 1268 518 Dominum
1278 463 1375 534 ponite
1389 463 1475 518 corda
1488 468 1589 531 vestra,
1600 466 1629 519 et
1640 463 1679 536 ipe

157 573 252 629 quaere
263 571 362 626 pacem
372 559 401 610 et
410 571 581 626 persequere
591 571 665 610 eam.
673 556 751 612 Oculi
762 557 875 612 Domini
885 573 971 630 super
1020 574 1077 625 vos,
1089 557 1225 629 quianon
1235 555 1313 611 dabit
1323 556 1352 611 in
1364 560 1505 611 aeternum
1515 556 1679 613 fluctuation

152 651 254 720 justos,
275 651 303 703 et
324 663 407 702 aures
426 647 488 717 ejus
508 647 544 702 ad
564 648 721 703 clamorem
744 665 853 705 eorum.
873 651 970 704 Vultus
1021 651 1094 706 Deus
1109 654 1203 705 autem
1224 650 1362 704 Dominus
1378 653 1474 704 noster
1493 650 1615 705 deducet
1629 647 1679 724 4}

155 746 253 799 autem
263 739 374 795 Domini
384 739 414 794 in
423 739 562 795 facientes
572 741 693 811 malum,
703 742 842 814 utperdat
851 743 886 797 de
897 746 970 798 terra
1019 748 1131 798 nostros
1142 743 1227 813 juxta
1239 743 1388 814 prophetae
1401 759 1501 797 vocem
1515 759 1521 797 :
1538 765 1552 791 «
1565 745 1595 797 ln
1610 745 1679 814 puts

154 834 324 890 memoriam
342 849 454 888 eorum.
477 832 680 889 clamaverunt
695 835 766 905 justi
787 839 816 891 et
834 835 970 891 Dominus
1018 835 1085 904 itus,
1099 835 1235 907 quoniam
1244 835 1297 890 riri
1309 836 1483 906 sanguinum
1493 838 1521 890 ct
1534 835 1625 891 dolosi
1635 852 1679 891 not

153 926 295 984 exaudivit
306 943 362 993 eos,
381 929 410 981 et
424 941 456 980 ex
477 925 610 980 omnibus
624 925 855 983 tribulationibus
869 945 969 983 eorum
1019 928 1091 983 bunt
1105 928 1167 984 dies
1181 945 1248 984 suos
1268 929 1349 999 (Psot.
1367 945 1420 997 niv,
1435 929 1488 999 nl).
1510 950 1523 977 u
1540 930 1594 984 Vos
1609 933 1679 984 aute

153 1020 284 1076 liberarit
300 1035 347 1075 eos
365 1017 513 1073 Dominus.
529 1020 611 1074 Juxta
628 1023 671 1074 est
687 1020 826 1076 Dominus
841 1022 968 1077 contritis
1018 1025 1130 1092 sperate
1142 1023 1173 1076 in
1189 1021 1307 1077 Domino
1321 1024 1349 1078 et
1361 1021 1497 1077 fiduciam
1515 1021 1679 1078 habetoteir

154 1113 250 1180 corde,
272 1114 301 1168 et
322 1111 481 1166 confractos
505 1112 608 1183 spiritu
635 1112 762 1168 salvabit.
787 1113 871 1169 llulta
892 1114 969 1170 mala
1018 1114 1078 1185 ipse
1090 1114 1221 1170 liberabit
1234 1132 1296 1182 nos,
1310 1115 1369 1187 ipse
1383 1120 1426 1170 est
1438 1115 1513 1170 enim
1526 1114 1679 1171 benedictn

151 1207 238 1276 justo,
263 1209 291 1261 et
311 1223 345 1261 ex
366 1205 498 1262 omnibus
514 1205 569 1260 illis
587 1204 719 1261 liberavit
731 1207 804 1262 'eum
823 1207 968 1263 Dominus.
1020 1207 1152 1279 usquein
1164 1209 1309 1278 saeerdum,
1326 1212 1353 1263 et
1367 1208 1451 1279 regni
1465 1209 1527 1279 ejus
1541 1224 1599 1263 non
1612 1206 1679 1264 erit:

154 1299 283 1354 Custodit
293 1299 429 1354 Dominus
442 1298 539 1354 omnia
548 1314 611 1353 ossa
625 1298 696 1370 ejus,
708 1315 799 1354 uuum
811 1315 846 1354 ex
859 1298 969 1356 hisnon
1018 1316 1068 1355 1111
1089 1301 1206 1356 Kalend.
1227 1301 1366 1370 Octobris
1388 1302 1459 1357 Caro
1478 1303 1549 1357 Vero
1570 1306 1599 1357 et
1617 1301 1679 1358 Cari

154 1392 359 1464 confringetur.
374 1392 527 1449 luterfieiet
539 1391 661 1463 impium
674 1392 793 1464 malitia,
804 1398 833 1449 et
841 1392 970 1449 odientes
1019 1394 1129 1449 consul.

150 1486 261 1556 justum
276 1485 477 1557 culpabuntur.
490 1484 621 1541 Redimet
633 1485 770 1542 Dominus
783 1473 894 1542 animas
910 1503 966 1542 ser·

518 1782 806 1878 lNGlPlUNT
840 1785 1101 1878 DECRETA
1136 1787 1253 1880 Gall
1289 1787 1472 1879 PAPAE.

806 1963 897 2031 (huno
910 1961 1026 2017 Domini
1040 1964 1180 2033 eat-tet.)

185 2229 371 2286 Dilectissimo
382 2230 463 2284 tratri
477 2231 569 2286 Fenrcr
582 2232 713 2301 episcopo
725 2231 821 2286 Gaius.
975 2241 1004 2313 B
1016 2229 1147 2296 accusati,
1166 2227 1329 2299 quicunque
1344 2227 1438 2296 fuerit,
1454 2228 1513 2283 sive
1526 2228 1574 2283 ille
1591 2227 1679 2282 sublin

184 2322 308 2377 Direetas
321 2321 358 2376 ad
368 2338 421 2376 nos
432 2326 490 2377 tue
501 2321 648 2378 charitatis
661 2321 795 2393 epistolas
808 2322 907 2394 plenas
917 2338 965 2378 ca·
1015 2321 1102 2389 noris,
1122 2320 1179 2376 sire
1197 2321 1282 2376 ullius
1300 2321 1416 2377 alterius
1434 2321 1582 2392 diguitatis
1601 2321 1651 2392 qui
1670 2321 1679 2376 l

147 2416 261 2472 thelicae
274 2414 466 2487 inquisitionis
484 2414 674 2470 sollicitudine
689 2418 836 2488 gratanter
852 2416 965 2487 accepi·
1016 2413 1183 2469 illaudabilis
1193 2414 1358 2470 intentionis
1365 2415 1526 2486 arripuerit,
1537 2413 1650 2469 noverit
1656 2430 1679 2486 p:

148 2507 430 2577 mus,benedicentes
439 2507 966 2580 Dominiuoslriclementiamquiata·
1015 2507 1184 2562 documenta
1198 2523 1227 2562 se
1240 2507 1345 2562 debere
1360 2507 1476 2563 inlerre.
1492 2508 1522 2562 Si
1535 2507 1599 2579 quis
1612 2523 1679 2578 ergo

147 2604 188 2658 les
198 2600 331 2658 extremis
342 2602 443 2657 muudi
453 2601 582 2673 partibus
591 2601 726 2673 dignatur
734 2600 791 2656 suis
799 2600 966 2673 ovibuspro
1012 2600 1137 2671 jusmodi
1156 2616 1290 2672 personas
1308 2617 1366 2655 non
1383 2600 1533 2671 probanda
1553 2599 1679 2655 detulerit

147 2695 243 2751 videre
254 2697 382 2766 pastores
392 2711 445 2766 per
459 2711 530 2766 quos
543 2699 571 2750 et
583 2694 695 2766 pascuis
707 2695 819 2750 valeant
834 2695 963 2749 amatari-
1015 2696 1073 2748 tate
1087 2693 1172 2764 hirjus
1186 2693 1339 2748 sanctionis
1354 2693 1495 2765 intelligat
1512 2711 1541 2747 se
1553 2694 1679 2764 jacturan

147 2789 200 2842 bus
214 2787 368 2857 abundare,
385 2791 413 2841 et
430 2788 466 2842 ab
485 2787 577 2859 iniqui
596 2788 657 2859 lupi
672 2787 827 2858 rapacitate
846 2787 963 2857 servari,
1015 2787 1163 2854 sustinere,
1173 2788 1207 2841 ut
1218 2786 1322 2841 damno
1336 2786 1451 2857 pudoris
1465 2786 1679 2842 aestimationist

147 2883 178 2935 ut
203 2879 318 2935 insidias
342 2885 487 2952 nequeant
508 2882 569 2952 ejus
594 2879 786 2952 subreptionis
809 2880 962 2936 incurrere.
1015 2880 1104 2936 diseat
1122 2879 1176 2934 sibi
1195 2880 1295 2934 alienae
1311 2879 1490 2935 verecundiae
1507 2880 1624 2950 impune
1638 2879 1679 2934 ins

145 2973 223 3029 Unde
250 2976 360 3028 certum
383 2975 425 3028 est
449 2972 517 3044 quia
538 2972 685 3043 promissae
708 2990 757 3028 vos
783 2973 965 3029 beatitudinis
1014 2979 1074 3028 tem
1083 2972 1118 3027 de
1130 2976 1231 3027 caetero
1244 2989 1303 3027 nou
1313 2972 1489 3027 licere.Nam
1501 2973 1623 3044 qualiter
1633 2973 1670 3028 ad

145 3066 236 3139 gratia
253 3065 454 3137 subsequatur,
470 3066 585 3137 qnando
601 3083 617 3120 a
635 3066 713 3122 vobis
726 3065 884 3123 coelestium
902 3083 965 3138 per·
1014 3065 1154 3135 veniatur,
1169 3069 1219 3120 aut
1234 3065 1358 3136 qualiter
1372 3066 1406 3120 de
1425 3066 1482 3119 suis
1496 3065 1581 3121 rebus
1599 3081 1679 3138 exsp<

143 3160 227 3215 lectio
243 3158 439 3214 doctrinarum
457 3161 516 3214 tam
535 3159 626 3215 votiva
644 3159 833 3216 sciscitatione
848 3161 962 3232 perqui-
1014 3158 1140 3230 ejeensa
1159 3157 1273 3212 sedibus
1288 3158 1421 3230 propriis,
1439 3164 1491 3223 aut
1508 3158 1556 3230 qui
1577 3175 1679 3213 accusa

143 3253 225 3321 ritur,
243 3251 437 3323 scriptumest
454 3251 550 3308 euim:
565 3272 579 3304 u
593 3252 670 3306 Beati
683 3252 732 3323 qui
746 3256 908 3308 muntantur
920 3255 962 3308 te·
1014 3250 1179 3323 recipiendi,
1194 3250 1277 3323 quive
1291 3268 1349 3306 uon
1363 3252 1430 3318 sint,
1443 3256 1493 3306 aut
1505 3251 1628 3322 qualiter
1640 3251 1679 3322 eje

143 3345 276 3401 stimonia
300 3345 380 3416 ejus,
408 3350 436 3400 et
461 3345 490 3399 in
518 3348 577 3401 toto
605 3345 692 3400 corde
718 3345 873 3417 exquirunt
897 3361 963 3401 eum
1012 3344 1140 3416 spoliatis
1161 3343 1218 3399 sint
1235 3344 1331 3399 omnia
1352 3344 1465 3413 legibus
1480 3344 1679 3415 redintegraud

143 3442 323 3508 (lauterunt,
340 3439 378 3511 2).
394 3461 407 3488 η
425 3439 482 3494 lloc
498 3454 576 3510 ergo,
595 3438 684 3493 frater
699 3438 875 3510 charissime,
894 3456 962 3510 pro·
1014 3438 1105 3493 ablata
1118 3440 1194 3506 sunt,
1209 3437 1277 3508 quia
1293 3436 1457 3508 priusquam
1471 3438 1525 3491 hoc
1545 3437 1679 3493 factumi

144 3532 269 3604 positum
281 3535 337 3586 tuae
346 3531 560 3587 consultationis
573 3534 632 3586 tota
646 3533 740 3586 mente
751 3534 916 3601 tractantes,
927 3532 962 3587 de
1012 3531 1074 3586 lum
1088 3531 1198 3585 crimen
1213 3530 1253 3584 eis
1268 3530 1388 3600 objicere
1402 3529 1517 3600 poterit,
1532 3535 1559 3584 el
1574 3530 1679 3602 qualite

144 3631 171 3680 te
186 3640 302 3696 quoque
314 3625 463 3697 provenire
474 3623 652 3692 confidimus,
664 3624 714 3695 qui
726 3625 856 3695 regulam
870 3602 999 3680 eathoC
1012 3625 1102 3680 duciae
1125 3629 1190 3696 post
1209 3624 1351 3695 integram
1375 3623 1612 3678 restaurationem
1630 3641 1679 3679 ani

143 3718 204 3774 lieae
215 3717 281 3773 lldei
296 3718 399 3774 iisdem
413 3718 509 3774 studes
523 3720 622 3774 tenere
635 3718 771 3790 vestigiis,
783 3717 886 3790 quibus
897 3735 961 3774 earu
1012 3719 1054 3773 vel
1074 3733 1122 3772 sex
1145 3717 1288 3772 mensium
1307 3716 1491 3787 indulgendo
1506 3717 1572 3786 sint,
1593 3720 1622 3772 et
1641 3734 1679 3790 qu

142 3813 172 3867 iu
198 3812 350 3884 apostoliea
384 3811 450 3868 sede
483 3810 629 3884 cognoscis
657 3827 716 3867 esse
744 3812 902 3868 fundatam.
928 3813 963 3867 Et
1012 3809 1110 3864 omnia
1123 3810 1242 3865 licenter
1257 3812 1285 3864 et
1297 3809 1414 3881 pacifico
1426 3809 1532 3881 absque
1548 3810 1632 3865 ullius
1647 3827 1679 3884 gr

144 3906 273 3979 quamvis
293 3923 378 3961 sonus
398 3921 497 3961 eorum
515 3909 575 3961 toto
592 3905 660 3960 orbe
680 3903 808 3973 diliusus,
825 3910 853 3959 et
871 3920 961 3975 usque
1011 3902 1139 3957 dimento
1157 3902 1320 3973 disponere,
1336 3907 1364 3958 et
1382 3919 1501 3959 suorum
1520 3904 1679 3959 amicorum

142 3999 180 4054 ad
193 4000 265 4054 flues
281 3998 358 4054 orbis
368 4003 453 4052 terrae
465 3997 549 4052 verba
558 4013 658 4053 eorum
667 3997 794 4052 distensa
804 3996 961 4052 dilectionis
1011 3995 1191 4050 siasticorum
1202 3999 1318 4050 Petrum
1332 3996 1458 4051 conciliis
1469 3997 1510 4052 uti
1523 3996 1645 4053 debeant
1655 4014 1679 4053 si

142 4096 198 4146 tuae
214 4091 301 4146 corda
319 4090 431 4147 Christo
452 4090 646 4159 probaverunt
665 4104 725 4144 esse
740 4087 844 4156 tidelia,
861 4091 960 4143 tamcn
1011 4089 1046 4143 ab
1062 4089 1195 4160 apostolis
1208 4106 1381 4161 suorumque
1392 4090 1587 4145 decessoribus
1600 4107 1633 4145 ac
1647 4108 1679 4147 nc

143 4178 166 4233 si
180 4178 248 4250 quid
262 4195 297 4232 ex
311 4179 356 4233 his
368 4178 396 4232 in
410 4177 533 4232 Ecclesia
545 4194 610 4249 quor
620 4181 676 4232 tuoe
690 4174 898 4249 gubernationi,
911 4178 961 4232 Do·
1011 4181 1205 4237 decessoribus
1220 4187 1358 4237 statutum
1377 4200 1437 4238 esse
1456 4187 1609 4253 putamus3
1626 4201 1679 4256 sup

143 4269 222 4326 mino
237 4270 400 4338 auxiliante,
416 4270 566 4326 comndssa
579 4274 631 4340 est,
648 4270 781 4325 necdum
795 4270 880 4342 plena
897 4271 960 4326 luce
1010 4278 1070 4330 tem
1086 4292 1145 4330 non
1160 4291 1224 4330 reor
1239 4275 1361 4347 amplius
1376 4292 1452 4330 nuuc
1469 4277 1528 4330 tore
1544 4276 1679 4348 disputan

142 4363 285 4430 clamarit,
303 4363 340 4418 ad
360 4364 493 4419 eumdem
512 4364 620 4420 fontem
638 4364 673 4419 de
692 4380 748 4436 quo
768 4363 817 4418 illa
832 4363 960 4418 salutaris
1010 4368 1033 4424 si
1046 4369 1223 4424 surrexerint
1236 4369 1304 4423 talia
1319 4385 1384 4441 quae
1397 4369 1491 4423 adhuc
1508 4385 1565 4424 non
1580 4375 1648 4425 snut
1666 4386 1679 4425 r

141 4460 274 4514 manarat
285 4457 401 4530 lympha
410 4456 566 4524 recurritis,
580 4455 608 4511 id
617 4460 669 4527 est,
678 4457 755 4529 quod
765 4455 861 4511 debita
871 4457 960 4511 charl-
1010 4462 1038 4518 Si
1054 4478 1154 4516 eorum
1166 4464 1262 4517 autem
1277 4465 1381 4516 statuta
1394 4478 1451 4516 uon
1464 4462 1679 4531 habueritis,mi

142 4555 198 4607 late
206 4568 305 4607 sumus
313 4551 522 4623 amplexi,quia
530 4549 698 4606 fiducialiter
705 4551 740 4606 de
749 4550 793 4605 his
802 4550 960 4622 undeapud
1010 4550 1132 4605 lissimos
1150 4549 1301 4620 scriptores
1312 4550 1361 4622 qui
1381 4550 1442 4605 haec
1455 4567 1551 4606 eoram
1563 4550 1679 4607 fidelibu

141 4662 188 4700 eos
207 4644 417 4700 observantiam
439 4660 499 4699 esse
519 4642 629 4699 dixistis
648 4641 813 4714 ambiguam
830 4647 959 4698 nostram
1010 4643 1157 4714 excipere,
1176 4642 1312 4714 vobisque
1332 4646 1479 4714 reportare
1499 4645 1551 4699 sub
1572 4643 1679 4717 stipula

140 4736 268 4794 voluistis
278 4737 462 4810 responsione
472 4735 959 4808 firmariouapropterdilectionem
1009 4736 1095 4791 leant

142 4833 221 4886 tuam
237 4831 267 4887 in
281 4831 404 4887 Domino
418 4829 582 4897 salutantes,
601 4830 635 4886 de
653 4829 774 4902 siugulis
788 4829 865 4902 quod
878 4829 959 4900 juxta
1046 4832 1185 4887 Caeterum
1204 4834 1236 4884 ut
1249 4829 1314 4884 satis
1331 4829 1432 4884 faciam
1453 4830 1589 4886 consultis
1608 4830 1674 4899 tuis,

141 4924 311 4981 catholicam
330 4924 510 4996 disciplinam
530 4929 627 4979 teneat
643 4922 806 4995 apostolicae
822 4922 895 4978 sedis
909 4940 957 4978 an·
969 4964 999 5039 D
1009 4923 1213 4978 incarnationis
1226 4927 1252 4979 et
1265 4923 1397 4991 veritatis,
1412 4924 1575 4995 quicunqne
1589 4923 1629 4978 illi
1643 4939 1679 4978 su:

140 5018 264 5090 ctoritas,
280 5017 413 5091 subjectis
428 5017 571 5089 aliquibus
593 5016 681 5072 ctiam
703 5019 865 5072 sanctarum
886 5017 961 5088 capi·
1011 5017 1106 5072 caecati
1125 5020 1154 5071 et
1170 5033 1187 5071 a
1206 5016 1315 5071 lumine
1338 5016 1465 5070 veritatis
1485 5017 1580 5087 alieni,
1595 5020 1628 5070 ut
1646 5033 1679 5070 re

141 5111 206 5167 tulis
228 5111 394 5186 regularum
419 5116 445 5167 le
467 5111 611 5166 credimus
637 5108 847 5165 instruendum.
865 5109 960 5166 Primo
1011 5109 1679 5182 tomporeincarnationisdenegentvcritatem,2

142 5206 257 5278 quidem
271 5207 341 5261 scias
356 5222 482 5278 paganos
497 5210 525 5260 et
541 5203 690 5260 haereticos
704 5220 763 5259 nou
781 5219 863 5275 posse
878 5203 959 5258 Chri·
1010 5204 1039 5257 in
1060 5220 1117 5274 quo
1140 5202 1194 5257 sibi
1211 5202 1404 5258 Christianum
1422 5218 1528 5257 nomen
1548 5208 1679 5273 usurpent

139 5301 246 5355 stiauos
265 5315 411 5370 accusare,
435 5305 484 5354 aut
505 5314 604 5354 vocem
622 5295 817 5352 infamationis
836 5296 957 5367 inferre,
1009 5295 1160 5367 Evangelio
1174 5295 1301 5350 veritatis
1314 5312 1396 5366 aequa
1410 5296 1518 5350 ratione
1532 5295 1679 5351 concordet

140 5394 245 5450 deiude
256 5410 340 5450 nemo
353 5409 480 5466 unquam
493 5389 655 5464 episcopum
667 5391 744 5462 apud
753 5389 864 5462 judices
874 5406 959 5445 saecu·
1008 5389 1131 5462 Virginis
1142 5394 1256 5462 parturn
1269 5393 1318 5444 aut
1330 5404 1394 5443 caro
1408 5389 1467 5444 sine
1480 5388 1601 5456 Deitate,
1612 5389 1679 5444 auti

140 5487 213 5542 lares
235 5490 286 5543 aut
308 5486 378 5542 alios
399 5484 518 5542 clericos
541 5499 675 5540 accusare
697 5487 859 5555 praesumat.
880 5484 914 5538 Et
935 5483 958 5538 si
1008 5486 1069 5538 orta
1084 5483 1250 5551 sineremus,
1266 5483 1337 5537 sicut
1353 5481 1542 5553 enimncgari
1556 5498 1615 5537 non
1630 5486 1679 5554 pot

140 5578 203 5649 quis
217 5580 377 5653 episcopus,
392 5578 539 5652 presbyter
553 5580 602 5633 aut
615 5577 762 5647 diaconus,
776 5577 819 5633 rel
837 5576 958 5649 quilibet
1008 5577 1107 5648 gelista
1121 5576 1233 5633 dicente
1253 5576 1328 5649 quod
1345 5593 1358 5628 a
1377 5575 1501 5631 Verbum
1520 5591 1587 5630 caro
1602 5576 1679 5631 tactu

138 5670 233 5726 clerici
245 5673 322 5746 apud
335 5673 483 5746 episcopos
496 5671 572 5745 (quia
584 5670 653 5727 alibi
666 5683 724 5727 non
737 5675 848 5744 oportet
860 5687 877 5726 a
889 5687 956 5743 qua·
1006 5670 1142 5725 habitarit
1157 5670 1186 5725 in
1199 5670 1278 5726 uobis
1289 5671 1376 5741 (toan.
1389 5687 1408 5738 1,
1425 5670 1458 5741 l),
1472 5688 1485 5720 n
1497 5668 1536 5723 iln
1547 5669 1646 5742 negari
1660 5686 1679 5723 n

115 5757 193 5810 hbet
205 5778 344 5835 persona,
373 5772 403 5823 et
424 5783 491 5843 quae
513 5766 568 5826 rite
590 5764 752 5841 recipienda
774 5765 825 5839 est)
849 5765 954 5823 suerint
1007 5763 1330 5837 (beatonpostoloPaulo
1344 5761 1679 5845 pradicanteluquonian
