3870 6150
68 246 125 301 elo
689 200 923 306 menbranula
940 245 1133 304 eutelmio.
1700 252 1752 308 ato

67 361 178 415 erranti
192 359 267 415 dicta
278 375 427 432 uunquam
437 375 497 416 esse
513 360 656 417 solvenda.
666 361 758 417 Manet
768 360 886 416 omnino
898 363 1048 444 Apeccato
1074 358 1265 412 manantibus.
1291 359 1405 414 Nullum
1424 361 1465 415 est
1479 359 1584 432 quippe
1602 365 1748 432 ρεεεειιιιιι

68 456 99 508 ει
111 470 187 521 rere,
201 456 367 525 certumque
379 459 421 508 est
433 454 510 525 quod
523 453 552 508 iu
566 471 599 509 ea
607 456 755 525 praelixam
767 459 820 520 ast,
834 469 886 509 nec
936 466 989 521 pro
995 467 1051 521 quo
1060 454 1175 506 autnon
1183 456 1244 506 oret
1251 452 1654 521 Ecclesiaremittendum,aut
1660 454 1749 526 quod,

69 552 165 618 potest
187 562 303 617 prorsus
322 546 440 614 absolvi,
464 546 590 618 quandiu
609 547 739 602 manenti
757 546 885 618 praefixa,
937 543 1002 599 data
1014 542 1067 598 sibi
1082 543 1219 598 divinitus
1230 547 1380 616 potestate,
1392 546 1635 602 desistentibusab
1646 547 1749 603 eodem

68 640 192 695 debetur
206 639 321 694 erranti.
336 640 397 695 Nou
410 640 516 695 erranti
530 643 626 695 autem
637 656 689 695 nec
701 656 785 711 paena
794 642 887 711 potest
937 653 995 692 non
1009 637 1096 708 possit
1107 637 1261 703 absolvere,
1278 638 1321 692 vel
1331 639 1540 710 paenitentibus
1548 640 1688 710 relaxare,
1702 640 1748 696 cui

68 749 143 800 esse,
157 748 222 804 qua
238 748 296 788 nou
309 732 413 787 erranti
429 748 488 787 non
502 731 588 788 debet
600 732 709 789 iulerri.
725 733 781 787 Nec
793 736 886 788 muta·
935 729 1039 786 dicitur
1053 746 1060 785 :
1075 751 1090 781 c
1104 731 1288 802 Quaecunque
1305 731 1468 787 dimismitis
1482 740 1689 804 superterram
1703 734 1747 790 di·

68 831 118 880 tur
131 824 180 880 illa
194 824 311 880 omnino
325 840 377 880 nec
387 825 504 881 solvitur
517 842 581 898 quae
596 825 841 881 debeturerranti.
854 827 887 881 ln
936 823 1022 878 missa
1034 827 1119 879 eruut
1130 828 1160 878 et
1174 823 1204 878 in
1216 823 1303 892 coelis,
1318 827 1347 879 ει
1360 841 1538 898 quaecunque
1548 826 1687 882 solveritis
1699 843 1747 882 su·

68 935 123 973 suo
138 935 206 990 ergo
216 923 314 973 tenore
324 917 372 973 illa
384 917 502 989 praefixa
512 921 565 985 est,
583 918 611 973 in
625 934 675 973 suo
683 919 748 990 jure
763 934 820 974 non
831 935 884 990 po·
934 933 988 987 per
999 920 1115 984 terram,
1127 919 1213 972 arunt
1222 917 1316 973 soluta
1325 919 1354 973 et
1363 917 1393 972 in
1403 917 1481 973 coelis
1491 919 1599 991 (Μαιιι.
1609 935 1665 988 ιιι,
1675 921 1745 990 tila

69 1015 125 1068 test
133 1012 251 1068 omnino
261 1012 378 1080 resolvi3
395 1011 424 1067 in
437 1029 495 1067 non
509 1027 560 1067 suo
569 1017 666 1068 teueue
679 1028 743 1084 quaa
756 1026 816 1066 esse
827 1028 884 1067 non
936 1010 966 1065 ln
981 1010 1199 1083 quibuscunque
1218 1012 1315 1066 omnia
1330 1016 1397 1067 sunt
1408 1015 1632 1085 quantacunque
1648 1014 1707 1069 sint
1720 1017 1751 1069 at

66 1109 166 1177 potest
176 1106 236 1177 jam
252 1105 370 1160 docetur
383 1122 442 1161 esse
456 1110 585 1175 vacuata,
599 1109 627 1160 et
642 1106 689 1176 jus
703 1104 759 1160 illic
771 1106 886 1177 penitus
934 1104 1144 1176 qualiacunque
1154 1103 1212 1158 sint
1222 1121 1228 1158 :
1240 1104 1332 1159 veraci
1344 1103 1532 1161 nihilominus
1541 1109 1677 1161 manente
1687 1122 1750 1162 sen·

66 1214 128 1254 non
143 1199 257 1265 babere,
273 1198 321 1253 ubi
330 1215 445 1254 causam
459 1215 517 1255 non
532 1198 619 1255 habet
628 1198 778 1254 existendi.
792 1199 885 1254 Plenas
934 1196 1111 1270 tertiaque
1120 1213 1269 1268 nunquam
1281 1198 1417 1253 solvenda
1427 1214 1488 1253 esse
1503 1199 1703 1268 denuntiatur;
1717 1199 1748 1254 iu

66 1296 137 1347 suut
150 1297 255 1348 sancta
271 1292 425 1364 Scriptura
442 1292 489 1348 tali
505 1294 595 1348 torma
604 1291 733 1364 justitia.
754 1292 883 1348 Dicitur:
934 1305 1035 1345 eorum
1044 1296 1142 1346 tenore
1156 1292 1313 1346 consistens
1326 1291 1356 1346 in
1369 1291 1463 1346 Aeacii
1472 1292 1612 1348 sententia
1626 1292 1750 1348 rationa-

67 1407 82 1434 «
98 1388 223 1441 Pereunt
245 1390 409 1457 peccatores
428 1392 544 1454 eterra,
564 1387 602 1441 ita
616 1390 716 1441 utnon
731 1385 787 1441 sint
801 1388 882 1456 (Paul.
933 1383 1210 1440 biliterintueudum
1224 1388 1276 1453 est,
1297 1385 1326 1439 in
1347 1401 1404 1456 qua
1422 1385 1582 1442 noaetiam
1597 1385 1748 1442 abeodem
1817 1389 1820 1394 ’

67 1496 152 1547 arrii,
179 1479 216 1551 3),
240 1483 385 1535 »utnon
410 1480 468 1535 sint
493 1485 669 1552 peccatores,
696 1484 727 1535 ut
749 1480 886 1535 desistant
934 1481 997 1548 post
1009 1477 1154 1533 recedens.
1169 1477 1345 1542 Quodatiam
1355 1478 1378 1532 si
1387 1478 1748 1551 eidictumestnuuquam·

66 1589 129 1628 essa
153 1576 316 1644 peccatores
342 1591 348 1627 :
376 1572 533 1628 secundum
548 1573 696 1644 Prophetae
711 1575 884 1628 sententiam
933 1587 989 1642 qua
1008 1571 1169 1638 solvendus,
1183 1587 1241 1626 nou
1255 1573 1298 1626 est
1309 1570 1453 1643 adjectum
1470 1576 1565 1627 tamen
1579 1571 1690 1628 etiamsi
1701 1590 1748 1628 re-

66 1683 273 1738 usquequaque
291 1667 465 1738 deperirent,
485 1673 517 1722 ut
531 1666 753 1721 substantialiter
766 1682 824 1722 non
836 1683 882 1721 su·
934 1662 1063 1735 sipueris,
1080 1664 1192 1719 etiamsi
1206 1665 1240 1718 ab
1255 1680 1352 1720 errore
1365 1665 1535 1733 discesseris,
1550 1665 1661 1721 etiamsi
1672 1676 1748 1738 prae·

65 1760 192 1825 bessenl,
206 1760 256 1831 qui
268 1761 368 1815 salvari
380 1760 541 1832 potuissent
554 1776 571 1814 a
584 1760 777 1831 Redemptore
787 1765 884 1816 nostro
896 1742 927 1816 ii
935 1757 1070 1812 varicator
1091 1773 1151 1812 esse
1175 1756 1325 1812 destiteris.
1352 1751 1531 1831 Quapropter
1550 1760 1579 1814 in
1595 1765 1694 1831 aperto
1707 1764 1750 1816 est

65 1852 115 1925 qui
128 1854 208 1909 verrit
220 1871 279 1909 non
289 1854 382 1925 justos
399 1870 500 1909 vocare
520 1853 569 1908 sed
585 1857 758 1925 peccatores,
782 1853 826 1908 vel
849 1854 884 1909 da
935 1849 975 1905 ita
986 1850 1104 1917 dictum,
1118 1867 1268 1922 nunquam
1282 1851 1462 1907 solvendussi
1476 1852 1541 1907 talis
1551 1852 1665 1919 scilicet,
1678 1869 1748 1925 qua·

65 1943 171 2014 quibus
195 1943 265 1999 dicit
287 1945 460 2017 Apostolus:
483 1966 497 1993 a
511 1943 638 1999 Christus
662 1943 739 1998 venit
760 1943 788 1998 ia
807 1943 884 1998 hunc
934 1943 967 1997 lis
981 1946 1024 1998 est
1037 1946 1066 1999 ει
1077 1944 1192 2016 ligatus,
1202 1962 1262 2000 non
1274 1947 1372 2000 autem
1380 1945 1446 2001 talis
1455 1945 1650 2001 effectussicut
1658 1945 1750 2017 ligan-

67 2037 212 2092 mundum
225 2042 389 2110 peccatores
403 2037 495 2094 salvos
518 2036 620 2104 iacere,
635 2052 758 2109 quorum
776 2036 884 2108 primus
933 2037 986 2092 dus
1006 2052 1066 2093 nou
1084 2042 1155 2105 erat,
1178 2038 1217 2094 sic
1239 2038 1385 2093 absolutus
1406 2055 1467 2094 essa
1492 2039 1656 2095 docebatur.
1670 2039 1749 2095 Sicut

64 2147 120 2202 ego
132 2147 207 2199 sum,
221 2135 327 2185 etcum
341 2136 505 2202 peccatores
523 2146 650 2185 essemus
670 2130 747 2185 misit
756 2130 829 2186 Deus
839 2129 882 2184 li-
933 2129 1046 2185 carebat
1058 2130 1231 2203 obligatione
1241 2149 1306 2188 cum
1316 2132 1497 2205 obligationis
1510 2149 1595 2188 causa
1602 2131 1747 2202 caruisset,

64 2224 135 2278 lium
151 2239 234 2278 ειιιιιιι
251 2224 275 2294 (l
290 2227 357 2280 lim.
373 2241 392 2292 l,
408 2227 456 2289 l53
473 2225 584 2289 Gol.1v,
600 2225 637 2293 4),
652 2244 666 2271 a
683 2222 883 2278 etcaeterahu·
934 2224 972 2278 sic
986 2224 1085 2295 utique
1098 2224 1245 2280 absolutus
1259 2226 1401 2296 existeret,
1417 2232 1558 2299 quatenus
1573 2231 1602 2282 et
1615 2226 1676 2298 ipse
1690 2241 1748 2282 non

60 2317 201 2388 jusmodi.
218 2317 265 2372 llic
278 2333 375 2373 revera
383 2317 498 2388 plurimi
511 2317 596 2372 etiam
605 2316 883 2387 substantialiterpe-
934 2318 1099 2373 necessitate
1111 2318 1192 2373 dictae
1203 2320 1351 2375 sententiae
1364 2320 1509 2376 videretur
1518 2337 1575 2376 uon
1586 2337 1668 2393 posse
1681 2336 1750 2392 quo·

64 2411 176 2466 aierunt
189 2415 361 2482 peccatores,
371 2411 400 2464 in
412 2411 533 2482 peccatis
541 2411 598 2466 suis
610 2410 706 2482 utique
714 2425 882 2480 permaneu—
932 2410 1086 2465 dummodo
1095 2411 1156 2482 jam
1171 2413 1250 2479 solvi,
1262 2413 1316 2468 nisi
1325 2413 1389 2468 talis
1402 2413 1519 2470 effectus
1531 2418 1560 2470 et
1573 2413 1748 2486 obligatione

64 2508 117 2571 tes,
131 2521 254 2576 veraque
266 2505 296 2560 in
310 2505 352 2559 eis
365 2505 508 2559 sententia
526 2504 600 2559 dicta
616 2503 783 2575 permansit,
806 2520 880 2557 nun·
932 2520 1031 2559 carens
1052 2504 1134 2559 lieret
1152 2505 1309 2574 absolutus,
1334 2510 1363 2561 et
1380 2506 1454 2561 circa
1470 2508 1540 2562 tales
1554 2508 1669 2578 praelixa
1683 2523 1748 2561 seu·

64 2615 214 2670 quamque
227 2599 355 2654 resoluta
376 2602 428 2666 est,
454 2602 482 2652 ct
495 2601 594 2652 ιειιιειι
608 2598 708 2652 eadem
724 2598 754 2652 in
768 2597 881 2667 talibus,
931 2598 1020 2652 tentia
1030 2598 1196 2654 nullomodo
1206 2599 1332 2654 solubilis
1339 2599 1517 2655 redderetur.
1527 2599 1659 2672 Nunquid
1669 2599 1748 2655 enim

61 2692 167 2764 quibus
185 2691 301 2763 praelixa
315 2696 367 2761 est,
382 2695 570 2763 permanente
586 2695 733 2763 perpetua,
754 2690 882 2763 quodam
932 2691 1021 2758 misit,
1038 2691 1177 2762 quesivit,
1197 2692 1316 2763 expetiit
1327 2697 1356 2748 et
1369 2693 1496 2765 abjectus
1510 2697 1561 2761 est,
1579 2693 1676 2765 itaque
1688 2694 1749 2764 ipse

62 2801 172 2857 genere
195 2784 302 2840 lacteam
325 2789 377 2852 εει,
394 2791 426 2841 ut
440 2786 469 2841 ia
485 2785 588 2840 talibus
601 2801 659 2839 non
673 2800 880 2857 usquequaque
931 2784 960 2838 iu
974 2800 1004 2839 se
1017 2785 1196 2840 insolubilem
1209 2785 1275 2841 fecit
1288 2802 1349 2841 essa
1362 2787 1532 2842 seutentiam
1547 2787 1672 2857 quitatis
1686 2802 1749 2859 per-

60 2878 244 2934 manentibus
265 2885 293 2934 ει
311 2880 340 2933 in
359 2880 482 2951 peccatis
505 2878 572 2944 suis,
597 2894 656 2933 non
677 2894 881 2950 usquequaque
932 2893 1050 2932 manere
1064 2877 1180 2950 delegit,
1193 2879 1282 2950 qualis
1297 2879 1435 2934 varaciter
1448 2896 1507 2935 nou
1524 2879 1613 2950 possit
1632 2880 1748 2946 absolvi,

60 2972 232 3027 durantibus
251 2973 390 3028 sententia
407 2978 502 3027 umen
519 2972 635 3043 praelixa
648 2971 753 3026 talibus
765 2987 880 3042 perma-
931 2976 960 3026 et
971 2971 1060 3028 voluit
1074 2971 1138 3026 talis
1153 2972 1237 3042 ellici,
1251 2973 1324 3028 circu
1340 2974 1465 3044 qualem,
1481 2978 1668 3044 permanente
1681 2990 1746 3029 san·

63 3069 157 3121 neret.
172 3067 243 3120 Nam
258 3066 313 3137 ipsi
326 3068 456 3137 pereunt,
473 3065 521 3120 sed
538 3081 598 3120 esse
610 3070 781 3136 peccatores,
792 3069 825 3119 ιιι
837 3064 880 3119 di·
891 3109 920 3184 c
933 3065 1021 3119 tentia
1030 3064 1104 3120 circa
1112 3067 1208 3134 talem,
1219 3065 1351 3121 effectum
1360 3083 1419 3122 nou
1426 3065 1513 3121 talem
1525 3066 1680 3123 insolubilis
1687 3084 1751 3122 seu·

60 3165 140 3215 ctum
156 3166 216 3228 cst,
239 3176 298 3215 non
312 3159 471 3231 poenaliter,
487 3158 536 3214 sed
551 3157 744 3214 remedialiter
756 3158 882 3230 quodam
932 3157 1020 3213 tentia
1034 3174 1092 3214 non
1108 3165 1299 3229 permaneret,
1317 3175 1380 3230 qua
1394 3159 1470 3214 circa
1481 3159 1614 3216 ellectum
1627 3176 1684 3215 uon
1704 3164 1747 3215 ta·

59 3253 154 3325 stipsi
170 3268 275 3324 genere
291 3253 446 3324 perierunt.
460 3252 588 3317 Quodam
607 3268 712 3324 genera
728 3251 799 3307 etin
814 3251 882 3323 ipsis
932 3253 988 3306 lem
999 3268 1055 3306 nou
1062 3251 1331 3307 haberetlicentiam
1343 3252 1541 3324 permanendi.
1549 3253 1610 3317 Quo
1620 3253 1749 3323 magisut

59 3346 170 3401 mansit
182 3347 295 3417 praelira
308 3347 459 3412 sententia,
474 3347 562 3402 donec
573 3362 748 3417 permanens
760 3361 809 3401 eos
819 3345 880 3400 eiii·
932 3344 1040 3399 dictum
1049 3345 1230 3417 estexamplo
1239 3351 1325 3417 atque
1334 3346 1460 3418 periculo
1472 3345 1572 3400 moniti
1581 3345 1630 3417 qui
1644 3346 1746 3400 eodem

59 3444 140 3495 cerat
156 3456 213 3495 non
232 3456 293 3495 esse
314 3445 488 3512 peccatores,
507 3440 552 3495 vel
572 3444 733 3510 peccatores
748 3455 806 3494 nou
819 3455 881 3494 esse
930 3443 1031 3492 tenore
1045 3444 1113 3494 sunt
1127 3439 1271 3494 constricti
1283 3439 1420 3494 festinare
1434 3438 1550 3506 debent,
1566 3444 1666 3494 utnon
1678 3439 1749 3494 tales

59 3533 221 3605 perliceret.
234 3533 382 3604 Completa
396 3534 477 3588 estin
489 3532 530 3588 eis
540 3533 690 3599 sententia,
705 3548 757 3588 nec
770 3548 828 3604 quo
842 3536 881 3588 te·
931 3547 991 3586 esse
1001 3535 1203 3604 permaneant,
1216 3532 1320 3604 quibus
1329 3533 1528 3588 sententiailla
1543 3549 1601 3588 non
1612 3532 1749 3589 solvenda

61 3643 133 3682 nore
146 3631 262 3698 peracto
282 3643 456 3698 permanens
473 3627 519 3681 illa
535 3626 674 3681 sententia
694 3625 881 3697 pereuntibus
932 3625 1047 3696 praefixa
1060 3630 1113 3693 est,
1129 3631 1157 3681 et
1169 3642 1229 3682 esse
1247 3627 1317 3682 tales
1330 3626 1477 3698 incipiant,
1489 3626 1621 3698 qualibus
1633 3642 1692 3682 aon
1705 3626 1749 3680 in-

60 3720 268 3792 peccatoribus,
278 3721 355 3775 itaut
363 3737 420 3775 non
433 3725 528 3774 essent
544 3720 641 3792 utique
657 3723 828 3790 peccatores.
842 3721 882 3774 Ea
931 3719 1060 3774 solubilis
1074 3719 1190 3790 praelixa
1203 3720 1344 3774 sententia
1352 3721 1442 3792 possit
1451 3736 1513 3775 csse
1524 3720 1660 3775 solubilis.
1675 3718 1748 3784 Quo

56 3815 121 3884 jam
133 3814 165 3868 in
179 3830 239 3869 uon
254 3813 446 3884 peccatoribus
456 3829 574 3869 manere
587 3829 645 3868 non
658 3813 760 3884 potuit,
775 3813 841 3885 quia
850 3814 880 3868 in
932 3811 1010 3866 niam
1024 3815 1120 3866 autem
1136 3811 1234 3868 affecto
1245 3829 1301 3868 nou
1312 3814 1360 3869 tali
1372 3813 1448 3885 quali
1460 3829 1518 3868 non
1529 3813 1664 3868 solvenda
1674 3830 1746 3885 prae·

60 3908 148 3962 eisin
159 3907 263 3978 quibus
275 3906 381 3962 inflicta
398 3923 456 3962 uon
469 3907 573 3974 suerat,
586 3906 634 3976 jus
654 3906 787 3962 manendi
800 3906 879 3979 peni-
931 3904 986 3960 sira
1000 3905 1143 3960 sententia
1158 3911 1209 3974 est,
1224 3906 1334 3977 effecto,
1349 3907 1478 3978 inquam,
1498 3923 1555 3962 nou
1574 3907 1635 3974 tali,
1656 3910 1750 3978 potest

60 4005 107 4055 tus
132 4017 191 4055 non
215 4000 348 4055 babebat.
369 4001 409 4054 lta
426 4017 503 4055 nuuc
521 4000 552 4054 iu
567 4015 618 4054 suo
629 3999 696 4070 jure
708 3999 751 4055 vel
766 4000 881 4056 tramite
931 3999 1058 4055 solubilis
1071 4016 1132 4054 esse
1147 4001 1301 4070 senteutia;
1318 4001 1456 4073 quiajam
1463 4000 1565 4056 acacio
1574 4017 1632 4056 nou
1643 4000 1746 4056 volenti

61 4095 208 4149 ullatenus
223 4093 365 4149 sententia
386 4094 510 4150 resoluta
524 4097 575 4162 est,
595 4097 624 4148 et
637 4093 735 4149 eadem
750 4092 779 4148 iu
795 4092 881 4148 bisin
932 4110 988 4147 non
1004 4093 1091 4148 talem
1106 4110 1165 4148 esse
1177 4093 1250 4148 sicut
1264 4094 1315 4148 tali
1325 4110 1417 4166 usque
1431 4094 1460 4150 in
1470 4094 1557 4149 finem
1568 4094 1748 4165 permanenti

59 4188 167 4261 quibus
181 4187 289 4243 iullicta
303 4193 345 4243 est
361 4192 559 4260 permanente,
578 4186 613 4241 ab
634 4186 679 4241 his
700 4187 750 4257 qui
770 4186 805 4241 ab
820 4187 881 4258 ejus
931 4186 1617 4259 permansitinabsolutasententia,itajamnon
1626 4187 1748 4242 talieffi-

54 4283 125 4353 jure
136 4280 335 4350 discretisunt,
346 4281 560 4352 alienaprorsus
574 4279 676 4335 allecta
689 4280 827 4347 est,nein
837 4279 881 4334 his
930 4279 955 4333 ci
978 4296 1035 4333 non
1054 4280 1160 4334 volenti
1183 4280 1310 4336 solubilis
1333 4297 1392 4336 non
1410 4286 1503 4352 potest
1517 4297 1577 4336 esse
1591 4281 1743 4336 sententia.

59 4375 139 4430 salva
151 4375 195 4429 sui
207 4374 369 4430 conditione
382 4374 423 4429 las
436 4373 554 4429 baberet
568 4372 702 4429 manendi
718 4371 821 4443 quibus
836 4373 879 4427 in·
931 4374 1027 4428 Nonne
1040 4378 1134 4429 tantos
1150 4374 1277 4429 habebat
1296 4375 1424 4441 Aeacius,
1440 4391 1564 4446 quorum
1578 4373 1743 4443 exemplum

59 4469 141 4524 tlicta
152 4484 212 4523 non
224 4472 295 4524 erat.
308 4468 380 4522 Dixit
392 4467 530 4522 Dominus
540 4465 616 4538 quod
626 4467 656 4521 in
667 4466 806 4537 Spiritum
817 4483 918 4555 san-D
929 4465 1008 4536 sequi
1026 4467 1163 4537 potuisset
1182 4467 1323 4523 antistites
1341 4468 1391 4539 qui
1411 4467 1439 4521 in
1459 4466 1600 4538 Ephesino
1620 4466 1746 4538 prolapsi

58 4568 141 4620 ctum
155 4561 338 4634 peccantibus
346 4578 400 4617 nac
413 4561 458 4616 hic
472 4565 545 4616 esset
558 4576 611 4615 nec
624 4560 654 4616 in
666 4560 763 4615 futuro
776 4561 880 4616 saeculo
929 4559 1088 4624 latrocinio,
1102 4559 1231 4630 quolibet
1241 4560 1325 4614 modo
1340 4560 1367 4614 in
1381 4559 1570 4615 consensione
1586 4558 1749 4615 reciderent

58 4655 279 4712 remittendum.
293 4655 419 4718 Quantos
433 4659 528 4710 autem
540 4652 740 4725 cognoscimus
749 4653 779 4707 in
792 4653 877 4724 Spiri·
928 4652 1096 4724 pravitatis?
1117 4653 1219 4723 Utique
1232 4656 1329 4707 tamen
1345 4659 1373 4707 et
1386 4653 1408 4707 si
1427 4652 1535 4707 dictum
1550 4668 1608 4708 non
1627 4658 1698 4720 erat,
1717 4657 1747 4708 et

58 4754 123 4806 tum
137 4753 269 4804 sanctum
285 4748 482 4819 delinquentes
493 4747 566 4802 sicut
579 4747 729 4802 haereticos
741 4747 878 4815 diversos,
929 4749 1096 4817 perpetuam
1115 4744 1330 4800 damnationem
1343 4746 1418 4800 ferra
1434 4745 1601 4816 potuissent,
1617 4747 1748 4802 nisiresi·

55 4843 190 4912 Αιιειιοε,
204 4841 428 4909 ldacedonianos,
445 4842 481 4897 ad
500 4840 588 4897 fidem
601 4840 769 4896 catholicam
783 4857 877 4896 rever·
928 4840 1069 4910 piscentes
1088 4855 1145 4894 non
1165 4840 1232 4894 tales
1251 4837 1328 4893 effici
1347 4840 1445 4910 quales
1464 4838 1520 4894 illic
1540 4839 1608 4895 lacti
1620 4840 1745 4906 fuerant,

53 4940 163 5003 tentes,
186 4939 215 4990 et
229 4936 276 4991 hic
289 4935 487 4998 remissionem
502 4951 561 4990 suae
574 4934 732 5005 percepisse
746 4933 876 5004 blasphe-
930 4930 1202 5003 damnationemque
1229 4935 1396 5003 parpetuam
1425 4931 1622 5000 merebantur,
1647 4932 1745 4988 resolvi

54 5029 125 5085 miae
148 5033 176 5084 et
199 5028 228 5084 in
254 5029 384 5083 futurum
409 5043 489 5099 spem
509 5028 663 5100 sumpsisse
690 5025 878 5097 indulgentiae
929 5024 1743 5098 circasedamnationemrecedeutesaperpetuaedamna-

54 5121 287 5194 consequendae?
299 5122 356 5177 Nec
365 5121 430 5177 ideo
441 5137 499 5176 uon
514 5137 581 5176 vera
590 5125 633 5176 εει
642 5119 753 5175 Domini
765 5124 879 5175 seuten-
929 5118 1014 5173 tionis
1026 5135 1109 5173 causa
1122 5124 1300 5185 meruerunt,
1314 5134 1401 5191 quam
1410 5118 1459 5191 qui
1470 5119 1619 5190 perstitere
1631 5118 1705 5173 circa
1715 5133 1745 5171 sa

54 5217 109 5284 tia,
127 5219 178 5271 aut
190 5214 336 5286 putabitur
348 5231 408 5270 esse
424 5214 563 5270 ullatenus
575 5214 712 5281 resoluta,
727 5229 793 5269 cum
806 5213 880 5268 circa
928 5211 1113 5267 insolubilem
1132 5211 1327 5268 reddiderunt.
1342 5213 1417 5268 Nihil
1429 5213 1549 5268 interest
1560 5210 1658 5282 igitur,
1673 5209 1744 5264 nibil

52 5309 142 5375 tales,
153 5308 177 5364 si
189 5308 243 5364 hoc
254 5325 316 5363 esse
326 5311 527 5380 permaneant,
537 5323 684 5380 nunquam
696 5306 880 5375 omninosol·
929 5304 1035 5374 differt,
1061 5311 1155 5360 utrum
1178 5305 1289 5361 dicatur
1312 5306 1381 5378 quia
1400 5304 1589 5361 ecclesiastica
1603 5302 1745 5357 sententia

53 5401 153 5458 venda
164 5401 305 5474 persistat,
318 5401 425 5458 effectis
440 5404 536 5457 autem
546 5417 605 5457 non
620 5400 723 5457 talibus
732 5416 791 5455 non
802 5399 877 5456 irro·
928 5415 992 5454 reos
1007 5403 1035 5454 et
1050 5399 1279 5470 prevaricatores
1294 5400 1411 5470 obligat.
1426 5398 1499 5462 Quia
1509 5397 1580 5452 sicut
1592 5395 1618 5452 ei
1627 5411 1685 5451 uon
1696 5412 1745 5467 po·

53 5501 136 5570 gata.
156 5495 235 5552 Sicut
257 5495 344 5552 etiam
356 5499 567 5567 consequenter
578 5498 607 5549 et
620 5493 691 5549 illud
703 5493 779 5549 beati
790 5495 877 5550 loan·
928 5494 983 5546 test
1002 5491 1078 5563 quod
1102 5508 1161 5549 non
1182 5497 1225 5548 est
1242 5491 1401 5564 suffragari,
1424 5489 1502 5561 quod
1519 5505 1576 5544 non
1595 5492 1637 5543 est
1652 5487 1745 5543 dictus

53 5591 102 5646 nis
119 5589 238 5660 apostoli
253 5605 260 5644 ε
277 5590 484 5661 Estpeccatum
496 5589 534 5644 ad
548 5593 682 5655 mortem,
700 5603 759 5643 uon
772 5587 834 5643 dico
848 5590 879 5642 ιιι
929 5601 1077 5658 nunquam
1091 5585 1251 5653 solvendus,
1265 5585 1314 5640 sed
1325 5584 1387 5639 siin
1398 5598 1494 5638 errore
1505 5581 1746 5654 permanseritis·

53 5687 159 5740 oretur
170 5698 222 5753 pro
236 5699 281 5739 eo.
296 5684 345 5738 Est
357 5686 506 5754 peccatum
516 5699 575 5738 uon
585 5681 621 5737 ad
632 5686 766 5748 mortem,
775 5681 839 5738 dico
848 5685 879 5736 ut
928 5681 1053 5736 solubilis
1066 5681 1160 5737 modis
1170 5681 1303 5736 omnihus
1316 5681 1488 5750 perseverat,
1504 5693 1558 5733 nec
1570 5680 1664 5750 potest
1678 5678 1744 5734 inde

55 5781 161 5831 erretur
174 5792 224 5848 pio
244 5792 287 5830 eo.
305 5776 350 5830 lIst
370 5780 515 5848 peccalum
537 5775 573 5831 ad
594 5778 714 5831 mortem
731 5773 760 5829 in
776 5771 877 5830 eodem
928 5773 981 5829 nisi
996 5791 1054 5830 nou
1065 5774 1129 5832 talis
1141 5774 1262 5831 allectus
1272 5771 1385 5828 absolui
1396 5788 1408 5826 ·.
1422 5771 1467 5826 εἰε
1477 5767 1776 5844 extimamsresaax·
