3870 6150
216 278 268 335 239
652 277 795 335 ΛΡΡΕΝΙ).
816 279 861 336 ltD
879 278 961 336 SAEC.
981 274 1207 334 lx.—18100R1
1226 274 1441 335 lllllthTOlllS
1845 276 1898 330 aad

213 392 310 442 autem
322 385 404 441 annis
423 384 499 441 idem
518 384 579 441 sine
601 386 744 443 oblatione
765 387 795 442 in
811 387 943 444 oratione
966 387 1025 443 sola
1035 386 1191 472 Amerini,
1216 403 1275 443 non
1298 387 1403 443 debent
1426 385 1529 458 suscipi
1550 384 1580 440 in
1601 384 1737 451 Ecclesia,
1752 383 1803 438 sed
1828 399 1897 438 cnm

216 479 385 552 participent
405 480 523 552 populo.
547 478 575 535 si
598 479 647 552 qui
668 496 746 550 vero,
763 496 815 552 per
834 481 886 536 Dei
905 481 1029 553 gratiam
1078 479 1156 535 omni
1170 480 1340 536 necessitate
1350 483 1499 551 cogantur,
1510 481 1544 534 ut
1555 478 1673 534 redeant
1688 477 1725 532 ad
1740 477 1898 532 Ecclesiam

213 571 305 628 vocati
317 572 411 644 prime
425 572 540 645 quidem
558 574 744 630 ostenderunt
758 573 846 629 iidem
865 591 955 644 suam,
978 576 1027 631 de·
1078 589 1168 641 suam,
1192 573 1269 646 quod
1291 573 1314 628 si
1328 571 1551 646 permanserint,
1573 569 1824 628 excommunicare
1848 585 1900 625 cos

214 667 305 738 posito
318 665 428 722 militia.
441 665 565 738 cingulo,
581 669 646 738 post
656 667 717 722 haec
727 672 824 723 autem
835 668 1029 740 adproprium
1077 670 1199 738 oportet.

212 759 354 816 vomitum
366 759 473 814 reversi
487 762 564 828 saint,
579 763 612 814 ut
623 764 651 816 et
664 760 798 832 pecunias
811 760 913 816 dorent
924 765 953 817 et
967 779 1027 818 am·
1113 760 1189 814 xvh.
1217 759 1246 814 Si
1278 758 1341 830 quis
1371 776 1456 814 ausus
1490 757 1578 814 fuerit
1611 757 1747 828 aliquem,
1778 755 1831 826 qui
1860 753 1899 810 sd

212 852 308 908 birent
321 852 415 908 redire
433 869 548 908 rursum
563 852 600 907 ad
614 853 756 923 militiam,
771 853 817 909 isti
833 855 933 911 decem
947 855 1029 911 annis
1078 853 1199 909 alterum
1212 851 1347 924 pertinet,
1361 852 1491 909 ordinare
1504 852 1535 907 in
1549 868 1600 906 sua
1610 850 1744 918 Ecclesia,
1757 865 1827 904 cum
1839 864 1898 904 non

213 946 271 1000 sint
283 945 361 1001 inter
374 945 555 1017 poenitentes,
577 949 640 1017 post
654 946 782 1019 primum
802 948 958 1004 triennium
970 965 1028 1022 quo
1077 943 1183 1001 habeat
1194 961 1363 1001 consensum
1377 944 1503 1018 episcopi
1514 944 1604 1016 ipsius
1617 958 1701 1016 aquo
1711 940 1831 998 recessit
1841 941 1898 997 cle-

212 1038 327 1106 luerint,
340 1039 415 1094 inter
430 1038 587 1108 audientes,
603 1038 638 1094 ab
648 1040 779 1095 omnibus
791 1057 857 1097 vero
871 1042 942 1098 illud
953 1059 1024 1114 prae·
1078 1039 1160 1109 riom,
1177 1038 1259 1094 irrite
1270 1037 1325 1094 erit
1339 1037 1504 1110 hujusmodi
1518 1036 1672 1094 ordinatio.

212 1131 296 1202 cipue
307 1132 480 1200 observatur,
495 1137 526 1187 ut
536 1132 649 1188 animus
661 1149 760 1189 eorum
774 1137 802 1189 et
816 1134 924 1190 fructus
936 1135 1027 1209 poeni·
1112 1133 1201 1188 xvlll.
1215 1131 1356 1196 Quoniam
1372 1131 1456 1187 multi
1474 1130 1578 1198 clerici,
1591 1129 1717 1185 avaritiae
1738 1144 1828 1185 causa
1840 1131 1898 1183 tur·

211 1224 309 1280 tentiae
331 1225 506 1282 observetur.
530 1225 699 1298 Quicunque
714 1227 792 1282 enim
812 1244 877 1283 cum
893 1229 972 1284 omni
989 1229 1027 1284 ti·
1076 1225 1124 1298 pia
1136 1224 1372 1294 lucrascctantes,
1384 1224 1464 1281 obliti
1477 1228 1543 1279 sunt
1555 1223 1643 1278 divini
1656 1222 1805 1295 precepti,
1821 1221 1897 1294 quod

213 1334 295 1374 more
311 1323 339 1374 et
351 1318 484 1391 lacrymis
504 1319 749 1392 perseverantibus
760 1325 788 1377 et
800 1322 932 1393 operibus
945 1322 1028 1378 bonis
1077 1319 1186 1374 dictum
1201 1323 1253 1387 est,
1267 1317 1316 1391 qui
1329 1319 1479 1390 pecuniam
1496 1333 1578 1373 suam
1600 1332 1659 1373 non
1682 1315 1765 1372 dedit
1779 1316 1816 1371 ad
1830 1332 1896 1371 osu-

212 1411 454 1468 conversationem
477 1430 560 1469 suam
582 1430 640 1468 non
661 1414 753 1469 verbis
775 1415 849 1483 solis,
871 1415 920 1471 sed
940 1432 1028 1488 opere
1077 1428 1152 1480 ram,
1177 1413 1337 1468 fenerantes
1363 1410 1531 1467 centesimas
1554 1409 1686 1482 exigant,
1716 1409 1817 1464 statuit
1842 1409 1896 1464 hoc

213 1505 581 1577 etvaritatedemonstrant,
592 1526 657 1565 cum
666 1513 779 1581 tempus
788 1512 928 1567 statutum
939 1509 1028 1565 etiam
1077 1510 1205 1561 sanctum
1219 1506 1379 1573 concilium,
1394 1505 1418 1560 si
1431 1505 1495 1577 quis
1507 1504 1642 1559 inventus
1650 1502 1737 1558 luerit
1746 1505 1813 1574 post
1824 1502 1896 1557 hanc

211 1597 246 1654 ab
260 1598 304 1654 his
317 1598 405 1654 fucrit
416 1600 618 1674 impletum,et
628 1603 872 1675 01·ationibusjam
880 1607 1029 1675 caeperunt
1077 1599 1272 1655 definitionem
1294 1615 1394 1654 usuras
1416 1597 1554 1671 accipere,
1578 1597 1623 1652 vel
1646 1613 1681 1652 ex
1702 1595 1833 1668 quolibet
1848 1594 1896 1651 tali

211 1692 429 1760 communicare,
442 1693 538 1750 licebit
546 1697 632 1752 etiam
643 1696 774 1769 episcopo
788 1697 945 1753 humanius
955 1694 1028 1751 circe
1076 1693 1192 1764 negotio
1211 1691 1306 1764 turpia
1328 1693 1406 1747 lucra
1427 1692 1540 1761 sectari,
1553 1690 1598 1745 vel
1613 1689 1700 1745 etiam
1712 1689 1824 1761 species
1835 1689 1894 1744 iru-

212 1800 260 1839 eos
272 1785 379 1857 aliquid
392 1787 531 1859 cogitare.
545 1788 600 1853 Qui
612 1806 681 1846 vero
695 1789 895 1846 indifferenter
915 1789 1025 1845 habue-
1036 1769 1065 1842 Β
1076 1789 1239 1842 mentorum
1262 1785 1298 1841 ad
1320 1786 1482 1857 sextuplum
1503 1785 1582 1854 dare,
1598 1782 1692 1840 omnis
1710 1783 1762 1855 qui
1775 1783 1831 1839 tale
1848 1782 1894 1837 ali·

210 1877 269 1932 rint
281 1877 403 1949 lapsum,
418 1885 447 1935 et
459 1881 589 1938 sufficere
609 1883 662 1939 sibi
681 1883 757 1956 quod
770 1882 924 1939 Ecclesiam
936 1883 1026 1938 intro·
1077 1879 1147 1953 qnid
1164 1884 1281 1936 conatus
1293 1879 1381 1935 fuerit
1392 1878 1429 1933 ad
1442 1882 1582 1950 quaestum
1600 1875 1752 1948 dejicietur
1770 1891 1787 1931 a
1808 1876 1890 1947 clem,

209 1969 306 2027 ierunt
316 1972 501 2043 arbitrantur,
524 1973 570 2030 isti
593 1975 762 2032 omnimodo
775 1981 906 2049 tempora
921 1980 1027 2034 statuta
1076 1977 1105 2030 et
1119 1973 1230 2028 alienus
1244 1973 1280 2028 ab
1293 1971 1482 2029 ecclesiastico
1493 1970 1635 2026 habeatur
1646 1969 1752 2042 grado.

209 2063 403 2135 complebunt.
1111 2066 1176 2122 Xlll.
1191 2065 1219 2122 Si
1233 2065 1297 2138 quis
1312 2063 1443 2136 confugit
1455 2063 1490 2119 ad
1502 2061 1654 2119 Ecclesiam
1672 2061 1843 2118 catholicam
1858 2061 1887 2118 de

245 2157 298 2212 llll.
313 2158 353 2212 lle
365 2158 410 2212 his
423 2175 491 2216 vero
514 2161 565 2232 quii
588 2161 727 2219 recedunt
750 2176 784 2218 er
803 2178 935 2236 corpore,
952 2161 1026 2219 anti·
1076 2157 1253 2216 Paulianistis
1266 2157 1488 2230 etCataphrigis
1502 2159 1640 2213 statutum
1662 2159 1705 2213 est
1726 2154 1888 2227 rebaptizari

210 2265 274 2321 quse
285 2249 358 2323 legis
379 2254 478 2324 regula
493 2253 691 2310 observabitur
704 2256 793 2312 etiam
807 2274 892 2326 nunc,
906 2257 947 2312 ita
958 2259 992 2312 ut
1003 2256 1026 2311 si
1076 2268 1126 2310 eos
1147 2252 1261 2308 debere.
1277 2251 1306 2309 si
1320 2251 1369 2325 qui
1383 2267 1450 2308 vero
1469 2249 1563 2306 clerici
1578 2254 1661 2305 erant
1680 2249 1758 2321 apud
1780 2266 1839 2320 ecs,
1861 2248 1889 2304 si

208 2342 281 2399 forte
301 2344 364 2417 quis
386 2346 496 2401 recedit
518 2363 551 2402 ex
576 2365 703 2420 corpore,
719 2348 955 2405 necessariavitse
969 2367 1028 2406 suae
1077 2345 1193 2418 quidem
1207 2344 1343 2417 inculpati
1363 2343 1472 2400 luerint
1486 2346 1515 2398 at
1526 2342 1804 2415 irreprehensibiles,
1819 2342 1888 2398 reba

209 2436 310 2494 viatico
332 2454 391 2494 non
413 2439 609 2512 defraudatur,
623 2442 698 2514 quod
712 2443 735 2497 si
749 2444 913 2515 desperatus
925 2442 1027 2516 aliquis
1076 2438 1173 2512 ptizati
1185 2454 1284 2494 rursus
1299 2438 1386 2493 etiam
1401 2436 1571 2493 ordinentur
1590 2436 1626 2492 ab
1648 2435 1784 2508 episcopo
1807 2437 1888 2492 Ecde

208 2535 325 2605 recepta
339 2534 542 2591 communione
558 2536 758 2608 supervixerit,
773 2537 811 2592 sit
823 2536 899 2592 inter
917 2553 964 2592 eos
978 2536 1026 2608 qui
1077 2532 1126 2589 sia
1139 2531 1295 2589 catholica.
1308 2531 1418 2588 sivero
1431 2529 1589 2587 examinati
1604 2529 1700 2585 minus
1714 2529 1826 2586 fuerint
1837 2528 1889 2604 apti

209 2626 269 2682 sola
283 2626 410 2684 oratione
423 2629 646 2685 communicant.
669 2631 708 2685 lle
727 2630 859 2686 omnibus
873 2633 970 2686 tamen
983 2630 1027 2686 his
1077 2626 1259 2699 deprehensi,
1274 2625 1379 2698 deponi
1398 2640 1447 2682 eos
1469 2627 1590 2698 oportet.
1607 2622 1744 2681 Similiter
1756 2627 1854 2681 antem
1866 2626 1890 2678 et

210 2720 259 2792 qui
271 2737 288 2775 a
302 2736 420 2793 corpore
431 2723 577 2791 recedunt,
591 2722 621 2777 in
634 2723 772 2779 tradendo
788 2725 830 2779 eis
847 2724 1026 2781 communio·
1076 2719 1152 2776 circa
1166 2720 1299 2776 diacones
1320 2724 1348 2774 et
1372 2719 1407 2775 de
1432 2717 1565 2774 omnibus
1578 2716 1627 2790 qui
1647 2716 1678 2772 in
1697 2717 1803 2773 eodem
1819 2717 1890 2773 clero

176 2812 179 2817 ’
209 2830 278 2869 nem
294 2817 322 2870 et
337 2831 403 2869 cura
417 2819 446 2871 et
461 2816 591 2887 probatio
605 2815 640 2870 sit
651 2815 786 2889 episcopi.
1076 2811 1272 2882 inveniuntur,
1287 2812 1386 2868 eadem
1395 2813 1488 2867 torma
1500 2811 1669 2867 servabitur.
1679 2809 1889 2868 Commemora-

245 2902 311 2959 Xlll.
329 2902 438 2958 Placuit
462 2903 515 2958 hoc
541 2908 638 2959 macto
666 2908 695 2959 et
716 2921 822 2978 magno
847 2906 968 2961 concilio
990 2905 1026 2960 da
1076 2906 1278 2963 rimusautem
1292 2905 1462 2962 diaconissas
1473 2921 1538 2978 quse
1552 2905 1582 2960 in
1591 2904 1645 2960 hoc
1659 2903 1763 2960 ordine
1775 2905 1892 2961 invemat

210 2996 422 3051 catechumenis
443 2996 493 3068 qui
514 2996 584 3069 lapsi
599 3000 676 3065 sunt,
699 3001 731 3052 nt
753 2998 844 3054 tribus
856 2999 938 3054 annis
952 2999 1028 3056 inter
1077 2997 1891 3072 sunt,quaenecmanusimpositionemaliquamhabeant,

210 3088 358 3145 audientes
372 3088 491 3145 verbum
506 3089 563 3146 sint
575 3091 787 3159 tautummodo,
803 3096 868 3164 post
884 3093 946 3149 haec
958 3107 1026 3149 vero
1077 3096 1109 3149 ut
1121 3093 1287 3149 omnimodo
1296 3093 1372 3150 inter
1380 3093 1466 3148 laicas
1472 3091 1639 3149 habeantur.
1652 3090 1795 3149 Similiter
1802 3094 1894 3148 autem

210 3186 366 3238 orentcum
380 3183 603 3239 catechumenis.
1036 3145 1242 3243 Cdiaconissae
1262 3202 1327 3259 qlloe
1349 3186 1379 3242 in
1398 3185 1538 3243 catholica
1560 3201 1670 3241 oenone
1683 3201 1743 3242 non
1756 3185 1893 3242 habentur

245 3277 311 3332 xlv.
329 3276 458 3333 Pervenit
483 3276 520 3332 ad
546 3279 675 3332 sanctum
701 3277 853 3335 concilium
880 3278 968 3352 quod,
995 3278 1026 3334 in
1054 3344 1055 3348 η
1076 3279 1161 3336 simili
1172 3281 1245 3350 loco,
1261 3279 1291 3336 id
1303 3284 1345 3337 est
1358 3279 1437 3336 laicae
1451 3282 1480 3336 et
1493 3283 1630 3352 tanquam
1645 3295 1704 3336 non
1723 3281 1893 3337 consecrata

209 3369 278 3426 locis
300 3369 470 3443 quibusdam
492 3373 521 3426 et
541 3369 712 3441 civitatibus,
737 3372 908 3445 presbyteris
934 3387 1026 3428 sacra-
1077 3373 1259 3445 deputentur.
1442 3352 1450 3366 ⁸

211 3468 309 3520 menta
323 3463 437 3520 diaconi
450 3462 608 3537 ponigent,
622 3465 677 3521 hoc
692 3481 786 3539 neque
802 3466 911 3539 regola,
934 3481 1027 3538 neque
1112 3468 1164 3523 XX.
1191 3467 1331 3533 Quoniam
1351 3473 1417 3524 sunt
1439 3468 1469 3523 in
1492 3464 1538 3524 die
1558 3464 1704 3523 [lominica
1722 3465 1844 3541 quidam
1858 3463 1891 3524 ad

114 3572 117 3576 ·
210 3558 385 3614 consuetudo
397 3556 515 3614 tradidit
527 3562 560 3614 ut
569 3558 599 3613 hi
612 3558 660 3632 qui
674 3559 811 3617 offerendi
825 3559 954 3616 sacrificii
968 3576 1027 3617 nou
1076 3563 1234 3618 orationem
1247 3578 1340 3634 genua
1349 3562 1504 3629 flectentes,
1517 3565 1546 3617 et
1555 3560 1584 3617 in
1596 3561 1891 3629 diebusPentecostas,

210 3651 318 3707 babent
331 3655 511 3724 potestatem,
534 3651 580 3709 his
601 3652 650 3726 qui
668 3652 793 3710 offerunt
804 3669 908 3726 corpus
922 3652 1028 3710 Christi
1076 3660 1230 3728 propterea
1242 3661 1285 3713 est
1296 3655 1392 3728 itaquo
1406 3659 1543 3712 statutum
1556 3672 1573 3711 a
1588 3657 1684 3711 sancta
1698 3655 1812 3727 synodo
1826 3670 1892 3728 quo·

209 3744 366 3818 porrigant,
380 3745 429 3802 sed
448 3748 477 3803 et
498 3746 569 3802 illud
591 3746 718 3804 innotuit
737 3747 812 3820 quod
832 3747 949 3819 quidem
969 3746 1029 3804 dia·
1077 3749 1157 3805 niam
1177 3766 1302 3805 consona
1323 3752 1353 3804 et
1375 3748 1545 3805 conveniens
1567 3765 1620 3822 per
1638 3764 1742 3805 omnes
1767 3748 1893 3805 ecclesia

211 3853 297 3895 coaes
311 3839 396 3896 ctiam
411 3844 477 3896 ante
491 3840 641 3913 episcopos
656 3845 835 3897 sacramenta
848 3844 974 3896 sumunt.
1077 3842 1262 3898 custodienda
1274 3842 1450 3898 consuetudo
1463 3847 1507 3898 est
1519 3847 1553 3899 nt
1569 3846 1676 3898 stantes
1687 3841 1725 3897 ad
1738 3843 1891 3899 emtionem

246 3934 310 3988 lloec
331 3932 430 3989 omnia
454 3936 641 4006 amputentur
664 3938 693 3990 et
710 3933 849 4006 accipiant
869 3932 1028 3989 secundum
1077 3935 1197 3990 Domine
1212 3940 1277 3991 vota
1289 3936 1451 3994 reddamus.

212 4026 343 4083 ordinem
355 4028 419 4098 post
433 4026 613 4098 presbyteros
634 4026 669 4081 ab
684 4027 817 4099 episcopo
828 4026 873 4082 vel
887 4043 904 4081 a
916 4027 1029 4099 presby·
1221 4028 1377 4099 Symbolum
1389 4030 1507 4101 eusdem
1518 4031 1623 4091 Nitens·
1635 4028 1755 4087 cmodii.

212 4124 274 4174 tero
288 4133 398 4174 sacram
420 4119 660 4175 communionem.
685 4119 768 4184 Quod
791 4118 814 4176 si
832 4135 889 4176 non
902 4119 1029 4176 fueritin
1113 4121 1263 4179 Credimus
1275 4123 1305 4178 in
1319 4140 1408 4179 unum
1423 4125 1513 4179 Deum
1526 4125 1639 4180 Patrem
1654 4124 1889 4197 omnipotentem,

212 4211 403 4284 praesentire}
417 4210 567 4284 episcopus
580 4213 622 4267 vel
637 4211 795 4286 presbyter,
814 4214 880 4269 tunc
894 4213 947 4286 ipsi
960 4227 1028 4286 pro·
1078 4215 1231 4272 visibilium
1252 4222 1282 4272 et
1299 4217 1485 4273 invisibilium
1507 4218 1696 4274 conditorem.
1716 4218 1796 4275 litia
1807 4230 1889 4273 unum

213 4304 306 4360 terant
320 4307 349 4360 et
362 4304 459 4360 edant.
475 4304 530 4361 Sed
543 4321 595 4362 nec
607 4304 707 4362 sedere
720 4305 837 4379 quidem
852 4307 919 4363 licet
930 4307 960 4363 in
972 4323 1030 4363 me·
1079 4310 1234 4366 Dominum
1246 4312 1345 4366 lesum
1359 4311 1515 4380 Christum,
1538 4311 1641 4368 lilium
1664 4310 1727 4380 uei,
1748 4315 1848 4368 natum
1858 4308 1888 4365 de

213 4398 261 4455 dio
283 4397 515 4470 presbyterorum
539 4398 684 4455 diacones.
709 4400 738 4456 Si
762 4399 826 4472 quis
851 4405 946 4457 autem
972 4417 1029 4457 non
1078 4405 1161 4461 Patre
1184 4404 1379 4477 unigenitum,
1399 4405 1453 4461 hoc
1474 4410 1526 4474 est,
1549 4405 1585 4460 da
1613 4404 1774 4461 substantia
1798 4401 1886 4469 raaia

213 4493 274 4549 vult
285 4492 329 4549 his
342 4491 485 4548 sufficiens
499 4508 571 4562 esse,
583 4496 648 4566 post
664 4492 740 4549 hanc
755 4492 951 4552 definitionem
967 4510 1028 4551 oes-
1039 4522 1070 4596 D
1080 4498 1170 4554 [teum
1193 4497 1228 4553 de
1249 4499 1317 4566 lieo,
1342 4497 1441 4554 lumen
1455 4498 1490 4554 de
1509 4498 1628 4569 lumine,
1645 4499 1737 4555 Deum
1751 4512 1848 4556 verum
1858 4495 1886 4552 ds

214 4590 257 4642 set
267 4601 329 4643 esso
343 4584 488 4644 diaconus.
1080 4590 1139 4646 lieo
1151 4607 1230 4659 vero,
1243 4596 1353 4658 natum,
1367 4607 1425 4647 non
1435 4591 1551 4661 iactum,
1563 4591 1885 4649 cousubstantialeml‘a·

250 4681 303 4737 XV.
319 4684 438 4754 Propter
456 4681 560 4738 multas
578 4680 809 4754 perturbationes
824 4688 853 4740 et
867 4681 1031 4756 trequentes
1080 4685 1127 4754 tri,
1142 4685 1233 4755 idest,
1246 4685 1333 4741 unius
1351 4685 1517 4741 substantie
1529 4701 1596 4740 cum
1611 4686 1695 4743 Patra
1711 4685 1799 4759 [quod
1809 4679 1885 4742 urae

215 4773 355 4832 tumultus
367 4773 553 4845 seditionum,
568 4791 633 4848 que
655 4776 717 4832 ilari
731 4776 834 4848 solent,
848 4778 953 4850 placuit
967 4794 1030 4835 om·
1081 4781 1217 4836 omousion
1230 4779 1337 4852 dicunt)
1347 4794 1495 4852 perquem
1509 4779 1607 4835 omnia
1620 4780 1776 4837 factasunt
1789 4776 1885 4852 quain

215 4867 333 4925 nimodo
353 4867 439 4924 istam
461 4867 589 4925 abscindi
604 4869 841 4927 consuetudinem
856 4887 919 4942 que
931 4875 1032 4927 contra
1081 4873 1150 4929 coslo
1170 4878 1198 4929 et
1217 4871 1247 4928 in
1267 4875 1353 4928 terre.
1375 4873 1430 4938 Qui
1442 4878 1560 4946 propter
1572 4889 1625 4930 nos
1638 4873 1783 4943 homines,
1797 4877 1886 4944 etprv

216 4961 348 5045 regulam
358 4964 410 5034 est,
422 4961 512 5018 sicubi
522 4965 619 5019 minen
630 4964 675 5032 sit,
686 4964 715 5019 id
726 4967 815 5019 estne
826 4964 861 5021 dc
874 4965 986 5021 civitate
996 4965 1032 5021 ed
1081 4972 1144 5039 pter
1156 4971 1282 5022 nostram
1303 4967 1423 5023 salutem
1444 4967 1593 5023 descendit
1612 4965 1648 5024 de
1661 4967 1751 5036 ooehs,
1767 4971 1799 5024 et
1810 4964 1887 5022 incar·

216 5056 362 5114 civitatem
377 5059 503 5112 transeat
515 5057 561 5112 vel
580 5056 741 5130 episcopus,
754 5056 800 5113 vel
815 5058 973 5131 presbyter,
986 5057 1032 5114 vel
1081 5063 1230 5129 natusest,
1253 5064 1339 5133 atque
1356 5061 1444 5117 homo
1462 5061 1563 5133 lectus,
1580 5077 1688 5134 passm,
1702 5064 1834 5119 mortuus
1843 5060 1886 5125 est,

216 5152 363 5210 diaconus.
379 5151 407 5208 Si
421 5151 484 5223 quis
496 5165 563 5207 vero
576 5155 643 5224 post
654 5151 716 5207 haec
730 5154 834 5208 statuta
848 5151 1032 5224 sanctihojus
1081 5159 1109 5210 et
1119 5153 1273 5210 resurrexit
1286 5155 1372 5211 tertia
1386 5155 1442 5226 die,
1463 5154 1592 5211 ascendit
1602 5155 1638 5212 sd
1651 5155 1747 5227 coelos,
1762 5160 1886 5210 reomaus

216 5245 329 5304 concilii
350 5245 408 5300 tale
429 5243 536 5317 aliquid
555 5260 641 5317 agere
667 5245 827 5312 tentaverit,
857 5244 1033 5317 infringetur
1077 5247 1208 5319 judicare
1229 5248 1306 5304 vivos
1319 5253 1347 5305 et
1359 5252 1499 5306 mortuos.
1515 5248 1744 5322 EtinSpiritum
1758 5251 1884 5306 sanctum

216 5340 295 5398 omni
317 5354 423 5412 genere
447 5337 647 5410 hin'uscemodi
671 5340 789 5394 conatus
815 5342 845 5393 et
866 5338 1033 5395 restituatur
1081 5343 1136 5397 Eos
1149 5345 1246 5397 autem
1261 5342 1311 5415 qui
1324 5343 1423 5399 dicunt
1437 5348 1509 5411 erat,
1524 5344 1639 5416 qnando
1653 5358 1713 5400 non
1730 5344 1794 5400 erat
1804 5344 1834 5399 et
1844 5355 1884 5396 sa·

214 5433 339 5509 propria
354 5431 483 5490 Ecclesia
498 5431 527 5487 in
541 5448 598 5505 qua
611 5431 756 5489 ordinatus
770 5433 823 5489 est.
1080 5438 1198 5508 tequam
1220 5438 1384 5492 nasceretur
1400 5452 1459 5492 non
1472 5439 1543 5506 erat,
1560 5441 1589 5494 et
1599 5437 1680 5510 qood
1693 5450 1729 5495 ex
1745 5436 1831 5493 nohis
1841 5430 1885 5490 ui·

252 5530 317 5585 xvv.
342 5526 438 5600 siqui
462 5540 529 5581 vcro
552 5525 690 5582 timorem
712 5525 762 5581 llei
785 5527 1032 5584 anteoculosnon
1080 5529 1220 5586 stantibus
1241 5530 1332 5586 lactus
1354 5535 1407 5601 est,
1431 5533 1481 5586 aut
1500 5547 1534 5586 or
1554 5530 1652 5604 eliqua
1675 5530 1832 5588 substamia
1849 5520 1883 5579 vel
1925 5580 1927 5593 ¹

218 5622 367 5692 habentes,
389 5634 483 5693 neque
506 5619 693 5675 ecclesiastica
712 5623 818 5676 statuta
832 5621 1030 5693 custodientes,
1081 5628 1192 5696 natura,
1206 5639 1274 5680 eum
1285 5625 1410 5680 dicentes
1423 5639 1484 5682 esse
1497 5621 1677 5698 mutabllem,
1692 5629 1725 5683 at
1735 5615 1883 5683 enema

201 5716 360 5770 recesserit
372 5713 411 5770 ab
425 5713 548 5770 Ecclesia
561 5730 612 5770 soa
626 5712 685 5770 sive
706 5714 857 5789 presbyter
869 5716 925 5773 sive
937 5717 1029 5773 diaco·
1082 5717 1135 5773 lem
1153 5718 1254 5775 Filium
1276 5718 1336 5788 Del,
1355 5719 1533 5792 perhibendo
1557 5719 1609 5775 has
1625 5710 1882 5786 sinsthemstiast,tl

182 5791 253 5869 nus,
273 5805 320 5860 vel
337 5806 371 5862 in
399 5824 581 5889 quocunque
603 5809 798 5872 ecclesiastico
818 5811 923 5872 'ordine
947 5811 1036 5891 positi
1084 5811 1403 5870 mndemnatcatholica
1417 5818 1447 5872 et
1465 5813 1621 5903 apastolica
1633 5812 1769 5905 Ecplesis.
1781 5804 1881 5871 lleesd
