3870 6150
223 274 270 334 aar
666 263 809 322 neuun.
829 260 874 318 lo
894 260 975 317 sac.
992 256 1224 319 rx.-1sroom
1242 255 1455 314 uaaeironrs
1862 262 1911 316 232

222 398 307 456 quarn
323 379 372 453 qui
386 376 513 434 abundat
525 390 620 444 sensu,
631 377 660 428 et
671 370 880 444 transgreditur
889 372 981 441 legem
989 371 1034 424 ΑΙ-
1047 380 1077 453 ,q
1087 366 1195 422 militer
1205 367 1386 422 obsecramur
1393 383 1441 421 vos
1452 366 1481 420 in
1492 365 1611 422 Domino
1622 364 1771 437 «utdigne
1781 365 1912 421 ambule-

223 475 336 531 tissimi.
352 474 400 528 Est
412 470 528 526 solertia
539 471 625 537 certa,
640 470 669 522 et
686 467 749 538 ipsa
768 465 876 536 iniqua,
892 469 922 518 ct
935 465 1039 535 estqui
1089 461 1125 516 tis
1140 460 1285 515 vocatione
1305 477 1361 530 qua
1373 461 1461 514 vocati
1477 460 1544 515 estis
1562 476 1627 515 cum
1647 459 1726 515 omni
1746 460 1911 515 bumilitate

224 568 328 626 emittit
340 565 458 621 verbum
471 565 582 620 certum
602 576 737 617 enarrans
752 559 909 614 veritatem.
932 559 979 612 Est
991 557 1040 628 qui
1089 554 1424 621 etmansnetudine,curu
1433 553 1699 626 patientiainvicem
1708 557 1912 626 supportantes

222 661 355 734 nequiter
376 658 507 714 humiliat
528 672 568 724 se,
591 658 620 709 et
640 653 774 708 interiora
792 651 852 721 ejus
872 651 956 722 plena
973 655 1041 706 suut
1089 649 1118 702 in
1141 648 1288 718 charitate,
1310 647 1421 702 solliciti
1443 664 1553 703 servare
1577 647 1716 702 unitatem
1742 646 1862 719 spiritus
1882 648 1910 703 in

223 757 297 812 dolo.
314 755 348 809 Et
360 757 402 807 est
412 752 506 823 justos
519 748 569 821 qui
581 763 610 802 se
626 746 748 800 nimium
765 744 936 800 submittite
949 745 1040 800 multa
1088 742 1201 796 vinculo
1215 742 1303 813 pacis,
1319 758 1410 796 uuum
1426 758 1528 813 corpus
1547 746 1576 796 et
1590 758 1663 796 unus
1685 741 1817 813 spiritus,
1842 742 1912 797 sicut

221 848 392 913 humilitate,
407 850 436 899 et
450 848 491 900 est
500 843 595 914 justus
615 841 663 911 qui
679 839 797 894 inclinat
816 837 928 905 faciem,
943 843 972 893 et
983 838 1038 891 fin·
1080 835 1179 889 ¹vocati
1194 836 1261 890 estis
1281 835 1311 889 in
1326 851 1384 890 una
1403 851 1453 906 spe
1467 835 1624 890 vocationis
1636 838 1746 902 vestra,
1766 852 1841 890 unus
1854 836 1908 890 Ito·

223 944 266 1014 git
279 958 337 996 nou
351 938 447 994 videre
466 953 495 991 sc
516 934 592 1006 quod
610 934 771 1006 ignoratum
786 937 837 986 est.
851 932 885 986 Et
901 929 924 985 si
937 931 972 985 ab
984 931 1039 986 im·
1089 929 1195 996 minus,
1207 946 1264 983 uua
1278 928 1359 997 sides,
1369 945 1461 983 unum
1475 928 1628 999 baptisma,
1644 945 1719 983 uuus
1730 928 1910 994 Deus,etPa·

187 1064 191 1069 ·
221 1033 373 1089 bacillitate
387 1029 490 1084 virium
502 1031 613 1082 vetetur
626 1041 753 1097 peccare,
767 1025 791 1079 si
806 1024 948 1078 invenerit
965 1029 1038 1079 tem·
1089 1025 1133 1076 ter
1147 1021 1287 1088 omnium,
1296 1022 1345 1093 qui
1356 1038 1441 1092 super
1451 1038 1562 1088 omnes,
1574 1027 1664 1092 ctper
1680 1021 1791 1091 omnia,
1804 1023 1834 1076 in
1848 1039 1906 1077 om-

222 1143 275 1197 pus
295 1122 491 1180 malefaciendi
515 1119 681 1176 malefaciet.
708 1118 749 1172 Ex
773 1118 834 1172 visu
859 1117 1040 1188 cognoscitur
1090 1115 1173 1170 vribus
1181 1115 1273 1170 nobis.
1283 1115 1441 1186 Unicuique
1451 1120 1545 1170 autern
1554 1117 1681 1170 nostrum
1693 1115 1761 1169 data
1769 1121 1812 1170 est
1822 1117 1907 1186 gratia

221 1220 273 1286 vir,
288 1224 317 1274 et
330 1217 364 1271 ab
378 1231 495 1272 occursu
509 1214 590 1268 faciei
605 1210 784 1284 cognoscitur
805 1215 943 1278 sensatus,
966 1210 1039 1264 ami·
1089 1209 1245 1264 secundum
1252 1225 1416 1264 mensuram
1424 1209 1585 1264 donationis
1592 1208 1905 1281 Christi,pr0pterquod

221 1319 282 1368 ctus
295 1309 422 1382 corporis
435 1312 463 1364 et
477 1308 549 1363 risus
563 1306 704 1372 dentium,
715 1310 744 1359 et
757 1304 904 1375 ingressus
913 1303 1040 1359 hominis
1090 1301 1158 1357 dicit
1169 1320 1175 1358 :
1187 1303 1349 1357 ascendens
1362 1303 1391 1356 in
1405 1303 1495 1358 altum
1511 1301 1651 1374 captivam
1667 1302 1752 1357 duxit
1766 1303 1903 1374 captivita-

222 1406 351 1462 enuntiat
363 1404 399 1458 do
413 1402 472 1457 illo.
483 1402 532 1456 Est
542 1399 683 1470 correptio
695 1397 818 1454 mendax
834 1396 862 1452 in
879 1415 927 1452 ore
942 1403 1040 1452 contu·
1088 1399 1158 1462 tem,
1173 1396 1253 1451 dedit
1265 1395 1341 1450 bona
1363 1395 1539 1451 hominibus.
1557 1395 1638 1461 Quod
1656 1401 1756 1451 autern
1772 1396 1901 1467 ascendit,

221 1494 556 1567 rneliosietestjudicium
562 1490 1037 1565 quodnonprobaturessebonum,
1089 1489 1157 1561 quid
1170 1493 1214 1544 est
1227 1489 1282 1544 nisi
1294 1490 1362 1561 quia
1375 1494 1404 1544 ot
1419 1489 1564 1544 descendit
1575 1488 1704 1560 primum
1716 1489 1747 1544 in
1760 1490 1902 1545 interiores

221 1597 249 1649 et
264 1596 307 1648 est
322 1596 426 1657 tacens,
440 1591 469 1644 et
482 1587 541 1659 ipse
554 1591 596 1642 cst
607 1585 744 1657 prudens.
766 1584 858 1648 Quam
873 1584 981 1638 bonum
998 1588 1041 1638 est
1088 1587 1182 1654 partes
1198 1587 1291 1638 terrm.
1308 1583 1362 1647 Qui
1380 1582 1528 1638 descendit
1545 1582 1604 1654 ipse
1620 1586 1663 1638 est
1676 1586 1705 1638 et
1718 1582 1770 1654 qui
1785 1583 1901 1638 ascendit

222 1702 345 1758 arguere
358 1699 444 1755 quam
454 1681 545 1746 irasci,
559 1686 588 1735 et
602 1678 786 1733 confitentem
799 1677 828 1731 in
839 1678 967 1732 oratione
981 1693 1039 1731 non
1088 1693 1173 1748 super
1191 1693 1291 1732 omues
1305 1677 1400 1744 coelos,
1423 1679 1456 1730 ut
1474 1676 1644 1748 adimpleret
1661 1675 1771 1731 omnia.
1795 1678 1830 1731 Et
1848 1677 1899 1748 ipse

221 1777 390 1854 prohiberet
406 1771 783 1846 Concupiscentiaspadonis
796 1771 985 1842 devirginavit
994 1765 1076 1841 ju-B
1088 1769 1165 1825 dedit
1184 1769 1323 1840 quosdam
1343 1769 1462 1840 quidem
1484 1771 1638 1841 apostolos,
1657 1769 1801 1841 quosdam
1813 1775 1898 1824 auten

220 1873 380 1938 venculam,
396 1871 436 1925 sic
457 1869 507 1940 qui
519 1866 589 1923 facit
603 1865 725 1938 pervim
738 1865 1037 1936 judiciumiuiquum.
1089 1863 1254 1935 prophetas,
1265 1863 1333 1917 alios
1342 1879 1408 1918 vero
1418 1864 1613 1934 evangelistas,
1626 1863 1697 1918 alios
1707 1867 1805 1918 autem
1818 1868 1899 1935 pasto
1928 1890 1932 1901 ·

221 1970 313 2032 Quam
323 1967 433 2021 bonurn
444 1963 622 2032 estcorrepto
632 1959 814 2014 manifestare
828 1958 1037 2029 poenitentiam,
1088 1973 1135 2011 res
1157 1962 1184 2013 et
1200 1957 1329 2012 doctores
1351 1957 1387 2011 ad
1406 1956 1683 2012 consummationem
1697 1957 1897 2012 sanctorumin

220 2062 259 2116 sic
273 2059 351 2115 enim
365 2055 483 2128 effugies
496 2053 685 2109 voluntarium
707 2056 866 2123 peceatum.
883 2052 930 2106 Est
942 2057 1038 2107 tacens
1089 2066 1161 2122 opus
1183 2050 1341 2118 ministerii,
1360 2050 1390 2105 in
1413 2050 1630 2105 adillcatiouem
1645 2051 1773 2122 corporis
1794 2050 1898 2119 Christi,

222 2154 271 2225 qai
282 2151 427 2207 invenitur
439 2148 559 2220 sapiens,
577 2151 606 2200 et
620 2152 663 2201 est
676 2145 788 2200 odibilis
807 2145 856 2217 qui
877 2160 982 2216 procax
996 2149 1039 2201 est
1088 2145 1180 2200 donec
1195 2161 1377 2200 occurramus
1391 2161 1491 2200 ornnes
1505 2144 1534 2199 in
1546 2145 1687 2199 unitatem
1700 2144 1778 2213 fidei,
1790 2145 1899 2217 etagui·

219 2246 254 2301 ad
265 2243 452 2316 loquendum.
463 2242 511 2294 Est
521 2243 618 2294 autem
627 2242 724 2293 tacens
733 2238 913 2292 nonhabens
923 2254 1038 2293 sensum
1088 2237 1173 2293 tionis
1185 2238 1248 2293 Filii
1263 2239 1311 2293 liei
1330 2239 1360 2292 in
1381 2238 1475 2292 virum
1498 2236 1667 2309 perfectum,
1688 2238 1720 2293 in
1741 2252 1898 2293 mensnram

219 2339 348 2409 loquelas,
365 2339 407 2390 est
421 2339 450 2389 ct
465 2340 561 2390 tacens
575 2336 699 2403 tempus,
711 2332 802 2386 sciens
816 2331 875 2402 apti
887 2332 1035 2402 temperis.
1088 2331 1177 2386 atatis
1191 2331 1374 2402 plenitudinis
1384 2331 1497 2398 Christi,
1512 2331 1609 2403 utjam
1622 2331 1784 2387 nausimus
1798 2331 1900 2403 pertriti

220 2434 309 2488 Homo
331 2429 442 2501 sapiens
466 2426 572 2482 tacebit
597 2442 687 2497 usque
714 2425 749 2480 ad
774 2429 896 2496 tempus,
920 2424 1038 2479 lascivus
1087 2423 1266 2493 fluctuantes,
1284 2430 1313 2480 et
1333 2425 1570 2480 circumferamur
1580 2426 1659 2480 omni
1671 2430 1757 2480 rento
1770 2426 1900 2481 doctrina

219 2529 314 2582 autem
324 2527 353 2579 et
363 2522 531 2595 imprudens
541 2536 600 2576 non
611 2518 734 2575 servabit
743 2522 866 2590 tempus.
876 2517 1037 2581 Ouimultis
1087 2518 1117 2573 in
1127 2519 1256 2590 nequitia
1266 2519 1426 2587 hominum,
1437 2519 1466 2574 in
1477 2519 1580 2574 astutia
1586 2518 1623 2573 ad
1632 2519 1899 2575 circumventionem

217 2621 309 2676 utitur
318 2617 410 2674 verbis
419 2616 499 2671 laedit
506 2614 634 2670 animam
646 2629 736 2681 suam,
752 2618 780 2668 et
801 2614 851 2685 qui
867 2616 1037 2683 potestatem
1087 2612 1192 2668 erroris
1208 2613 1286 2684 (Epir.
1299 2629 1338 2684 ιν,
1354 2616 1364 2667 l
1379 2617 1405 2668 et
1419 2616 1497 2682 seq).
1511 2634 1525 2663 »
1541 2612 1579 2668 De
1592 2612 1709 2668 occultis
1723 2612 1803 2667 enim
1816 2611 1900 2668 cordis

218 2715 271 2770 sibi
287 2712 406 2768 assumit
419 2710 524 2781 injuste
547 2708 669 2765 odietur.
694 2709 742 2762 Est
756 2706 896 2778 processio
912 2707 941 2761 iu
954 2707 1037 2761 malis
1087 2706 1173 2762 alieni
1185 2712 1291 2762 temere
1295 2705 1425 2779 judicare
1439 2706 1569 2777 iniquum
1580 2708 1660 2762 estet
1673 2723 1741 2762 eum
1755 2707 1838 2779 cujus
1848 2722 1899 2763 nou

219 2807 279 2862 viro
293 2805 512 2876 indisciplinato,
528 2805 557 2857 et
576 2805 618 2857 cst
632 2801 757 2856 inventio
777 2800 807 2854 in
821 2800 1035 2856 detrimentum.
1086 2799 1218 2856 videntur
1228 2800 1283 2855 nisi
1296 2817 1384 2872 opera
1396 2799 1479 2868 bona,
1491 2803 1639 2871 peccatum
1653 2803 1696 2856 est
1705 2816 1739 2855 ex
1748 2801 1898 2873 suspicione

218 2902 266 2956 Est
278 2899 377 2954 datum
395 2897 471 2968 quod
491 2911 550 2950 non
565 2897 609 2949 est
625 2894 704 2965 utile,
722 2899 751 2949 et
766 2898 810 2948 est
830 2893 940 2962 datum,
955 2894 1035 2965 cujus
1087 2894 1307 2967 reprehendere.
1318 2895 1387 2950 Oves
1402 2910 1471 2966 ergo
1486 2911 1551 2967 qum
1565 2892 1670 2965 pastori
1682 2910 1735 2950 suo
1747 2895 1898 2951 commisse

218 2992 366 3049 retributio
379 2989 495 3061 duplex,
505 2989 555 3043 sed
569 2990 687 3059 propter
696 2987 819 3060 gloriam
832 2986 999 3057 minoratio,
1008 2991 1036 3042 et
1086 2991 1161 3058 sunt,
1174 3004 1241 3042 eum
1257 3005 1310 3042 nec
1325 2987 1537 3060 reprehendere
1552 2987 1616 3058 (nisi
1630 3005 1647 3043 a
1660 2994 1740 3044 recta
1755 2988 1814 3045 fide
1828 3004 1899 3046 exer·

218 3092 261 3143 cst
274 3087 324 3159 qui
336 3085 372 3140 ab
387 3082 547 3139 humilitate
566 3081 670 3137 levabit
691 3084 785 3153 caput.
809 3083 858 3136 Est
876 3081 926 3152 qui
945 3082 1035 3137 multa
1085 3081 1226 3152 ditaverit)
1242 3081 1357 3150 debent,
1380 3098 1432 3137 nec
1456 3082 1599 3136 ullatenus
1621 3097 1755 3138 accusare
1778 3086 1898 3154 possunt,

217 3179 340 3236 redimat
358 3178 471 3233 modico
494 3175 595 3247 pretio,
610 3179 638 3230 et
653 3180 696 3230 cst
709 3175 862 3231 restituens
884 3191 918 3230 ca
939 3180 1034 3246 scptu·
1045 3133 1073 3208 C
1086 3174 1153 3246 quia
1164 3175 1237 3230 faeta
1251 3179 1397 3247 pastorum
1417 3174 1473 3230 oris
1496 3174 1591 3246 gladio
1611 3175 1742 3231 ferienda
1757 3192 1819 3232 non
1830 3179 1898 3244 suut,

217 3277 308 3348 plum.
332 3272 453 3344 Sapiens
472 3271 503 3324 in
517 3268 611 3325 verbis
637 3269 763 3340 seipsum
784 3268 936 3324 amabilem
957 3268 1033 3337 iacit,
1085 3284 1249 3341 quanquam
1263 3274 1339 3324 recte
1354 3268 1593 3340 reprehendenda
1606 3269 1767 3325 videantur.

217 3369 316 3442 gratita
326 3371 423 3424 autem
432 3362 781 3431 fatuorumeliundentur,
790 3363 889 3418 datum
900 3361 1035 3434 insipien·
1119 3362 1186 3418 ldeo
1199 3363 1251 3418 ista
1264 3362 1394 3431 dicimus,
1411 3363 1479 3436 quia
1500 3363 1530 3418 in
1548 3362 1695 3437 scripturis
1711 3364 1815 3420 vestris
1827 3378 1901 3436 repe·

217 3463 252 3519 tis
265 3478 325 3518 non
339 3460 393 3516 erit
407 3458 475 3515 utile
488 3456 550 3512 tibi.
566 3455 645 3512 Oculi
658 3456 736 3512 enim
752 3456 827 3511 illius
839 3454 1035 3528 septemplices
1083 3456 1174 3512 rimus
1189 3455 1328 3529 quosdam
1348 3457 1496 3530 episcopos
1508 3458 1612 3513 nostris
1626 3457 1656 3512 in
1666 3457 1798 3529 partibus
1811 3476 1829 3514 a
1838 3472 1899 3530 pro·

113 3554 117 3561 ’
216 3559 292 3613 sunt.
309 3552 418 3625 Exigua
431 3550 520 3621 dabit,
536 3554 566 3605 et
576 3550 669 3605 multa
681 3549 899 3623 improperabit,
913 3554 941 3604 et
953 3565 1032 3621 aper·
1084 3550 1153 3622 priis
1163 3550 1264 3608 ovibus
1273 3551 1899 3624 accusatos,aliquosridelicetexsuspicione,

217 3649 324 3719 tiociis
338 3647 415 3703 illius
425 3644 612 3701 inflammatio
627 3648 680 3714 est,
695 3643 780 3699 hodie
792 3645 903 3698 fenerat
917 3644 991 3717 quis,
1005 3645 1035 3698 et
1084 3650 1112 3701 et
1125 3645 1238 3716 aliquos
1253 3662 1288 3701 ex
1299 3649 1375 3701 certa
1387 3645 1507 3700 ratione.
1523 3646 1556 3700 Et
1569 3644 1674 3701 idcirco
1689 3645 1832 3718 quosdam
1844 3659 1901 3701 assa

216 3760 277 3802 cras
296 3742 410 3816 expetit,
434 3742 463 3796 et
483 3738 596 3794 odibilis
623 3738 712 3793 hemo
737 3737 914 3809 hujusmodi.
944 3738 1034 3793 Fatue
1083 3739 1169 3795 rebus
1185 3740 1242 3794 suis
1255 3739 1432 3811 exspoliatos,
1446 3739 1585 3810 quosdam
1596 3754 1663 3794 vero
1678 3754 1695 3794 a
1710 3739 1828 3812 propria
1839 3738 1900 3795 sede

216 3855 275 3894 non
288 3836 343 3894 erit
354 3835 471 3903 anneus,
487 3835 516 3888 et
529 3848 588 3888 non
601 3832 656 3887 erit
676 3831 767 3905 gloria
778 3830 862 3887 bonis
878 3830 963 3886 illius.
980 3830 1035 3895 Qui
1084 3835 1189 3904 pulsos.
1205 3832 1281 3896 Quos
1296 3832 1400 3903 sciatis,
1416 3849 1466 3888 nec
1482 3832 1519 3887 ad
1529 3832 1668 3903 synodum
1681 3831 1901 3904 comprovincia-

217 3922 1035 4001 enimeduntpanemillius,falsaelingueesunt,quotieset
1084 3925 1152 3994 lem,
1164 3941 1215 3981 nec
1223 3926 1259 3980 ed
1268 3926 1432 3998 generalem
1441 3943 1523 3997 posse
1531 3925 1733 3993 vooan,nccin
1743 3925 1900 3999 aliquidjn·

217 4025 316 4099 quauti
326 4019 577 4079 irridebuuteuml
591 4034 686 4089 neque
696 4018 774 4073 euim
783 4017 859 4089 quod
869 4015 1034 4071 habendum
1084 4017 1177 4074 dicare
1186 4023 1339 4091 antequam
1350 4023 1450 4075 cuncta
1461 4036 1525 4092 quae
1537 4020 1579 4077 eis
1589 4019 1703 4075 sublata
1714 4025 1785 4075 sunt
1794 4018 1900 4092 legtbm

217 4121 280 4176 erat
302 4117 409 4172 directo
431 4129 515 4169 sensu
529 4111 681 4180 distribuit,
699 4110 828 4165 similiter
843 4115 873 4165 et
885 4109 962 4181 quod
976 4127 1035 4165 non
1084 4112 1216 4183 potestati
1229 4127 1327 4167 eorum
1348 4114 1588 4184 redintegrentur.
1602 4112 1685 4169 Prius
1703 4130 1776 4185 argo
1794 4116 1899 4186 oponst

217 4215 281 4267 erat
295 4205 470 4265 habendum.
481 4206 587 4277 tapsus
599 4204 679 4259 ialsre
686 4203 793 4276 linguar
806 4203 888 4275 quasi
900 4203 951 4276 qui
960 4220 977 4258 a
986 4220 1036 4275 pa·
1085 4205 1183 4260 omnia
1197 4206 1251 4260 illis
1263 4206 1374 4277 legibus
1387 4207 1589 4279 redintegrari,
1599 4210 1628 4262 et
1640 4207 1778 4262 Ecclesiae
1790 4222 1853 4280 qna
1861 4204 1897 4261 eis

217 4305 345 4360 umento
360 4300 475 4368 cadens,
493 4299 534 4354 sic
551 4314 631 4353 casus
649 4298 789 4354 malorum
804 4297 973 4353 festinanter
985 4314 1033 4352 ve·
1085 4299 1202 4355 sublata
1212 4304 1278 4356 sunt
1287 4317 1352 4355 curn
1363 4302 1440 4356 omni
1450 4301 1599 4372 privilegio
1608 4317 1660 4355 suo
1667 4301 1781 4357 restitui
1791 4305 1829 4372 et,
1840 4286 1902 4372 pos

217 4399 308 4457 nient.
324 4399 415 4452 llomo
425 4394 557 4466 ingratus
568 4392 649 4465 quasi
661 4392 756 4448 tabula
770 4408 843 4447 vana
858 4391 945 4447 inore
959 4392 1033 4448 indi·
1084 4393 1202 4449 modum
1213 4411 1272 4450 nou
1282 4394 1333 4450 sub
1345 4397 1458 4466 angusti
1469 4395 1606 4466 temporis
1615 4395 1715 4467 spatio,
1727 4394 1781 4451 sed
1790 4398 1894 4451 tantun

216 4494 429 4568 seiplinatorurn
446 4487 559 4544 assidua
581 4487 644 4542 erit.
668 4487 705 4542 Ex
721 4502 769 4542 ore
782 4486 854 4542 fatui
869 4487 1033 4557 reprobabi·
1043 4506 1074 4580 Ι)
1085 4488 1222 4560 temporis
1237 4489 1359 4560 spatium
1374 4489 1414 4545 eis
1428 4488 1625 4560 indulgeatur,
1649 4493 1790 4560 quantum
1803 4502 1893 4560 exspo-

216 4598 265 4647 tur
279 4586 423 4662 parabola,
438 4599 498 4639 non
513 4581 592 4638 enim
606 4580 674 4637 dicit
686 4581 764 4636 illam
785 4580 815 4635 in
831 4584 959 4654 tempore
972 4598 1033 4638 suo.
1084 4581 1146 4637 liati
1159 4583 1201 4637 vel
1213 4582 1319 4654 expulsi
1329 4600 1389 4639 esse
1400 4582 1532 4639 ridentur
1540 4585 1697 4655 antequam
1711 4582 1748 4637 ad
1765 4581 1893 4655 synodum

217 4687 266 4741 Est
279 4682 329 4755 qui
343 4684 454 4737 vetatur
466 4692 584 4750 peecare
600 4675 636 4730 ab
649 4674 756 4746 inopia,
777 4678 805 4731 et
827 4676 855 4729 in
874 4676 973 4747 requie
984 4692 1035 4732 sua
1084 4679 1282 4744 convocentur,
1291 4676 1359 4733 etab
1368 4677 1503 4732 omnihus
1513 4677 1674 4749 quibusque
1683 4693 1742 4732 suae
1751 4673 1891 4749 promes

218 4774 420 4834 stimulabitur.
436 4773 484 4827 Est
495 4770 546 4843 qui
558 4769 658 4842 perdet
672 4768 799 4825 animam
809 4785 890 4825 snam
904 4786 956 4841 pro
970 4786 1035 4825 con·
1085 4769 1223 4842 episcopis
1235 4770 1395 4826 audiantur.
1409 4773 1480 4825 Nam
1493 4788 1546 4825 nee
1559 4770 1711 4826 convocari
1724 4771 1761 4825 ad
1776 4783 1889 4835 mosen,

218 4871 341 4937 tudone,
354 4872 384 4924 et
396 4866 432 4921 ab
445 4863 619 4936 imprudenti
634 4879 756 4935 persona
770 4862 871 4936 perdet
884 4879 957 4932 eam,
970 4880 1034 4935 per·
1084 4880 1138 4919 nec
1151 4864 1299 4935 dijudicari
1320 4868 1414 4934 potest
1433 4864 1604 4935 exspoliatus
1617 4864 1661 4920 rel
1677 4864 1821 4936 expulsus,
1835 4860 1889 4934 quit

219 4981 297 5022 sonte
309 4965 407 5019 autem
423 4958 586 5030 acceptioue
598 4956 701 5028 perdet
712 4973 752 5012 se.
769 4957 816 5012 Est
825 4957 875 5028 qui
889 4972 950 5029 prae
964 4973 1033 5013 con·
1085 4962 1189 5014 nonest
1195 4958 1386 5030 privilegium,
1395 4959 1603 5030 quoerspoliari
1609 4957 1887 5031 possitjamnudatus

218 5059 329 5117 lusione
341 5053 481 5129 promittit
493 5068 545 5124 pro
561 5051 666 5119 amica
676 5053 705 5105 et
712 5051 836 5106 lucratus
849 5054 892 5105 est
905 5067 971 5106 eum
982 5051 1035 5105 ini·
1084 5051 1165 5107 Unde
1180 5055 1209 5107 et
1226 5051 1383 5122 antiquitus
1404 5051 1551 5108 decretum
1564 5057 1616 5122 est,
1633 5058 1664 5107 nt
1676 5068 1778 5108 omnes
1791 5063 1888 5125 posse*

218 5154 328 5212 micum
341 5149 437 5223 gratis.
452 5144 730 5219 Opprobriumenim
740 5159 864 5216 nequam
876 5145 907 5199 in
919 5145 1034 5200 bomine
1084 5145 1188 5214 aiones,
1202 5149 1231 5201 et
1243 5145 1340 5200 omnia
1360 5145 1412 5199 sibi
1428 5145 1539 5201 sublata
1557 5151 1642 5217 atque
1662 5146 1772 5201 bucera
1786 5148 1888 5200 cunctos

218 5244 411 5311 mendacium,
419 5240 483 5298 etin
492 5256 541 5295 ore
556 5237 830 5309 indisciplinatorum
842 5237 953 5294 assidue
968 5237 1032 5294 erit.
1083 5244 1148 5293 ante
1162 5240 1239 5295 litem
1253 5243 1436 5294 contestatam
1450 5245 1607 5312 preceptor
1617 5238 1660 5295 vel
1673 5239 1784 5311 primas
1795 5252 1890 5312 poeste

218 5342 326 5402 Laudat
337 5340 432 5395 furem
448 5332 595 5390 assiduitas
605 5331 657 5387 viri
671 5331 826 5402 mendacis,
842 5330 1034 5404 perditionem
1084 5333 1139 5388 sori
1150 5333 1286 5388 restituat.
1297 5335 1331 5389 Et
1341 5334 1409 5389 alibi
1419 5334 1556 5405 scriptum
1571 5333 1695 5389 babetur
1706 5350 1713 5388 :
1724 5334 1775 5389 llle
1788 5330 1890 5405 quirio

218 5441 316 5495 autem
328 5431 413 5489 ambo
426 5425 646 5485 haereditabunt.
658 5426 747 5481 liores
757 5425 907 5481 hominum
919 5425 1034 5481 menda·
1083 5425 1496 5499 lentiampertulitunirersaia
1504 5433 1639 5499 statuque
1649 5425 1891 5499 fuerantrecipiat,

217 5535 295 5592 cium
307 5530 369 5587 sine
382 5528 500 5593 honore,
513 5519 680 5578 etcontusio
690 5519 805 5576 illomrn
818 5536 884 5575 cum
892 5518 960 5591 ipsis
970 5520 1032 5575 sine
1083 5524 1112 5576 et
1125 5536 1189 5592 quae
1200 5520 1324 5593 possidet
1333 5538 1449 5576 securus
1462 5526 1565 5577 teneat.
1579 5522 1611 5575 Et
1623 5520 1691 5576 alibi
1703 5536 1710 5576 :
1721 5521 1753 5575 ln
1762 5517 1894 5593 synodati-

219 5623 427 5685 intermissione
439 5617 528 5692 (tiocli.
539 5616 714 5686 xvu1,3tl32;
720 5630 776 5682 xrx,
785 5616 856 5682 {283
865 5629 910 5685 xx,
921 5615 1003 5685 raa).
1016 5635 1031 5666 n
1081 5614 1134 5669 bus
1148 5616 1263 5672 Petrum
1279 5615 1406 5682 decretis,
1420 5619 1449 5670 et
1461 5632 1563 5686 regum
1576 5615 1673 5671 edictis
1691 5614 1800 5687 legitur
1811 5616 1895 5669 statu

252 5723 316 5788 Vos,
325 5719 438 5783 tratres,
448 5713 637 5770 admonemus
651 5708 803 5781 protutura
812 5707 978 5763 hominibus
988 5707 1031 5764 in-
1081 5711 1144 5764 tum
1156 5726 1163 5765 :
1176 5709 1407 5782 [redintegranda
1419 5715 1485 5766 sunt
1498 5709 1594 5766 omnia
1611 5707 1776 5782 exspoliatis
1787 5708 1833 5766 vel
1847 5708 1899 5779 eje·

196 5808 289 5869 neem
303 5809 511 5867 indesinenter
527 5805 632 5864 sectam
651 5803 683 5863 in
704 5800 843 5862 charitate
862 5801 977 5879 turbu,
993 5803 1031 5860 si·
1082 5803 1283 5881 ctisepiscopis
1294 5803 1526 5881 poenitentialiter
1538 5802 1718 5865 ordinatione
1728 5803 1897 5885 pontifimm
