3870 6150
764 234 1019 291 enoteeonen'a.
1709 258 1758 300 rui

77 378 249 454 impugnet:
267 379 324 436 «Si
339 395 407 435 vero
427 378 493 436 ideo
510 379 588 450 talia,
605 379 699 452 inquit
716 379 781 451 (15),
800 396 865 453 quae
884 379 937 436 tibi
959 380 1017 435 visa
1039 386 1116 451 sunt,
1139 383 1175 437 de
1195 382 1321 454 praelatis
1339 382 1489 439 sententiis
1509 383 1707 456 (hugllramnil
1727 402 1760 443 ae

74 486 147 543 sepe
159 468 328 525 memoratis
342 467 468 540 epistolis
480 467 676 524 detruncando
690 472 720 525 et
730 469 965 540 preposlarando
980 474 1064 544 atque
1079 469 1284 528 disordinando
1298 472 1448 546 collegisti,
1469 473 1538 546 qnia
1554 474 1628 530 torte
1642 476 1759 547 putasti,

71 560 219 616 nemiuem
233 558 323 614 alium
336 558 453 614 easdem
469 558 624 614 sententias
641 558 685 615 vel
702 558 777 630 ipsas
796 557 927 631 epistolas
944 575 1005 631 prae
1024 562 1052 615 te
1070 560 1189 629 hahere,
1203 560 1348 617 etidcirco
1362 560 1431 616 talia
1449 560 1539 618 libere
1553 566 1582 617 te
1595 562 1760 621 existimasti
1799 558 1808 571 ’

71 666 155 722 posse
167 649 314 721 colligere,
330 665 376 704 res
390 648 463 703 mira
477 652 529 718 est,
543 663 610 703 cum
624 649 660 704 de
672 647 740 720 ipsis
755 649 905 704 sententiis
917 649 1004 720 plena
1021 651 1056 706 sit
1071 651 1125 707 ista
1138 655 1226 721 terra,
1241 650 1316 706 sient
1327 652 1356 706 et
1368 650 1403 706 de
1416 650 1488 706 libro
1502 652 1683 709 collectarum
1697 653 1759 727 epi·

69 740 213 795 stolarum
226 739 263 794 ab
276 739 394 808 lsidoro,
408 755 494 811 quem
512 739 547 795 de
570 737 704 811 Hispania
720 738 840 795 allatum
862 737 988 794 llicullus
1006 739 1190 812 llognntinus
1209 737 1401 812 episcopusin
1415 738 1589 810 hujusmodi,
1604 740 1677 797 sicut
1688 747 1717 798 et
1729 742 1759 799 iu

69 830 203 902 capitulis
216 830 305 902 regiis
317 829 473 898 studiosus,
490 829 615 886 obtinuit
627 835 656 887 et
668 830 737 886 istas
750 831 884 903 regiones
894 846 934 909 ex*
944 829 998 885 illis
1010 829 1116 902 repleri
1128 828 1205 886 lecit.
1218 852 1231 879 a

102 947 202 1015 tides,
220 947 403 1004 hincmarum
415 948 508 1003 adhuc
521 947 687 1020 capitularia
698 964 749 1019 pro
764 947 891 1020 genuina
908 947 1007 1004 lsidori
1021 947 1189 1004 collectione
1203 947 1320 1017 habere,
1336 947 1424 1020 idque
1438 948 1636 1005 tantummodo
1656 964 1757 1023 repre·
1862 970 1865 977 ·

68 1036 213 1103 bendere,
226 1037 303 1110 quod
317 1037 392 1092 mele
408 1036 478 1108 ipsis
486 1038 585 1109 junior
597 1038 776 1107 llincmarus,
791 1039 863 1095 sicut
875 1040 905 1097 et
913 1038 1093 1111 engilramni
1107 1038 1239 1110 capitulis
1249 1054 1316 1093 usus
1329 1037 1425 1093 luerit.

105 1156 169 1226 lpse
182 1152 376 1209 Decretalibus
389 1154 553 1225 Clementis,
569 1157 706 1227 anacleti,
721 1157 887 1230 zephyrini,
906 1158 1043 1229 Stephani
1062 1157 1241 1228 aliorumque
1257 1157 1349 1213 ulitur
1361 1158 1426 1229 (17),
1444 1159 1476 1212 ut
1490 1157 1525 1212 ab
1542 1157 1681 1229 episcopis
1695 1174 1758 1214 me-

71 1242 255 1314 tropolitanis
266 1242 392 1298 debitam
407 1243 600 1301 obedientiam
612 1245 807 1317 praestandam
827 1262 899 1315 esse,
913 1246 1033 1304 evincat.
1049 1248 1117 1313 Quis
1136 1263 1202 1303 vero
1220 1247 1307 1303 luerit
1320 1246 1465 1303 lliucmari
1484 1262 1595 1314 sensus,
1609 1263 1643 1303 ex
1656 1248 1759 1304 eodem

71 1333 213 1405 opusculo
232 1335 321 1405 patet.
343 1335 374 1388 ln
395 1350 430 1390 eo
449 1338 524 1390 tolus
543 1339 596 1407 est,
617 1341 649 1392 ut
668 1335 800 1392 ostendat
820 1351 869 1392 eos
888 1335 1088 1392 tantummodo
1106 1352 1231 1393 canones
1250 1336 1409 1408 sequendos
1429 1356 1443 1386 «
1461 1352 1532 1408 quos
1547 1336 1699 1408 apostolica
1714 1352 1760 1393 se·

70 1425 121 1480 des
206 1427 236 1479 et
249 1425 342 1480 omnis
357 1425 496 1481 cathohca
508 1425 633 1482 Ecclesia
647 1441 770 1482 canones
781 1425 917 1498 appellat,
930 1444 944 1479 a
958 1429 987 1482 et
998 1426 1048 1499 qui
1061 1426 1136 1492 lecit,
1153 1446 1168 1477 a
1181 1427 1213 1482 in
1225 1427 1331 1483 uostris
1344 1425 1500 1494 codicibus,
1514 1442 1586 1498 quos
1600 1426 1637 1483 ab
1650 1428 1763 1499 aposto-

69 1515 126 1570 lica
139 1513 208 1569 sede
221 1514 346 1586 majores
359 1516 450 1571 nostri
461 1521 633 1589 acceperuut
645 1516 805 1589 sequendos
817 1516 882 1588 (18).
900 1536 914 1565 »

107 1629 264 1702 Distinguit
278 1631 417 1688 nimirum
438 1632 608 1689 llincmarus
621 1634 672 1703 (19)
687 1632 764 1688 inter
781 1648 908 1689 canones
925 1637 955 1689 et
971 1633 1128 1689 decretales
1141 1635 1274 1707 epistolas
1288 1651 1321 1691 eo
1335 1635 1425 1705 nisus,
1441 1634 1517 1707 quod
1533 1633 1659 1690 Gelasins
1672 1633 1702 1688 in
1715 1649 1760 1705 sy·

72 1720 147 1775 nodo
157 1721 285 1775 Romana
293 1720 329 1777 de
337 1720 419 1776 libris
427 1722 599 1796 recipiendis
608 1727 638 1779 et
647 1740 704 1778 non
715 1721 884 1794 recipiendis
894 1739 984 1795 agens
993 1723 1079 1794 dicat,
1088 1724 1206 1780 concilia
1215 1726 1370 1797 recipienda
1379 1725 1597 1787 etcustodieada‚
1607 1724 1763 1781 decretales

72 1825 141 1863 raro
156 1810 288 1880 epistolas
300 1811 491 1867 uenerabiliter
502 1813 682 1883 recipiendus.
697 1813 802 1867 bocum
817 1811 929 1881 Leonis,
946 1829 1032 1885 mem
1048 1813 1178 1870 Nicolaus
1191 1816 1226 1872 ad
1241 1815 1390 1888 episcopos
1402 1815 1500 1871 Galliae
1515 1813 1761 1886 scribensallega·

72 1903 152 1953 serat
163 1898 228 1968 (50),
243 1900 283 1954 ita
294 1900 509 1972 iuterpretatur,
524 1900 640 1958 decreta
653 1901 822 1973 pontificum
837 1900 868 1954 in
880 1904 994 1957 tantum
1011 1903 1113 1970 valere,
1126 1903 1156 1958 iu
1169 1909 1310 1975 quantum
1323 1903 1505 1974 generalibus
1523 1903 1655 1958 Ecclesiae
1673 1905 1761 1957 statu·

74 1988 110 2041 tis
126 1992 294 2055 consonent,
304 1987 382 2044 aliud
397 2005 459 2045 esse
474 1990 551 2061 leges
563 1991 641 2061 dare,
654 1990 732 2045 aliud
747 1989 784 2045 ad
798 1991 876 2061 leges
885 1989 948 2061 J'am
962 1990 1042 2046 datas
1054 1991 1107 2047 hoc
1122 1993 1165 2048 vel
1178 1993 1249 2048 illud
1265 1992 1430 2048 decernere.
1451 1992 1642 2049 conciliorum
1659 1991 1763 2062 placita

74 2092 244 2147 supremam
257 2094 313 2134 esse
321 2079 397 2150 juris
412 2080 592 2135 ecelesiastici
607 2080 747 2151 regulam,
760 2095 854 2150 neque
868 2080 943 2135 Petri
955 2081 1051 2136 sedem
1067 2081 1239 2153 quidquam,
1255 2081 1331 2152 qnod
1342 2081 1505 2137 auctoritati
1519 2081 1704 2137 conciliorum
1715 2098 1760 2137 re·

18 2212 21 2217 .
76 2172 201 2238 prrguet,
214 2168 365 2240 precipere
385 2185 478 2242 posse.
499 2171 582 2225 Vocat
600 2169 717 2241 quidem
734 2169 787 2239 (51)
802 2172 966 2239 excerptum
981 2185 998 2224 a
1012 2173 1116 2242 nepote
1129 2186 1164 2226 ex
1178 2171 1451 2227 Pseudoisidorianis
1462 2171 1593 2226 libellum
1608 2190 1622 2223 a
1639 2171 1762 2227 circum·

74 2257 201 2328 positam
216 2258 346 2314 omnibus
358 2260 585 2332 metropolitanis
598 2258 799 2329 muscipulam,
814 2280 828 2307 υ
844 2273 902 2312 non
915 2260 1011 2313 autem
1024 2275 1069 2326 eo,
1083 2258 1159 2331 quod
1173 2259 1249 2332 ipsas
1265 2261 1424 2316 Decretales
1438 2277 1490 2333 pro
1507 2260 1607 2316 lrarrde
1618 2260 1761 2327 habuerit,

74 2345 124 2400 sed
134 2346 224 2418 quod,
240 2352 368 2420 utsupra
383 2347 514 2417 vidimus,
530 2349 570 2404 ita
584 2352 714 2419 excerpta
726 2351 755 2402 et
768 2347 885 2401 collecta
896 2345 954 2402 sint
967 2348 1143 2416 testimonia,
1154 2353 1188 2404 ut
1201 2350 1292 2405 multa
1307 2349 1486 2418 omittantur,
1501 2366 1567 2422 quoe
1579 2349 1764 2423 sullreganeis

75 2435 201 2490 debitam
218 2452 288 2508 erga
302 2438 498 2511 metropolitas
512 2438 717 2510 subjectionem
732 2437 878 2492 inculcent
891 2438 955 2507 (53),
970 2435 1027 2492 imo
1046 2438 1075 2493 in
1095 2438 1170 2510 ipsas
1187 2439 1347 2495 Decretales
1360 2439 1514 2510 invehitur,
1532 2457 1591 2496 non
1604 2456 1671 2496 vero
1683 2438 1763 2512 quod

75 2542 124 2597 pro
136 2527 313 2581 authenticis
325 2544 385 2583 non
397 2528 530 2597 haberet,
546 2528 596 2584 sed
610 2527 687 2600 quod
704 2527 828 2582 concihis
842 2543 901 2583 non
914 2542 1057 2582 consonas
1072 2531 1196 2599 putaret,
1212 2533 1317 2600 preter
1332 2547 1396 2602 quae
1411 2530 1593 2602 pontificibus
1613 2530 1686 2586 nihil
1700 2546 1763 2585 esse

75 2616 281 2685 deliniendum,
299 2619 476 2687 autumabat,
499 2635 594 2691 neque
610 2619 697 2673 ullam
719 2617 787 2689 ipsis
801 2616 999 2672 auctoritatem
1019 2616 1172 2687 tribuebat,
1188 2633 1223 2673 eo
1242 2619 1319 2690 quod
1341 2619 1372 2673 iu
1394 2619 1521 2675 codicem
1543 2635 1684 2675 canonum
1705 2635 1763 2674 non

77 2708 183 2763 luerint
197 2710 331 2779 receptae,
346 2709 525 2782 proindeque
539 2711 645 2767 nullius
659 2710 792 2765 adversus
802 2708 869 2781 jura
882 2705 1168 2779 metropolitanorum
1185 2708 1422 2781 synodorumque
1433 2709 1551 2764 roboris.

110 2826 217 2881 Exinde
239 2827 397 2898 repetenda
419 2831 462 2883 est
483 2844 597 2897 norma,
623 2828 659 2884 ad
677 2844 764 2900 quam
778 2826 920 2899 erigenda
940 2831 984 2883 est
1003 2826 1200 2897 interpretatio
1223 2825 1298 2882 illius
1319 2827 1457 2898 epistole,
1471 2826 1501 2882 in
1516 2843 1573 2899 qna
1585 2826 1715 2882 Nicolaus
1728 2825 1765 2881 de

77 2915 347 2971 Pseudoisidorianis
361 2916 551 2974 decretalibus
563 2917 698 2990 loquitur.
712 2920 782 2974 Cum
797 2919 888 2972 status
900 2916 1100 2972 controversie
1118 2916 1193 2972 inter
1207 2916 1375 2989 pontillcem
1396 2917 1637 2988 Hincmarumque
1652 2931 1764 2988 nequa·

76 3022 161 3078 quam
178 3006 253 3061 cirea
265 3005 445 3062 authentiam
461 3011 633 3078 versaretur,
648 3023 741 3080 neque
753 3007 932 3062 authentiam
945 3007 1107 3062 defendisse
1121 3006 1280 3063 censendus
1295 3011 1338 3062 est
1349 3006 1487 3063 Nicolaus.

107 3126 194 3177 Anno
208 3122 328 3179 demum
342 3125 394 3180 872
407 3124 575 3180 llincmarus
589 3125 740 3197 epistolam
753 3123 871 3180 nomine
883 3123 976 3181 Caroli
988 3125 1064 3180 Calvi
1079 3125 1115 3180 ad
1128 3125 1302 3180 lladrianum
1313 3126 1335 3180 ll
1344 3124 1480 3196 scribens,
1492 3125 1607 3197 plenam
1618 3124 1766 3181 invectivis

79 3224 102 3267 et
116 3213 276 3283 iracundia,
289 3214 468 3271 authentiam
482 3216 671 3272 mareulium
684 3214 809 3287 impetit.
824 3215 920 3271 Sacrae
936 3215 1108 3286 Scripturas,
1122 3216 1238 3270 Petrum
1251 3214 1445 3283 traditionem,
1459 3213 1648 3269 conciliorum
1661 3213 1764 3269 dedui-

78 3306 167 3360 tiones
176 3305 338 3377 sequendas
348 3326 364 3355 a
374 3304 451 3378 quod
461 3321 551 3374 secus,
563 3306 604 3361 ait
611 3306 676 3377 (53),
686 3303 837 3376 aquodam
848 3304 935 3359 luerit
945 3304 1131 3375 compilatum
1141 3305 1199 3361 sive
1209 3305 1373 3375 confictum,
1385 3322 1442 3360 non
1454 3304 1548 3360 solum
1558 3303 1765 3375 respuendum,

78 3395 123 3449 sed
136 3400 166 3451 et
178 3395 417 3467 redarguendum
436 3412 496 3452 esse
515 3396 721 3468 cognoscimus.
737 3417 750 3443 »
767 3395 871 3449 Verum
885 3394 948 3449 haec
963 3396 1072 3465 septem
1086 3394 1207 3466 integris
1221 3398 1286 3465 post
1301 3394 1405 3450 Nicolai
1421 3394 1570 3466 epistolam
1588 3392 1670 3449 annis
1689 3392 1767 3449 dicte

79 3486 163 3541 luisse
177 3502 213 3542 ne
228 3486 414 3542 obliviscaris.

112 3606 190 3671 Quod
212 3605 249 3662 ad
269 3606 453 3679 insequentes
468 3604 617 3661 Pontillces
636 3602 748 3670 attinet,
764 3617 829 3656 vere
850 3600 963 3655 dicendi
984 3605 1052 3656 sunt
1069 3601 1228 3658 Decretales
1249 3601 1347 3658 lsidori
1371 3601 1542 3673 neglexisse,
1560 3616 1656 3674 neque
1669 3603 1768 3660 Rome

76 3696 277 3752 collectionem
296 3695 442 3768 integram
462 3699 561 3750 notam
581 3693 666 3749 luisse
685 3695 771 3763 atque
791 3690 941 3746 invaluisse
956 3690 1009 3745 nisi
1030 3691 1134 3747 saeculo
1146 3708 1176 3747 ιι
1191 3691 1349 3761 mediante,
1364 3696 1515 3764 postquam
1527 3693 1616 3763 longo
1629 3692 1769 3764 temporis

77 3793 167 3842 tractu
179 3803 268 3842 omne
285 3785 405 3841 dubium
419 3785 607 3841 obmutuisset
619 3786 648 3839 et
662 3781 806 3838 communi
825 3778 954 3835 omnium
968 3794 1022 3834 usu
1035 3779 1177 3849 admissa,
1194 3784 1277 3851 atque
1293 3779 1366 3835 adeo
1379 3782 1409 3834 in
1424 3782 1609 3837 collectiones
1623 3798 1767 3839 canonum

76 3878 245 3950 daginonis,
259 3876 433 3933 Prumiensis
446 3881 475 3931 et
488 3872 645 3931 burchardi
658 3870 872 3928 wormatiensis
884 3872 1009 3941 receptae
1020 3866 1226 3938 luissent(53¹).
1236 3867 1364 3922 Nicolaus
1376 3869 1387 3921 1
1401 3868 1766 3939 (eeb)‚toaunesv111(5³q,

75 3972 133 4023 imo
142 3972 172 4023 S.
181 3966 338 4038 Gregorius
347 3966 392 4021 Vll
405 3965 482 4036 (53⁶),
493 3962 686 4020 restituendos
695 3962 813 4017 clericos
821 3959 990 4016 iomicarios
1000 3961 1029 4015 et
1039 3958 1199 4015 homicidas
1212 3962 1321 4029 negant
1332 3959 1432 4012 contra
1441 3972 1485 4023 ea,
1496 3973 1561 4029 quae
1572 3956 1769 4015 Pseudoisido-

74 4075 121 4114 rus
134 4059 168 4113 in
181 4055 304 4129 epistola
316 4055 423 4112 Callisti
436 4054 564 4111 secunda
578 4058 607 4109 et
620 4052 817 4109 additamento
831 4052 867 4108 ad
881 4050 1030 4122 epistolam
1039 4048 1170 4120 Gregorii
1181 4047 1275 4120 llagni
1289 4046 1326 4102 ad
1338 4047 1531 4104 Secundinum
1542 4046 1634 4103 docet.
1643 4049 1770 4103 ioannes

75 4149 216 4204 macnus
231 4148 386 4214 Romanus,
402 4145 451 4217 qui
465 4143 553 4199 vitam
568 4143 595 4200 S.
610 4141 741 4214 Gregorii
754 4140 867 4212 scripsit
880 4145 910 4196 et
920 4140 1020 4196 loanni
1035 4140 1091 4194 vlll
1105 4138 1217 4206 dicavit,
1230 4153 1296 4193 cum
1309 4137 1344 4192 de
1360 4137 1591 4193 accusationibus
1610 4143 1639 4194 et
1654 4137 1770 4210 judiciis

73 4256 104 4292 er
118 4237 257 4308 Gregorii
270 4235 398 4291 moribus
416 4238 445 4290 et
461 4233 592 4289 doctrina
613 4235 714 4289 tractet
727 4231 805 4303 (5³⁸),
821 4231 892 4287 nihil
907 4231 994 4286 habet
1006 4231 1041 4287 de
1055 4230 1090 4284 iis
1103 4245 1168 4301 quoe
1184 4228 1215 4283 in
1227 4226 1494 4283 Pseudoisidoriana
1507 4227 1637 4300 Gregorii
1649 4227 1770 4300 epistola

73 4327 109 4381 acl
126 4327 253 4383 Felicem
268 4326 473 4382 llessanensem
488 4324 524 4379 de
540 4323 593 4378 hoc
604 4326 772 4394 argumento
785 4323 982 4394 proferuntur.
996 4322 1064 4385 Quae
1077 4334 1143 4376 vero
1164 4318 1232 4374 abbi
1245 4317 1307 4387 (bid
1322 4317 1415 4373 adfert
1429 4317 1463 4372 de
1477 4317 1613 4388 gradibus
1626 4322 1655 4374 et
1674 4317 1769 4390 impe·
1848 4371 1858 4383 ,

75 4418 217 4473 dimenlis
232 4416 409 4488 cognationis
422 4414 463 4470 illi
473 4414 602 4488 epistolia
612 4412 726 4477 similia,
735 4428 794 4468 non
806 4429 841 4467 ex
850 4428 893 4483 ea,
903 4412 952 4467 sed
963 4427 998 4466 ex
1008 4409 1133 4481 Egberto
1144 4407 1248 4463 hausit.
1261 4406 1340 4463 Solos
1350 4405 1512 4478 reperimus
1523 4406 1697 4462 Hadrianum
1708 4408 1731 4462 ll
1742 4412 1771 4463 et

75 4508 261 4580 Stephanum
277 4508 296 4558 ll
310 4523 345 4562 ex
358 4505 550 4577 pontificibus,
567 4503 616 4577 qui
631 4506 697 4558 ante
713 4502 814 4558 Leonis
826 4504 858 4558 lll
870 4505 998 4574 tempora
1010 4500 1095 4555 lulsas
1107 4498 1262 4554 decretales
1274 4496 1409 4568 allegant.
1424 4495 1471 4553 llle
1482 4496 1512 4552 in
1526 4496 1645 4568 epistola
1654 4496 1721 4567 (dds)
1732 4496 1769 4552 ad

76 4596 223 4667 secrodunt
238 4597 439 4651 lluziacensem
450 4595 485 4651 de
495 4611 581 4650 causa
594 4594 706 4649 hcmrdi
720 4592 893 4649 Turonensis
904 4608 930 4647 a.
943 4595 990 4647 811
1006 4589 1110 4661 scripta
1120 4587 1269 4659 epistolam
1280 4586 1381 4642 huleri
1391 4603 1475 4658 papae
1485 4585 1607 4642 invocat.
1617 4587 1768 4641 Verumta-

76 4707 144 4744 men
157 4704 226 4743 cnm
239 4685 340 4742 nullibi
351 4685 535 4758 ceteroquin,
546 4683 613 4739 licet
625 4682 780 4756 sepissime
792 4682 861 4738 data
872 4681 958 4738 tuerit
968 4680 1087 4746 occasio,
1098 4676 1399 4735 pseudoisidorianum
1410 4674 1479 4748 qnid
1488 4676 1602 4747 alleget,
1615 4675 1770 4731 dicendum

77 4788 129 4843 est,
147 4794 218 4834 eum
231 4778 376 4850 integram
389 4775 586 4833 collectionem
596 4791 653 4830 uon
663 4773 766 4830 vidisse
779 4776 807 4828 et
819 4773 915 4829 locum
927 4771 1013 4828 istum
1024 4769 1199 4843 singularem
1213 4765 1326 4822 nonnisi
1338 4771 1511 4837 suggerente
1524 4766 1647 4822 hctardo
1660 4782 1769 4838 cogno·

115 5079 171 5145 :seq
184 5093 211 5131 ρ,
227 5078 270 5130 24,
986 5067 1054 5138 (53¹³)
1064 5067 1114 5138 Ep.
1127 5065 1174 5121 ad.
1185 5062 1341 5119 arduicum
1351 5061 1554 5118 vasionensem
1564 5062 1639 5134 apud
1652 5060 1771 5118 nachar.

117 5159 172 5225 ζ17)
184 5156 217 5212 c.
232 5157 321 5211 11-15.
951 5146 1084 5221 spicileg.
1103 5146 1133 5200 Τ.
1156 5145 1188 5200 ln
1210 5146 1239 5199 et
1259 5142 1295 5198 ad
1312 5158 1357 5215 ep.
1380 5157 1473 5214 germ.
1495 5158 1541 5215 ap.
1562 5143 1678 5198 llarten.
1701 5145 1770 5198 vett.

116 5238 171 5305 1¹48)
187 5236 220 5290 Τ.
235 5236 268 5290 ll.
282 5252 311 5308 p.
327 5234 377 5289 sle
390 5233 436 5289 ed.
453 5231 608 5289 Sirmondi.
952 5227 1059 5300 scriptt.
1071 5224 1136 5281 coll.
1151 5225 1181 5279 T.
1197 5226 1217 5278 1.

118 5316 174 5384 rtet
189 5315 337 5370 132516.
876 5370 881 5377 ,
989 5309 1054 5377 (531)
1078 5304 1127 5360 Ed.
1151 5304 1186 5359 ad
1207 5302 1422 5360 Cenomaticum
1444 5302 1628 5359 lluticensem
1652 5315 1713 5355 can.
1742 5299 1772 5354 l.

118 5398 174 5466 550)
188 5393 276 5451 Mansi
293 5395 345 5450 111.
362 5393 494 5449 101515.
954 5386 1017 5443 dist.
1035 5390 1080 5442 50.
1664 5457 1670 5469 ι

118 5477 218 5545 Ι51)(1.
236 5477 276 5530 lo.
288 5474 361 5548 Opp.
377 5474 410 5529 ll.
424 5490 451 5544 p.
466 5474 528 5529 313.
990 5466 1059 5537 (531)
1074 5467 1124 5537 Ep.
1138 5464 1174 5520 ad
1187 5462 1415 5519 lincolniensem
1429 5462 1515 5534 episc.
1530 5463 1549 5517 l.
1565 5476 1610 5517 vn.
1626 5459 1708 5530 epist.
1724 5458 1769 5516 31.

116 5555 275 5626 serame.
293 5556 382 5611 u-se.
988 5545 1060 5619 (aas)
1075 5547 1104 5601 1.
1122 5545 1148 5599 s.
1162 5560 1186 5599 c.
1200 5546 1255 5599 s-o.

122 5639 171 5705 aa)
186 5635 261 5709 epp.
274 5635 305 5690 r.
319 5635 352 5691 n.
371 5651 399 5705 p.
413 5635 542 5688 roi-roe.
990 5625 1052 5697 (seq
1066 5627 1097 5682 u.
1113 5627 1138 5680 a.
1156 5640 1180 5679 a.
1201 5625 1243 5678 lo.

128 5716 189 5788 53⁸)
203 5715 246 5773 cl.
261 5715 394 5774 carolum
409 5713 539 5769 blascum
554 5710 613 5768 1111.
624 5728 648 5766 c.
665 5714 691 5766 3.
707 5726 735 5782 p.
755 5712 795 5766 18.
992 5709 1057 5778 (531)
1072 5708 1124 5779 Ep.
1139 5708 1183 5763 32.
1197 5722 1244 5778 ap.
1258 5703 1345 5762 Menai
1356 5704 1408 5760 llll.
1423 5701 1478 5757 ool.
1493 5702 1555 5757 852.
