3870 6150
61 187 117 243 su
685 188 921 248 3333331333
939 186 1134 244 massono.
1263 173 1266 178 '
1699 187 1750 240 333

60 295 328 359 trimm.ostendant
333 294 364 352 13
371 312 430 368 333
435 298 487 353 3111
493 297 685 355 Christianum
691 274 798 357 nomeu
804 317 883 356 usur·
893 309 923 384 Α
933 297 1054 354 33311313
1064 294 1157 352 carole
1170 293 1305 352 obvoluta
1316 291 1422 366 pannis
1433 292 1555 350 1313313
1565 293 1750 365 3331333331.

63 395 144 460 pent,
157 394 187 444 31
195 406 260 445 cum
267 390 422 462 Evangelio
429 392 557 447 333113113
565 409 623 464 333
636 393 745 450 ratione
755 394 879 464 deitatis,
931 387 1671 462 Sinelferbipotentianonadorarentmagipuerum
1677 403 1751 444 novo

61 487 114 538 aut
128 483 220 539 deitas
244 487 364 540 3313313
385 484 692 543 3133333338133113
708 489 808 560 negari
822 506 881 544 non
932 486 1023 543 sidere
1036 485 1219 550 declaratum,
1237 483 1339 539 313133
1352 482 1468 539 33311313
1486 482 1578 538 caruis
1596 497 1654 537 uon
1669 482 1752 553 jube·

60 582 158 648 potest
172 578 249 648 quod
265 600 279 627 «
292 578 416 634 Verbum
429 596 493 635 caro
507 580 613 636 tactrrm
630 587 680 650 est,
699 586 729 637 et
745 582 883 639 habitavit
932 586 1010 636 retur
1030 578 1182 635 transferri
1201 578 1232 632 in
1254 579 1406 649 AEgyptum
1425 593 1507 649 puer,
1529 581 1559 632 et
1579 575 1615 631 ab
1632 575 1752 632 llerodis

61 672 92 725 in
108 671 189 726 nobis
202 673 309 730 tlfottb.
324 689 343 739 1,
360 674 414 740 11),
432 695 446 722 u
460 673 500 729 ita
514 675 614 746 negari
626 692 684 731 non
700 679 793 748 potest
804 678 881 749 quod
927 673 1127 747 persecutione
1141 671 1270 727 subduci.
1286 671 1351 728 Sine
1363 671 1448 726 Verbi
1461 670 1590 742 potentia
1602 687 1661 727 non
1674 671 1748 726 dice·

62 765 138 820 [teus
148 769 210 821 erat
220 765 250 820 iu
263 765 374 822 Christo
387 767 527 823 mundum
542 769 730 825 reconcilians
746 770 881 836 sibiouae
930 772 976 824 ret
988 784 1041 824 vox
1056 766 1144 823 Patris
1157 765 1245 821 missa
1257 765 1292 820 13
1311 764 1393 831 coelo,
1410 785 1424 816 u
1440 764 1486 820 bic
1501 770 1545 820 est
1563 763 1648 820 Filius
1669 781 1750 822 meus

61 863 162 914 autem
177 860 371 916 reconciliatio
385 878 445 917 esse
462 866 563 933 potest,
580 863 769 934 quabumano
783 866 881 936 generi
931 862 1060 928 dilectus,
1073 860 1104 916 in
1119 877 1176 932 quo
1196 858 1268 915 mibi
1286 858 1448 930 complacui
1469 859 1574 921 1113111.
1597 874 1638 927 ru,
1663 857 1716 931 17),
1733 881 1747 910 s

60 953 269 1024 pmpitiaretur
276 954 415 1020 fleus,nisi
425 957 554 1012 omnium
563 974 677 1013 causam
686 959 826 1015 mediator
834 960 881 1015 1131
931 961 959 1012 et
973 956 1034 1011 sine
1049 954 1168 1010 veritate
1187 953 1282 1009 caruis
1296 969 1353 1008 non
1374 955 1583 1024 protestaretur
1602 954 1727 1008 1333333
1741 969 1748 1007 :

61 1047 248 1118 hominisque
262 1048 435 1120 susciperet?
452 1051 512 1114 Qua
526 1066 592 1106 3333
610 1051 718 1107 ratione
734 1052 880 1108 3331131313
933 1075 946 1102 «
962 1053 1032 1107 Ecce
1052 1065 1143 1121 agnus
1167 1048 1228 1115 1131,
1251 1063 1315 1103 3333
1338 1045 1388 1119 331
1414 1045 1488 1102 tollit
1508 1049 1625 1118 peccata
1647 1045 1750 1102 mundi

61 1140 232 1197 mediatoris
243 1141 386 1213 impleret,
406 1143 461 1198 nisi
480 1144 530 1216 qai
549 1145 579 1199 iu
594 1146 687 1200 torma
704 1147 777 1202 servi
792 1147 879 1218 parti·
933 1147 1019 1215 11333.
1040 1161 1060 1212 1,
1083 1143 1138 1215 19).
1164 1166 1177 1191 »
1202 1141 1268 1198 Sine
1290 1140 1375 1196 Verbi
1398 1140 1523 1212 potentia
1546 1140 1749 1213 redintegratio

61 1252 131 1306 ceps
144 1239 220 1291 esset
233 1240 261 1291 et
274 1236 388 1292 nostri?
400 1243 433 1293 ut
447 1255 600 1310 perunum
613 1256 718 1296 novum
733 1241 881 1297 bominem
932 1238 1079 1305 debilium,
1094 1242 1123 1292 et
1140 1235 1288 1292 vivificatio
1309 1238 1501 1303 mortuorum,
1513 1239 1542 1291 et
1556 1234 1616 1291 sine
1630 1233 1749 1289 33311313

60 1327 516 1400 133313333331133313331133
532 1333 632 1388 mortis
641 1334 787 1391 vinculum
797 1337 882 1391 unius
932 1329 1033 1396 carnis,
1049 1345 1102 1384 nec
1116 1328 1195 1385 cibus
1203 1328 1312 1401 jejuno,
1329 1344 1382 1384 uec
1391 1343 1521 1383 sommus
1534 1329 1607 1383 esset
1618 1342 1748 1382 necessa·

62 1422 298 1494 prevaricatione
311 1430 497 1494 contractum,
520 1428 605 1482 unius
624 1433 725 1495 morte,
741 1430 791 1501 qui
807 1431 882 1486 solus
932 1429 990 1484 rius
1005 1427 1133 1500 fatigato.
1149 1429 1296 1483 Postremo
1315 1426 1377 1482 sine
1397 1425 1481 1481 Verbi
1496 1424 1624 1497 potentia
1641 1440 1699 1480 non
1719 1441 1749 1480 33

61 1517 153 1572 morti
167 1516 240 1572 nibil
254 1518 351 1574 debuit
364 1520 545 1576 solveretur?
556 1520 663 1577 Effusio
677 1523 755 1578 enim
770 1541 822 1595 pro
836 1524 879 1580 in·
933 1523 1068 1578 llominus
1081 1521 1158 1577 Patri
1178 1521 1363 1593 profiteretur
1382 1519 1531 1591 aequalem,
1552 1519 1613 1575 siue
1629 1519 1750 1574 veritate

59 1615 146 1686 justis
158 1616 306 1687 sanguinis
315 1616 457 1687 justitam
468 1622 568 1690 potens
577 1619 632 1674 1311
643 1621 880 1693 adprivilegium,
931 1616 1025 1671 carnis
1038 1631 1094 1671 non
1109 1615 1185 1671 idem
1197 1614 1304 1670 diceret
1318 1615 1429 1670 Patrem
1443 1630 1502 1669 esse
1517 1614 1669 1686 majorem,
1683 1629 1748 1668 cum

61 1714 122 1763 tam
137 1708 268 1765 1133331
285 1711 409 1783 pretium
430 1716 461 1766 31
482 1712 505 1767 si
520 1712 687 1769 universitas
707 1715 881 1787 captivorum
891 1688 920 1762 Β
932 1709 1069 1766 catholica
1080 1708 1152 1764 fides
1166 1712 1320 1781 utrumque
1336 1707 1470 1779 suscipiat
1482 1709 1637 1779 utrumque
1651 1705 1748 1763 defen·

64 1803 93 1856 in
113 1803 336 1873 Redemptorcm
352 1821 434 1859 suum
452 1805 589 1877 crederet,
606 1808 716 1863 nullum
735 1810 881 1882 tyrannica
932 1805 1055 1877 datque
1063 1804 1219 1860 secundum
1231 1803 1435 1875 proprietatem
1444 1801 1546 1858 113133
1556 1801 1749 1872 humanaeque

62 1896 178 1951 3133313
200 1897 366 1966 retinerent,
388 1899 526 1974 quoniam
548 1901 620 1955 sicut
648 1904 798 1972 Apostolus
817 1903 879 1958 ait:
932 1898 1110 1965 substantia,
1126 1914 1215 1952 unum
1228 1897 1278 1952 [lei
1293 1896 1395 1952 Filium
1412 1901 1441 1952 et
1452 1895 1599 1951 hominem
1614 1893 1703 1950 credit
1722 1898 1751 1949 31

67 2013 80 2037 «
94 1989 882 2069 111131331331133333133,3333331331331131333113
933 1992 1065 2048 Verbum.
1089 1990 1225 2057 Quamvis
1239 2008 1308 2063 ergo
1327 1990 1424 2046 311113
1446 1989 1537 2059 initio,
1553 2005 1610 2061 quo
1625 1989 1655 2043 13
1668 1990 1750 2043 utero

64 2082 149 2155 111333.
166 2101 193 2149 3,
217 2083 273 2154 20),
291 2106 304 2133 a
320 2090 428 2140 etcum
447 2086 498 2141 suh
520 2088 627 2158 peceati
642 2088 807 2161 praejudicio
821 2091 882 2146 nati
932 2086 1053 2159 virginis
1062 2086 1186 2141 Verbum
1197 2102 1263 2141 earo
1274 2086 1381 2141 factum
1395 2083 1525 2152 est,nibil
1538 2098 1666 2155 3333313
1675 2081 1751 2137 13133

63 2180 236 2249 potestatem
250 2179 412 2249 acceperint
426 2180 613 2250 adjustitiam
629 2182 804 2252 renascendi,
817 2184 883 2239 3311-
932 2181 1059 2237 divinam
1077 2181 1293 2253 humanamque
1308 2178 1494 2235 331313311333
1508 2177 1652 2234 divisionis
1664 2176 1748 2232 exsti·

63 2270 559 2329 1133133133331133331113313113
574 2291 659 2346 quam
681 2276 809 2332 debitum
827 2293 883 2334 ser·
933 2276 1010 2344 terit,
1026 2280 1058 2330 ut
1072 2291 1123 2347 per
1138 2275 1237 2330 omnia
1252 2274 1430 2330 incrementa
1442 2288 1581 2344 corporea
1594 2270 1750 2343 uniusper

62 2365 171 2420 3113113.
185 2367 273 2430 Quam
290 2366 386 2438 itaque
399 2367 490 2423 311113
503 2368 588 2440 hujus
600 2371 769 2427 sacramenti
781 2373 881 2444 prasi·
934 2387 1010 2425 sonae
1022 2369 1129 2425 fuerint
1143 2370 1232 2426 totius
1242 2369 1382 2441 temporis
1394 2368 1530 2435 actiones,
1541 2370 1571 2422 31
1582 2366 1645 2437 ipsa
1654 2369 1751 2421 tamen

62 2458 110 2514 dio
125 2475 208 2530 spem
216 2459 392 2531 relinquunt,
405 2460 455 2532 qui
465 2462 495 2517 in
503 2462 655 2518 salvatoris
668 2466 756 2521 nostri
766 2483 883 2538 corpore
933 2480 997 2536 333
1019 2463 1244 2535 inseparabiliter
1267 2463 1343 2519 facta
1371 2466 1438 2518 sunt
1461 2462 1540 2517 33113
1565 2459 1751 2533 permistione

61 2553 315 2624 negantbumanae
324 2555 646 2612 substantiaeveritatem
656 2558 671 2613 ‘l
681 2559 777 2615 1113331
786 2560 882 2633 inquo
933 2558 1154 2625 confundamus,
1168 2559 1217 2614 sed
1231 2557 1299 2630 quid
1313 2557 1394 2629 cujus
1412 2557 1514 2613 forma
1532 2554 1568 2610 sit
1581 2570 1614 2610 ex
1628 2568 1750 2625 operum

61 2647 203 2702 sacrificio
224 2647 409 2719 reconciliati,
426 2649 522 2705 dicant
537 2668 594 2723 quo
617 2653 755 2725 sanguina
768 2655 880 2711 313133-
934 2651 1071 2724 qualitate
1083 2652 1232 2719 sentimus,
1243 2667 1296 2707 nec
1305 2650 1400 2706 divina
1412 2650 1488 2707 enim
1502 2647 1636 2704 humanis
1650 2647 1751 2720 333313-

61 2741 184 2812 dempti.
208 2742 275 2806 Quis
305 2746 347 2798 est
373 2764 387 2792 «
412 2743 461 2815 qui
486 2744 602 2800 tradidit
626 2747 810 2818 semetipsum
830 2765 883 2820 pro
933 2745 1039 2815 dicant,
1053 2762 1105 2803 333
1118 2745 1432 2816 bumanadivinis,cum
1446 2743 1487 2800 ita
1496 2743 1526 2799 in
1541 2742 1665 2815 idipsum
1677 2743 1753 2796 utra·

59 2833 145 2889 nobis
160 2834 344 2902 oblationem,
365 2839 394 2891 31
408 2836 528 2892 bostiam
541 2838 597 2894 fleo
613 2838 643 2894 in
657 2840 776 2896 odorem
789 2843 882 2898 suavi·
934 2857 990 2912 que
1000 2844 1181 2910 concurrant,
1195 2845 1226 2896 ut
1238 2840 1268 2895 in
1282 2839 1384 2896 313333
1400 2839 1562 2912 proprietas
1575 2837 1750 2900 absumatur,

62 2928 129 2983 tatis
153 2927 258 2998 (Epicu.
274 2946 300 2998 3,
319 2929 358 3001 1),
374 2950 388 2981 u
411 2935 461 2986 331
485 2931 555 3003 3311
571 2949 697 3006 unquam
712 2935 882 2991 sacrificium
933 2951 985 2991 nec
998 2951 1124 3007 persona
1145 2934 1333 3006 germinetur.
1347 2934 1455 3004 {Dicant
1476 2932 1565 3006 igitur
1578 2930 1625 2987 isti
1636 2931 1754 3002 phanta-

60 3022 202 3077 sacratius
213 3023 277 3091 fuit,
288 3041 373 3096 quam
387 3025 464 3096 quod
476 3027 784 3098 veruspontifexaltari
794 3031 884 3086 crucis
934 3028 995 3084 31131
1012 3028 1173 3096 Christiani,
1189 3046 1252 3101 quae
1270 3028 1426 3085 substantia
1447 3026 1596 3083 Salvatoris
1613 3019 1698 3082 affixa
1718 3024 1754 3080 sit

59 3117 415 3187 porimmolationemsuae
422 3120 884 3193 carnisimposuithuamviscnim
934 3122 1023 3196 ligno,
1037 3124 1110 3196 'qum
1121 3123 1244 3194 jacuerit
1262 3122 1291 3176 iu
1308 3123 1448 3194 sepulcro,
1463 3121 1632 3177 3133331313
1649 3135 1751 3175 monu·
1821 3112 1824 3117 ’

61 3236 76 3260 «
91 3212 251 3267 multorum
261 3217 422 3268 sanctorum
431 3215 459 3269 in
468 3220 621 3288 conspeetu
634 3217 746 3272 Domini
759 3219 885 3291 pretiosa
935 3217 1025 3272 menti
1039 3216 1142 3289 lapide,
1157 3233 1222 3289 quae
1234 3216 1319 3272 133113
1333 3216 1379 3271 113
1393 3232 1459 3272 caro
1471 3214 1601 3282 surrexit,
1614 3214 1658 3269 vel
1668 3212 1752 3285 quale

59 3321 143 3361 mors
159 3305 246 3360 fucrit
264 3304 346 3373 (Psoi.
366 3324 428 3375 osv,
451 3308 505 3378 15),
522 3330 536 3359 a
553 3309 631 3365 illius
650 3316 746 3367 tamen
765 3312 885 3368 insontis
935 3328 1036 3383 corpus
1048 3312 1128 3366 13333
1143 3310 1348 3382 discipulorum
1361 3309 1435 3365 31331
1447 3309 1549 3365 3133313
1563 3308 1600 3363 31
1613 3323 1663 3363 333
1675 3305 1753 3361 ostiis
1837 3305 1840 3308 ’

58 3399 177 3469 occisio,
204 3400 365 3472 propitiatio
386 3402 440 3457 fuit
454 3403 563 3458 mundi.
584 3407 722 3477 Accepere
733 3406 813 3477 justi,
826 3424 884 3463 non
934 3405 1079 3476 ingressus
1094 3402 1233 3471 intulerit,
1249 3421 1315 3458 cum
1330 3403 1367 3459 ad
1386 3403 1557 3474 abigendam
1573 3400 1752 3457 cernentium

59 3494 886 3574 dederuntcoronas,etdetortitudinefideliumexempla
936 3498 1126 3554 diffidentiam
1144 3497 1245 3569 inspici
1266 3497 1363 3565 oculis,
1380 3496 1534 3569 digitisque
1556 3494 1680 3563 tractari,
1699 3510 1750 3567 pa·

58 3593 130 3644 3313
150 3591 217 3643 3331
237 3588 381 3660 patientiae
400 3606 457 3645 non
477 3591 553 3647 dona
570 3592 698 3664 justitiae.
723 3593 886 3668 Singulares
936 3595 1028 3648 tentes
1043 3591 1137 3648 adhuc
1152 3593 1255 3647 fixuras
1268 3593 1412 3648 clavorum
1426 3595 1455 3647 et
1469 3606 1570 3650 recens
1589 3589 1752 3662 compuncti

60 3682 171 3754 quippe
190 3682 221 3737 iu
236 3683 357 3753 singulis
371 3688 477 3739 mortes
492 3685 581 3753 fuere,
605 3703 658 3742 333
675 3688 791 3744 alterius
808 3689 884 3761 quis·
936 3685 1032 3741 lateris
1045 3686 1147 3741 vulnus
1160 3686 1296 3758 exigeret.
1318 3689 1356 3741 ttc
1370 3685 1394 3741 31
1417 3686 1447 3741 13
1459 3689 1539 3741 13313
1553 3686 1616 3740 1333
1628 3683 1753 3740 333113113

60 3792 153 3848 quam
170 3775 298 3831 debitum
316 3777 438 3833 3331133
463 3779 605 3850 persolvit,
630 3797 695 3836 cum
720 3781 794 3838 inter
814 3782 886 3838 tilios
935 3779 1066 3836 tenebras
1091 3796 1157 3835 suas
1180 3780 1314 3835 13331133
1340 3779 1489 3836 obduratio
1515 3795 1575 3835 non
1605 3776 1751 3850 relinquit.

59 3870 218 3926 bominum
229 3887 305 3926 unus
318 3871 394 3927 solus
409 3872 547 3928 Dominus
560 3877 657 3930 noster
670 3876 750 3931 13333
759 3875 886 3932 Christus
936 3873 1093 3930 Ostendant
1105 3874 1180 3929 unde
1189 3873 1242 3929 sibi
1255 3890 1337 3946 spem
1347 3873 1412 3929 31133
1424 3873 1612 3946 polliceantur
1624 3876 1750 3940 aeternae,

60 3964 216 4030 exstiterit,
237 3965 266 4020 in
288 3980 346 4037 quo
367 3983 468 4021 omncs
490 3967 624 4035 crucifixi,
647 3986 747 4024 omnes
769 3971 884 4036 mortui,
936 3967 973 4022 ad
981 3967 1128 4040 quamnisi
1137 3983 1188 4040 per
1197 3967 1386 4023 mediatorem
1400 3966 1451 4022 1131
1459 3969 1489 4022 31
1497 3965 1753 4034 hominumhomi-

58 4073 165 4113 omnes
175 4057 289 4130 sepulti,
303 4075 403 4114 omnes
418 4060 578 4115 suntetiam
593 4061 774 4131 suscitati,de
784 4063 887 4135 quibus
936 4077 1003 4117 nem
1017 4063 1114 4117 lesum
1132 4061 1276 4119 Christum
1290 4077 1350 4117 non
1372 4065 1467 4134 potest
1480 4060 1633 4135 perveniri.
1656 4079 1668 4111 a
1690 4060 1752 4116 lton

60 4152 123 4222 ipse
141 4149 271 4206 dicebat:
290 4171 303 4203 a
319 4152 391 4208 Cum
405 4154 546 4208 exaltatus
559 4154 650 4221 fuero,
664 4156 762 4211 omnia
774 4158 886 4213 trabam
936 4159 979 4210 331
993 4154 1071 4211 enim
1085 4155 1162 4211 aliud
1182 4171 1288 4212 nomen
1304 4156 1406 4213 datum
1422 4155 1588 4212 bominibus
1610 4154 1662 4210 sub
1684 4155 1753 4210 coelo

59 4245 97 4300 ad
113 4260 163 4299 me
185 4245 272 4312 (1333.
288 4263 336 4314 rn,
361 4248 447 4316 31).»
472 4247 552 4303 Fides
572 4249 680 4305 etenim
695 4265 762 4304 vera
780 4251 885 4322 justifl-
936 4249 966 4303 in
988 4264 1045 4322 quo
1066 4254 1195 4322 oporteat
1214 4251 1308 4307 salvos
1329 4250 1391 4307 fleri
1415 4251 1486 4322 1131.
1509 4267 1547 4318 13,
1568 4248 1622 4321 ta),
1643 4264 1698 4304 nec
1712 4251 1755 4304 est

58 4355 131 4393 3333
145 4337 258 4409 impios,
284 4345 313 4394 et
336 4357 437 4395 creans
454 4342 546 4412 justos
572 4343 607 4398 ad
629 4342 813 4399 humanitatis
828 4361 886 4400 suaa
937 4343 1096 4415 redemptio
1119 4343 1288 4416 captivitatis
1310 4345 1454 4414 humanm,
1479 4344 1533 4399 nisi
1561 4341 1753 4415 insanguine

59 4436 153 4487 tracta
176 4432 344 4504 participem
364 4435 392 4488 in
409 4434 458 4491 illo
484 4435 609 4507 exquirit
628 4438 760 4504 salutem,
785 4438 814 4492 in
828 4440 923 4514 quoD
934 4436 1054 4507 ejusqui
1069 4436 1344 4510 deditsemetipsum
1359 4437 1587 4510 redemptionem
1600 4434 1754 4508 proomni·

59 4525 124 4580 solo
141 4525 230 4580 homo
244 4528 280 4580 ‘se
294 4527 403 4582 invenit
426 4528 619 4597 innocentem,
638 4529 761 4585 liberum
778 4531 884 4587 habens
933 4529 996 4584 bns.
1012 4530 1100 4599 «Qui,
1117 4532 1189 4586 sicut
1203 4532 1341 4604 praedicat
1352 4532 1450 4587 beatus
1465 4530 1626 4603 Apostolus,
1648 4551 1662 4578 «ι
1676 4546 1752 4598 cum,

59 4636 115 4690 per
130 4618 254 4690 gratiam
268 4620 317 4675 [lei
329 4619 365 4675 de
379 4621 440 4691 ejus
453 4623 578 4693 potentia
587 4623 712 4695 gloriari,
729 4624 778 4696 qui
786 4627 885 4680 contra
934 4622 963 4678 in
983 4623 1077 4678 forrua
1092 4624 1142 4679 flei
1156 4629 1230 4681 esset
1243 4642 1301 4680 non
1314 4625 1443 4697 mpinam
1464 4624 1618 4679 arbitratus
1637 4627 1753 4680 estesse

61 4714 177 4767 bostem
193 4714 349 4785 superbum
367 4715 396 4768 in
411 4716 504 4771 caruis
519 4720 624 4772 nostra
642 4717 802 4773 humilitate
815 4735 883 4774 con·
935 4733 964 4771 se
986 4717 1125 4788 aequalem
1146 4719 1212 4785 Deo,
1236 4719 1285 4773 sed
1309 4719 1494 4790 semetipsum
1519 4716 1683 4787 exinanivit,
1700 4719 1755 4774 for-

59 4822 189 4878 gressus,
206 4807 249 4861 bis
263 4807 410 4864 victoriam
427 4827 509 4865 suam
523 4810 632 4878 tribuit,
647 4812 677 4866 in
691 4829 813 4885 quomm
826 4829 884 4868 cor·
934 4827 1011 4865 mam
1025 4809 1122 4885 203
1133 4812 1206 4867 33331
1212 4812 1399 4885 accipiens,in
1408 4811 1595 4868 similitudine
1604 4811 1753 4869 bominum

58 4916 133 4970 pore
144 4899 341 4971 triumphavit.
354 4904 490 4967 Quamvis
500 4921 569 4976 ergo
583 4905 613 4960 in
627 4922 684 4960 uuo
698 4906 821 4961 llomiuo
831 4924 884 4961 no·
934 4904 1176 4972 factus,ethabitu
1186 4904 1358 4961 1333313331
1370 4906 1468 4961 bomo.
1478 4906 1755 4963 llumiliavitsemet·

60 4997 121 5047 3133
133 4994 322 5050 tesuChristo
335 5013 403 5052 3333
418 4998 468 5053 Dei
485 5003 569 5070 atque
584 4998 708 5054 hominis
721 4999 790 5054 Pilio
803 5000 885 5055 Verbi
935 4998 1132 5070 ipsum,factus
1140 4999 1279 5056 obediens
1287 5015 1377 5072 usque
1390 5000 1426 5055 ad
1437 5003 1696 5070 mortem,mortem
1707 5017 1754 5056 au·

60 5091 92 5140 et
105 5087 201 5142 caruis
214 5105 270 5144 uua
284 5106 408 5161 persona
421 5092 467 5160 sit,
489 5097 516 5146 et
530 5097 652 5163 utraque
672 5093 794 5149 essentia
806 5110 884 5148 com·
936 5099 995 5147 tem
1009 5092 1109 5148 crucis.
1124 5094 1244 5164 Propter
1253 5093 1331 5165 quod
1342 5098 1371 5149 et
1384 5095 1458 5150 11333
1470 5093 1553 5150 illum
1566 5095 1710 5163 exaltavit,
1727 5100 1755 5151 et

60 5197 168 5236 munes
183 5181 286 5238 habeat
299 5184 436 5253 actiones,
451 5185 647 5257 intelligenda
662 5188 759 5242 tamen
772 5188 886 5260 suntip·
936 5185 1053 5241 donarit
1067 5185 1108 5241 illi
1123 5202 1231 5241 nomen
1240 5187 1319 5260 quod
1332 5192 1375 5244 est
1389 5205 1476 5261 super
1491 5205 1578 5246 omne
1590 5205 1708 5257 nomen,
1722 5193 1754 5242 ut

60 5290 162 5330 sonam
183 5292 302 5347 opernm
320 5278 480 5349 qualitates,
501 5283 530 5334 et
544 5280 661 5335 sincere
676 5281 741 5336 fidei
756 5285 881 5337 contem·
936 5279 964 5334 in
976 5279 1093 5335 nomine
1105 5281 1169 5335 1333
1181 5297 1267 5336 omne
1283 5298 1359 5354 genu
1372 5282 1509 5352 flectatur,
1516 5283 1682 5348 coelestium,
1695 5285 1752 5336 ter·

60 5368 193 5440 piatione
202 5371 381 5425 cernendum
390 5377 442 5439 est,
460 5372 497 5427 ad
510 5389 575 5444 quur
590 5374 765 5445 provebatur
774 5373 886 5430 humili·
936 5373 1080 5442 restrium,
1096 5377 1124 5431 31
1133 5374 1321 5446 infernorum,
1335 5381 1363 5432 et
1372 5376 1465 5432 omnis
1477 5376 1576 5448 lingua
1587 5375 1755 5431 confiteatur

61 5468 105 5517 tas
119 5462 303 5531 infirmitatis,
313 5468 342 5519 et
353 5464 389 5519 ad
399 5482 463 5537 quas
475 5467 630 5522 inclinetur
637 5467 756 5523 altitudo
765 5467 885 5523 virtutis.
936 5467 1003 5539 quia
1018 5468 1156 5524 Dominus
1167 5471 1248 5526 13333
1256 5470 1385 5527 Christus
1398 5472 1428 5526 in
1441 5470 1533 5542 gloria
1547 5472 1590 5525 331
1603 5468 1652 5524 bei
1664 5467 1754 5523 Patris

58 5556 135 5622 Quid
156 5556 192 5610 sit
206 5559 283 5628 quod
300 5574 366 5615 caru
381 5560 442 5615 sine
460 5562 552 5617 Verbo
567 5578 625 5616 non
640 5562 709 5632 agit,
726 5564 755 5616 et
769 5561 839 5634 quid
851 5559 887 5617 311
937 5561 1043 5633 (Epioe.
1064 5579 1095 5631 u,
1117 5566 1205 5636 1-11).
1222 5586 1237 5615 a
1262 5565 1396 5632 Quamvis
1418 5580 1487 5636 ergo
1509 5579 1582 5618 unus
1603 5561 1639 5617 sit
1662 5561 1754 5618 bomi-

59 5648 139 5722 quod
152 5650 273 5707 Verlurm
285 5652 345 5708 sine
359 5670 443 5709 came
456 5654 619 5710 noneflicit.
637 5654 704 5710 Sine
716 5654 799 5710 Verbi
809 5655 885 5712 enim
937 5645 1232 5727 33313333111313133,
1248 5663 1362 5715 etseras
1376 5658 1489 5713 deitatis
1503 5673 1634 5731 veraeque
1651 5656 1753 5713 huma·

60 5744 262 5818 potentianae
283 5748 445 5820 conciperet
459 5749 554 5821 Virgo,
572 5765 623 5804 noc
647 5752 767 5820 pareret.
783 5751 811 5804 31
825 5749 885 5807 3133
936 5748 1033 5807 3113113
1053 5750 1081 5806 13
1101 5752 1161 5824 ipso
1177 5769 1233 5808 una
1257 5769 1371 5826 pmrsus
1393 5750 1550 5825 eademque
1570 5768 1691 5826 persona
1706 5751 1752 5825 sit,
