3870 6150
125 254 191 312 lore
562 248 704 306 .iPi‘END.
726 248 770 301 ΑΙ)
789 247 867 301 sec.
890 245 932 300 lx.
948 271 982 282 -
1002 241 1121 296 lSlDDRl
1142 235 1354 295 bauclrouls
1743 233 1813 286 1080

122 381 203 421 ιιιειιε
222 381 279 419 ιιοιι
295 361 441 428 ενειιιιιιι,
462 360 530 432 quia
552 359 624 414 mihi
646 356 829 414 inclinabitur
851 369 938 410 omne
951 350 1076 438 Alsrael
1092 348 1195 405 ddecto
1217 364 1278 403 suo.
1301 348 1365 402 Post
1379 346 1447 401 heac'
1459 343 1489 399 in
1508 341 1593 399 terris
1614 341 1691 395 visus
1715 345 1769 406 est,
1787 340 1815 394 el

124 475 212 530 genu,
235 460 264 512 ει
286 455 379 511 οιιιιιιε
400 455 498 526 lingua
516 452 627 525 jurabit
648 468 702 524 per
725 449 881 507 Dominum
896 446 939 504 di·
991 446 1068 503 iuter
1090 443 1224 501 homines
1245 442 1426 498 conversatus
1447 441 1491 495 est
1511 436 1630 510 (borecli
1663 451 1706 502 ru,
1728 436 1784 503 36).
1800 455 1813 482 ιι

124 568 209 607 cens:
225 550 335 607 lustitia
356 552 385 604 et
408 548 501 620 gloria
525 548 561 603 ad
583 563 648 603 eum
671 545 767 600 veniet
788 543 852 615 (isa.
879 559 940 610 xcv,
991 541 1026 596 Et
1047 540 1077 595 in
1099 539 1274 595 Salomone:
1294 557 1307 584 ιι
1320 533 1451 590 Miserere
1470 531 1563 599 nobis,
1584 531 1659 586 Deus
1673 528 1814 595 omnium,

123 645 224 716 21-25).
238 667 251 694 ιι
275 646 308 701 Et
330 649 362 698 ut
380 644 436 699 hoc
457 643 486 698 in
507 641 670 698 testimonio
689 641 800 695 Patrem
818 637 943 694 simulet
992 645 1022 696 at
1041 639 1160 694 ostende
1182 636 1264 693 nobis
1284 636 1384 691 lumen
1410 631 1612 697 miserationis,
1635 636 1666 686 et
1688 628 1815 684 immitte

123 738 226 794 Filium
237 753 393 811 cognoscas
404 737 500 807 luisse,
512 736 630 791 Paulum
643 733 711 789 audi
723 732 874 800 dicentem,
886 752 900 781 ιι
909 733 943 787 ut
991 738 1128 794 timorem
1147 740 1231 793 tuum
1250 750 1337 808 super
1349 735 1451 806 gantos
1466 747 1532 804 quae
1545 746 1603 787 non
1616 727 1817 801 exquisierunt

122 833 152 888 in
166 831 294 900 nomine,
309 831 413 904 inquii,
432 833 496 887 lesu
510 846 596 886 Omne
617 844 693 901 80¹1ss
714 825 940 883 flectaturcoelfl·
992 837 1030 902 te,
1055 837 1087 888 ut
1113 833 1288 903 cognoscant
1307 829 1374 901 quia
1400 843 1459 883 non
1482 830 1525 882 est
1550 823 1624 880 alius
1648 824 1735 892 Deus,
1763 821 1815 875 nisi

121 927 220 996 stium,
234 927 412 982 terrestrium
427 928 456 981 el
475 924 666 980 infernorum.
683 923 717 978 Et
736 921 830 977 omnis
843 920 943 992 lingue
992 932 1023 983 tu
1053 927 1145 997 (moli.
1175 941 1266 991 xxxvi,
1292 925 1327 994 ι).
1353 943 1367 975 ι
1390 923 1463 978 Ιιειιι
1484 919 1546 975 ibi:
1563 917 1717 974 «Domine
1743 917 1815 972 Dens

123 1021 303 1089 confiteatur,
321 1019 389 1093 quia
410 1017 547 1076 Dominus
568 1018 646 1074 lesus
667 1015 795 1073 Christus
807 1015 839 1071 in
851 1013 942 1086 gloria
992 1022 1090 1090 lsrael,
1110 1036 1170 1076 non
1185 1017 1295 1075 esttibi
1316 1015 1416 1073 similis
1437 1016 1468 1070 in
1489 1015 1560 1069 cocio
1578 1028 1705 1081 sursum,
1721 1026 1813 1082 nequa

123 1118 167 1169 εει
180 1113 230 1168 Dei
245 1113 335 1169 Patris
351 1112 556 1184 omnipotentis
571 1111 700 1182 (Philipp.
715 1126 746 1180 11,
765 1109 817 1181 ιι).
832 1128 846 1157 ιι
861 1107 942 1173 Quod
993 1115 1023 1171 in
1035 1119 1113 1171 terra
1125 1114 1262 1169 deorsum
1272 1111 1359 1184 (Deut.
1375 1127 1413 1180 ιι,
1423 1109 1479 1181 39).
1492 1130 1506 1160 ιι
1520 1109 1554 1163 Ει
1566 1107 1597 1162 ιιι
1609 1105 1725 1179 psalmo
1742 1120 1813 1160 aru:

123 1207 222 1263 siiste
244 1206 331 1261 Filius
353 1206 449 1261 minor
471 1209 514 1260 est
536 1206 618 1260 Patre
632 1222 694 1272 suo,
715 1219 783 1274 ergo
799 1202 943 1258 minorata
995 1230 1009 1259 ιι
1025 1209 1165 1275 Quoniam
1184 1207 1340 1279 quisdam
1361 1208 1466 1277 prater
1487 1202 1653 1271 Dominum,
1678 1202 1730 1254 aut
1756 1199 1815 1270 quis

125 1305 168 1357 est
184 1300 274 1372 gloria
289 1301 378 1355 Patris
392 1300 422 1355 in
443 1298 524 1356 Filio.
547 1300 581 1354 Et
602 1297 650 1354 ubi
664 1301 706 1353 est
720 1297 798 1370 quod
815 1297 845 1352 in
863 1295 941 1352 Salo·
994 1302 1066 1359 deus
1085 1304 1191 1374 praeler
1208 1303 1299 1357 Deum
1314 1298 1470 1355 nostrum‘.t
1483 1318 1497 1348 ιι
1516 1272 1551 1352 it
1564 1296 1595 1352 in
1609 1292 1715 1351 Genesi
1731 1309 1739 1347 :
1757 1314 1770 1339 u
1786 1294 1816 1346 Et

124 1394 371 1466 manuscriptum
389 1393 518 1465 loquitur
538 1392 657 1448 dicens:
674 1413 688 1442 ι
710 1391 786 1447 Sicut
807 1390 892 1446 etiam
913 1389 943 1444 iu
993 1396 1066 1469 pluit
1085 1394 1223 1451 Dominus
1244 1409 1261 1449 a
1282 1391 1403 1448 Domino
1417 1391 1516 1464 ignom
1539 1392 1569 1444 ει
1589 1387 1714 1460 sulphur
1734 1402 1816 1458 super

124 1490 281 1559 conspectu
295 1503 406 1555 eorum,
427 1486 529 1560 inquit,
544 1485 744 1558 magnificatus
758 1502 787 1539 es
801 1485 832 1539 in
849 1483 942 1553 nobis,
994 1488 1147 1546 Sodomam
1171 1491 1201 1544 et
1221 1486 1421 1553 Gomorrham‚
1437 1490 1467 1539 ει
1481 1482 1582 1540 ειειιιι
1603 1481 1735 1536 civitates
1757 1480 1816 1535 illas

124 1582 165 1636 ila
188 1582 217 1636 iu
239 1585 393 1653 conspectu
415 1585 512 1636 nostro
534 1578 765 1652 magnificaberis
785 1577 896 1645 inillis,
912 1584 945 1633 ut
995 1581 1070 1654 (Gen.
1084 1598 1142 1651 xix,
1157 1581 1212 1652 24).
1228 1601 1242 1631 ιι
1264 1578 1293 1637 si
1308 1579 1385 1636 aolus
1397 1580 1481 1634 Pater
1496 1578 1571 1633 Deus
1594 1577 1650 1641 est,
1665 1573 1731 1646 quis
1748 1572 1817 1645 pluit

124 1678 297 1747 cognoscant
315 1679 344 1730 ιε
365 1675 438 1730 ειειιι
459 1678 489 1729 ει
511 1691 564 1729 nos
587 1673 782 1745 cognorimus,
808 1671 944 1744 quoniam
994 1676 1092 1748 ignem
1106 1678 1135 1731 ει
1150 1675 1271 1748 sulphur
1284 1690 1300 1730 a
1314 1672 1447 1740 Domino,
1464 1671 1507 1726 vel
1525 1667 1708 1741 supradictas
1721 1667 1816 1722 cirita-

126 1786 183 1825 ιιοιι
204 1773 247 1824 εει
261 1770 335 1823 Deus
354 1774 457 1840 praeter
471 1773 509 1836 te,
523 1767 641 1824 Domine
661 1767 754 1838 (Ereti.
768 1781 860 1835 xxxvi,
876 1766 913 1835 ι).
928 1785 943 1815 ιι
953 1740 983 1813 Β
995 1772 1037 1825 ιεε
1053 1768 1176 1825 evertit?
1196 1768 1307 1839 Quaeso,
1323 1766 1475 1839 responde.
1490 1766 1524 1820 Et
1536 1761 1794 1819 Deuteronomium
1809 1778 1816 1813 ε

124 1863 282 1935 Diligenter
296 1863 409 1918 attende
423 1867 451 1918 et
467 1878 591 1933 agnosce
615 1861 716 1916 Filium
736 1876 807 1928 esse,
819 1858 868 1932 qui
882 1874 941 1914 ma·
993 1864 1132 1921 Dominus
1145 1864 1221 1918 solus
1234 1861 1392 1918 deducebat
1411 1876 1469 1929 eos,
1486 1862 1516 1914 et
1534 1873 1592 1913 non
1610 1856 1668 1912 fuit
1681 1872 1751 1910 cum
1767 1855 1820 1910 illis

125 1955 308 2030 guificabitur
319 1955 467 2028 injudicio
482 1955 552 2010 dum
565 1954 674 2010 venerit
683 1954 760 2009 vivos
775 1956 804 2008 ει
815 1956 944 2009 mortuos
995 1958 1064 2014 deus
1088 1956 1207 2013 abenas.
1232 1957 1266 2012 Et
1289 1954 1394 2011 Paulus
1415 1951 1560 2025 apostolus
1578 1968 1584 2006 :
1605 1973 1620 2000 ιι
1644 1951 1725 2006 ιιιιιιε
1748 1949 1819 2003 Deus

121 2050 264 2123 judicare.
288 2051 358 2107 item
375 2049 482 2105 isaias:
500 2049 600 2105 Audite
615 2065 671 2116 me,
688 2048 790 2104 domus
809 2045 894 2102 iacob
915 2049 945 2100 ει
994 2051 1044 2124 qui
1054 2051 1193 2123 justificat
1215 2048 1460 2105 circumcisionem
1477 2063 1512 2101 ox
1525 2045 1582 2100 fido
1596 2048 1628 2100 at
1643 2043 1818 2117 praeputium

125 2144 274 2200 residuum
284 2144 387 2201 domus
397 2143 551 2215 lsrael‚qui
563 2141 943 2215 egrediminieauteromeo,
994 2162 1045 2217 por
1058 2144 1144 2200 iidem
1159 2143 1244 2216 (Rom.
1257 2160 1297 2211 ιιι,
1312 2145 1366 2212 30).
1383 2162 1396 2194 ιι
1412 2142 1445 2196 Et
1460 2140 1497 2194 ad
1509 2138 1675 2195 Corinthios
1690 2157 1698 2194 ε
1718 2160 1733 2186 ιι
1748 2139 1818 2193 neus

123 2242 155 2294 el
173 2238 328 2294 erudimini
350 2255 367 2292 a
388 2253 478 2309 puero
503 2253 595 2308 usque
626 2236 663 2290 ad
688 2237 876 2291 senectutem·
901 2234 944 2288 Ab
994 2243 1056 2295 erat
1071 2238 1100 2294 in
1122 2238 1234 2295 Christo
1256 2237 1398 2293 mundum
1417 2232 1604 2291 reconcilians
1626 2231 1682 2287 sibi
1706 2232 1745 2303 (ii
1761 2231 1818 2287 Cor.

124 2331 207 2387 initio
231 2348 286 2402 ego
310 2348 384 2401 sum,
401 2333 430 2386 et
445 2347 594 2402 quousque
615 2330 770 2385 senescatis
791 2344 845 2399 ego
868 2343 943 2383 sum.
995 2350 1022 2403 v,
1038 2332 1091 2404 ιιι).
1105 2354 1118 2382 ιι
1135 2334 1169 2388 Et
1188 2332 1316 2386 iterum:
1335 2352 1350 2380 ιι
1364 2331 1426 2385 Non
1449 2332 1493 2383 cst
1515 2329 1597 2393 Deus,
1621 2325 1679 2381 nisi
1706 2342 1817 2381 unus.»

63 2475 66 2479 .
125 2427 184 2498 Ego
199 2425 326 2496 malaci,
342 2428 370 2480 et
380 2441 434 2496 ego
451 2424 586 2479 sustineo.
601 2425 660 2495 Ego
675 2423 832 2490 remittam,
847 2425 876 2478 et
890 2437 944 2492 ego
995 2428 1029 2484 Et
1040 2426 1074 2482 ad
1087 2426 1198 2481 Galatas
1214 2443 1220 2480 ι
1236 2445 1250 2477 ι
1263 2423 1401 2481 Mediator
1410 2426 1506 2477 autem
1517 2420 1602 2476 unius
1613 2435 1673 2476 nou
1683 2423 1739 2487 est,
1751 2422 1819 2475 Deus

124 2518 365 2592 suscipiam,dicit
378 2518 527 2574 Dominus.
543 2519 576 2573 Et
590 2518 696 2574 ilerum
715 2535 721 2572 :
738 2518 797 2588 Ego
811 2532 873 2571 sum
888 2516 943 2571 Do·
994 2523 1093 2575 autem
1108 2535 1183 2574 unus
1205 2521 1247 2574 est
1267 2517 1340 2591 (Gal.
1355 2533 1396 2584 ιιι,
1410 2518 1464 2586 30).
1480 2537 1494 2564 ιι
1515 2516 1549 2569 Et
1566 2513 1713 2569 unitatem
1735 2513 1819 2568 Patris

124 2614 219 2669 minus
244 2614 328 2680 Deus,
351 2615 381 2667 ει
407 2617 511 2684 prater
532 2629 578 2667 me
605 2628 663 2667 uon
692 2614 735 2667 εει
761 2610 834 2665 ειιιιε
860 2611 943 2678 Ιιειιε,
996 2616 1026 2669 ει
1050 2613 1113 2668 Filii
1138 2617 1167 2668 et
1188 2612 1309 2685 Spiritus
1332 2611 1424 2666 sancti
1454 2610 1667 2675 demonstrans,
1694 2606 1818 2680 Ephesiis

125 2707 300 2763 annuntians
326 2706 478 2762 novissima
503 2705 672 2779 priusquam
695 2705 774 2771 ilani,
798 2708 828 2758 ct
850 2702 945 2758 statim
995 2708 1132 2776 scribens,
1158 2706 1196 2762 ita
1217 2705 1369 2762 confirmat
1385 2721 1423 2760 :a
1448 2703 1621 2761 Suffercntes
1640 2702 1768 2758 invicem
1789 2703 1816 2756 in

124 2806 322 2856 consummata
341 2803 417 2855 sunt.
441 2802 512 2855 ilem
527 2798 605 2853 alibi.
626 2798 699 2852 Audi
725 2814 780 2868 ma,
807 2797 892 2853 iacob
917 2802 946 2852 et
995 2801 1134 2857 charitate
1158 2799 1270 2855 solliciti
1286 2815 1400 2854 servare
1422 2797 1559 2854 unitatem
1575 2796 1697 2869 spiritus
1716 2795 1815 2851 inviu-

126 2894 223 2961 lsrael,
237 2910 323 2965 quom
337 2892 468 2964 egoieci.
485 2893 542 2962 Ego
558 2908 620 2947 sum
636 2890 771 2947 Dominus
783 2891 857 2945 Deus
869 2894 944 2959 tuus,
995 2893 1058 2951 culo
1083 2895 1170 2966 pacis,
1197 2910 1286 2949 unum
1308 2909 1411 2965 corpus
1436 2895 1466 2946 el
1490 2906 1563 2947 unus
1589 2890 1720 2962 spiritus,
1752 2890 1816 2944 sicut

121 2978 228 3042 'elnon
250 2991 292 3041 εει
313 2985 386 3040 alius
409 2987 514 3056 preater
533 2999 590 3039 me.
610 2986 682 3041 item
697 2982 766 3039 alibi
783 2984 866 3055 :Ego
883 3000 945 3038 sum
996 2989 1085 3044 vocati
1106 2989 1174 3043 estis
1198 2989 1227 3042 in
1257 3003 1315 3043 una
1343 3003 1393 3058 spe
1422 2985 1580 3042 vocationis
1608 2988 1724 3054 vestrae,
1748 3001 1817 3040 unus

126 3079 263 3136 Dominus
284 3080 359 3135 Deus
373 3082 449 3148 tuus,
472 3078 582 3152 primm
597 3082 625 3134 et
639 3095 693 3150 ego
714 3077 898 3146 novissimus,
918 3082 946 3132 et
996 3082 1143 3149 Dominus,
1167 3098 1225 3137 una
1244 3080 1326 3148 fides,
1350 3096 1439 3136 unum
1467 3079 1621 3153 baptisma,
1646 3096 1724 3134 unus
1748 3080 1816 3134 Deus

126 3175 156 3229 in
170 3190 202 3228 ea
213 3190 276 3246 quae
294 3176 501 3245 superventura
513 3175 581 3228 sunt
593 3172 623 3228 in
636 3171 791 3228 novissimo
804 3187 857 3244 ego
871 3188 944 3228 sum.
997 3176 1106 3249 (pres.
1121 3192 1158 3243 iv,
1173 3175 1210 3246 3).
1226 3197 1239 3226 ιι
1256 3174 1284 3231 Si
1298 3174 1376 3230 onim
1389 3173 1516 3246 praedicti
1536 3173 1666 3229 haeretici
1681 3174 1815 3229 unitatem

125 3270 198 3324 ilem
207 3266 275 3323 alibi
287 3284 293 3323 :
306 3268 365 3338 Ego
375 3283 439 3322 sum
450 3269 522 3323 Deus
533 3266 582 3339 qui
597 3271 624 3322 le
640 3267 745 3336 creavi,
761 3266 810 3339 qui
823 3264 945 3333 leodini,
996 3269 1062 3325 iidei
1083 3269 1225 3325 volueriut
1240 3268 1363 3341 simplici
1378 3268 1462 3324 corde
1477 3267 1619 3341 recipere,
1634 3283 1668 3323 ex
1691 3268 1747 3323 hoc
1762 3269 1816 3340 jam

125 3365 155 3417 et
177 3360 352 3418 communivi
373 3361 492 3417 dextera
512 3377 586 3418 mea.
607 3361 642 3416 El
657 3360 794 3416 unitatem
814 3359 903 3416 Patris
918 3364 947 3415 et
995 3364 1157 3420 testimonio
1180 3363 1209 3417 in
1233 3379 1291 3419 uno
1309 3361 1411 3435 spiritu
1433 3364 1554 3434 possunt
1572 3360 1659 3416 simul
1679 3363 1774 3418 Patris
1794 3365 1818 3416 et

125 3455 189 3512 Filii
213 3455 360 3527 assignans
379 3455 507 3528 loquitur
527 3455 624 3511 dicens
638 3473 645 3511 :
660 3457 719 3526 Ego
740 3455 821 3512 testis
842 3459 944 3525 vester,
996 3457 1058 3514 Filii
1072 3457 1212 3512 unitatem
1227 3456 1413 3518 condiscere.
1425 3457 1538 3512 Patrem
1562 3455 1654 3528 igitur
1676 3458 1710 3512 ut
1725 3456 1778 3528 ipsi
1793 3472 1817 3510 se

124 3549 193 3607 dicit
216 3549 353 3605 Dominus
376 3550 459 3620 Deus,
484 3553 513 3604 ει
536 3565 608 3620 puer
629 3565 711 3605 meus
731 3552 763 3604 tu
782 3565 868 3622 quem
891 3565 945 3621 ego
997 3551 1096 3607 dicunt
1116 3551 1258 3607 invenisse
1275 3551 1304 3606 in
1326 3549 1428 3606 divinis
1450 3548 1552 3606 litteris
1571 3549 1744 3622 ingenitum
1759 3567 1815 3623 pro·

126 3642 210 3716 elegi,
225 3646 258 3698 ut
271 3642 366 3698 sciatis
389 3647 417 3698 el
440 3642 564 3698 credatis
576 3643 645 3716 quia
660 3659 714 3715 ego
731 3659 805 3711 sum,
819 3646 887 3698 aute
900 3659 947 3698 me
995 3646 1057 3718 prie
1072 3645 1196 3718 positum
1217 3660 1270 3700 nec
1290 3645 1387 3717 legere
1403 3649 1521 3716 possunt
1535 3643 1663 3716 penitus,
1687 3661 1743 3701 nec
1757 3662 1815 3718 pro

124 3753 183 3793 non
207 3736 262 3792 init
283 3736 355 3792 alius
380 3737 463 3804 Deus,
483 3742 512 3792 ει
532 3739 595 3810 post
613 3753 659 3792 me
680 3737 819 3792 nouerit.
840 3739 944 3808 Unum,
995 3740 1063 3797 bare
1091 3755 1097 3795 :
1129 3740 1178 3795 sed
1206 3739 1274 3812 quia
1300 3738 1425 3811 idipsum
1449 3737 1520 3794 fides
1546 3736 1639 3810 exigit
1663 3738 1817 3796 Christiana

125 3831 269 3901 haeretice,
283 3829 356 3902 elige
378 3830 520 3887 eduobus
535 3847 541 3885 :
556 3831 706 3886 auliatere
726 3832 841 3887 Patrem
857 3834 886 3886 et
900 3832 944 3887 Fi·
996 3833 1103 3906 absque
1132 3833 1192 3888 ulla
1218 3832 1398 3888 dubitatione
1426 3831 1571 3904 ingenitus
1596 3832 1744 3901 creditur,
1774 3833 1815 3905 qui

29 3920 35 3931 '
64 3972 69 3980 .
125 3925 196 3981 lium
208 3942 297 3979 unum
310 3927 418 3994 Deum;
442 3927 491 3980 aut
506 3925 529 3979 si
543 3925 636 3980 solum
656 3926 770 3980 Patrem
781 3926 872 3981 Deum
886 3941 947 3982 esse
996 3933 1093 3983 lamen
1107 3926 1266 3982 secundum
1285 3927 1389 3982 seriem
1405 3926 1618 3998 scripturarum
1633 3925 1665 3982 in
1681 3927 1815 3983 Filioase

125 4017 285 4085 contendis,
302 4035 372 4091 ergo
395 4017 446 4073 tibi
468 4018 604 4074 Dominus
627 4021 699 4075 Deus
721 4019 799 4074 lesus
820 4018 946 4075 Christus
997 4022 1094 4093 genito
1106 4022 1254 4076 risusesse
1269 4023 1456 4076 monstratur.
1472 4019 1623 4092 Apostolus
1636 4037 1707 4076 vero
1719 4022 1815 4077 Paulus

125 4112 175 4169 Dei
188 4111 274 4168 Filius
289 4129 347 4167 non
361 4111 415 4168 erit
427 4115 511 4180 Deus,
527 4113 594 4185 quie
612 4114 827 4185 scriptumest:
844 4114 946 4169 «Ante
997 4114 1163 4171 missionem
1185 4113 1248 4169 Filii
1273 4114 1321 4170 Dei
1340 4114 1370 4169 in
1396 4114 1501 4186 Spiritu
1523 4119 1623 4170 sancto
1644 4115 1734 4188 longe
1755 4118 1814 4170 ante

126 4221 247 4260 menon
267 4205 321 4260 iuit
343 4204 415 4260 alius
437 4206 520 4274 Deus,
543 4209 572 4260 et
589 4208 654 4278 post
671 4222 717 4261 me
739 4205 945 4262 portentosi
997 4208 1183 4280 conspiciens,
1200 4209 1336 4264 Romanae.
1357 4207 1487 4263 Ecclesiae
1503 4207 1629 4263 scribens
1651 4209 1716 4264 baec
1735 4212 1813 4265 testa·

126 4297 283 4353 secundum
295 4301 324 4353 te
334 4298 372 4351 ila
382 4301 434 4367 εει,
455 4314 505 4352 cur
522 4298 672 4370 Apostolus
686 4299 753 4354 talia
767 4298 904 4371 praedicat
918 4303 947 4354 ει
997 4305 1096 4359 tuaest
1116 4301 1212 4359 dicens
1227 4319 1233 4357 :
1251 4302 1360 4367 «Quod
1378 4302 1455 4357 onim
1477 4302 1653 4373 impossibile
1675 4308 1739 4358 erat
1753 4303 1814 4374 legi,

126 4393 260 4449 cumdem
276 4391 378 4447 Filium
387 4394 478 4447 Deum
494 4407 580 4465 super
592 4392 690 4448 omnia
701 4392 886 4449 benedictum
899 4393 944 4449 in·
996 4397 1024 4451 in
1055 4412 1113 4468 quo
1145 4395 1346 4450 infirmabatur
1372 4411 1424 4467 per
1450 4411 1584 4464 carnem,
1612 4398 1689 4452 Deus
1720 4398 1816 4453 Filium

126 4486 272 4544 sinuati«
288 4486 415 4551 Quorum
428 4489 533 4558 patres,
544 4485 690 4559 inquitas
703 4487 806 4558 quibus
818 4486 984 4560 ChristusI)
996 4506 1079 4545 suum
1098 4490 1176 4544 misit
1194 4489 1224 4543 in
1246 4488 1462 4544 similitudinem
1488 4490 1580 4544 carnis
1602 4493 1725 4564 peccati,
1739 4496 1767 4547 et
1784 4491 1815 4546 de

126 4582 284 4637 secundum
300 4596 427 4649 carnem,
444 4581 493 4652 qui
508 4585 648 4653 estsuper
661 4581 757 4637 omnia
769 4584 842 4638 Deus
856 4582 945 4638 bene·
997 4588 1112 4656 peccato
1134 4583 1279 4638 damnavit
1300 4587 1448 4654 peccatum
1468 4583 1497 4639 in
1520 4599 1620 4651 carne,
1650 4589 1683 4639 ut
1709 4585 1815 4658 Justilia

126 4674 217 4730 dictus
235 4675 265 4730 in
288 4675 392 4730 sacrata
411 4675 495 4744 (nom.
510 4692 548 4745 ιιι,
568 4677 604 4747 5).
625 4697 638 4724 ιι
659 4678 730 4733 ιιειιι
749 4676 836 4732 isaias
854 4676 944 4732 dicit:
996 4677 1067 4750 legis
1082 4677 1252 4749 impleretur
1270 4678 1353 4748 (Rom.
1374 4693 1434 4748 vm,
1450 4676 1487 4748 3).
1503 4697 1516 4729 ιι
1531 4677 1671 4735 Cernisne
1685 4680 1815 4752 quoniam

125 4767 263 4825 Dominus
284 4769 358 4824 Deus
379 4769 475 4837 lsrael,
495 4769 545 4841 qui
569 4769 700 4825 liberabit
723 4786 789 4826 ειιιιι
814 4772 944 4842 AEgypto.
996 4771 1083 4827 Filius
1098 4788 1156 4827 non
1171 4771 1330 4827 secundum
1345 4770 1482 4827 deitatem
1502 4788 1520 4826 a
1542 4773 1626 4827 Putre
1645 4774 1754 4830 missus
1767 4776 1815 4840 est,

126 4865 185 4934 Ego
199 4879 262 4918 sum
278 4863 387 4934 primus
402 4866 431 4917 ει
443 4880 498 4936 ego
508 4869 572 4937 post
584 4865 655 4932 hmc,
667 4866 696 4919 ει
709 4868 814 4936 prater
828 4881 875 4920 me
888 4881 945 4920 nou
997 4867 1044 4922 sed
1060 4845 1226 4922 sccundum'
1236 4881 1362 4935 carnem,
1378 4881 1465 4937 quam
1480 4864 1640 4922 clementer
1651 4871 1683 4922 et
1704 4869 1751 4940 pie
1767 4883 1815 4940 pro

126 4955 397 5027 cstDeussicutego
409 4973 472 5012 sum
487 4957 536 5029 qui
554 4961 658 5028 stet,et
670 4961 791 5014 vocetet
806 4963 947 5031 preparet
997 4960 1077 5016 nobis
1099 4976 1245 5016 assumere
1271 4976 1331 5015 non
1358 4959 1531 5032 dedignatus
1556 4963 1611 5015 est.
1640 4962 1714 5018 Nam
1742 4960 1813 5034 qnod

127 5049 200 5105 mihi
215 5065 248 5106 ex
266 5065 324 5121 quo
339 5049 487 5106 hominem
504 5051 560 5107 ieci
580 5051 610 5106 in
629 5052 777 5108 seculum.
796 5053 866 5108 item
883 5052 920 5108 ibi
938 5070 944 5107 :
997 5053 1183 5126 semetipsum
1196 5053 1343 5109 exinanita
1350 5053 1507 5124 maJestatis
1518 5069 1577 5109 suae
1591 5055 1814 5126 potentio,idem

125 5146 180 5200 iste
196 5148 239 5199 est
251 5146 325 5199 Deus
340 5148 368 5199 et
383 5143 589 5214 nesciebamus,
603 5146 689 5216 Deus,
703 5150 733 5202 et
747 5163 804 5201 non
818 5151 862 5202 εει
874 5147 946 5202 alius
997 5166 1026 5204 se
1053 5148 1140 5204 Filius
1164 5147 1285 5215 miserit,
1313 5147 1464 5219 Apostolus
1489 5150 1668 5205 contestatur
1692 5150 1788 5206 dicens
1808 5165 1814 5202 :

125 5238 195 5293 deus
209 5243 315 5310 prater
337 5242 374 5293 te.
397 5238 437 5293 Tu
454 5238 532 5293 enim
552 5255 581 5294 es
600 5241 673 5295 Deus
688 5245 717 5297 et
737 5240 945 5309 nesciebamus,
999 5264 1013 5293 ιι
1031 5242 1222 5314 semetipsum
1243 5240 1401 5298 exinanivit
1421 5241 1547 5297 formam
1568 5243 1642 5299 servi
1666 5243 1814 5317 accipiens,

124 5335 199 5388 Deus
215 5333 300 5387 lsrael
316 5332 440 5388 salvator
459 5348 534 5388 uuus
548 5336 632 5390 Deus.
653 5335 715 5389 Non
736 5340 804 5390 sunt
817 5336 902 5390 Pater
919 5337 948 5390 et
997 5336 1160 5392 humiliavit
1181 5336 1367 5408 semetipsum
1389 5335 1482 5391 iectus
1505 5335 1644 5393 obediens
1672 5354 1764 5411 usque
1785 5335 1816 5392 ad

126 5425 213 5481 Filius
227 5425 278 5496 dii,
293 5426 359 5498 quia
379 5430 423 5482 est
441 5428 514 5482 Deus
532 5427 562 5482 in
582 5444 639 5499 quo
658 5445 719 5484 esse
739 5428 842 5484 dicitur
854 5431 945 5497 Deus3
997 5434 1130 5499 mortem,
1151 5434 1274 5486 mortem
1298 5433 1394 5485 autem
1413 5429 1505 5486 crucis
1528 5429 1660 5503 (Philipp.
1686 5447 1720 5500 ιι,
1742 5433 1779 5504 7).
1804 5450 1816 5481 ι

125 5523 231 5591 praeter
242 5519 329 5575 alium
341 5523 430 5576 Deum
448 5538 506 5576 non
521 5538 581 5576 esse
596 5522 734 5593 propheta
747 5537 947 5592 saepenumero
997 5525 1031 5580 Et
1052 5522 1135 5578 lsaies
1150 5540 1156 5577 :
1174 5524 1235 5578 Non
1258 5523 1380 5594 legatus,
1403 5539 1498 5595 neque
1520 5523 1659 5596 angelus,
1688 5524 1740 5582 sed
1763 5524 1819 5596 ipse

126 5614 310 5683 protestatur.
329 5614 538 5671 sileremus:
557 5637 571 5665 κ
583 5615 632 5670 ilic
645 5617 717 5671 Deus
730 5617 837 5682 noster,
853 5614 903 5686 ait,
918 5621 948 5672 ει
997 5616 1134 5674 Dominus
1149 5617 1253 5686 veniet,
1277 5620 1306 5671 et
1327 5617 1446 5673 salvabit
1467 5634 1526 5674 eos.
1550 5618 1624 5674 ltem
1643 5617 1687 5676 ibi
1703 5636 1711 5676 ε
1728 5618 1819 5676 Palam

126 5719 185 5759 non
199 5705 389 5777 applicabitur
407 5709 479 5764 alter
497 5709 533 5765 ad
547 5725 623 5780 eum,
637 5709 687 5782 qui
705 5708 814 5765 invenit
827 5726 947 5766 omnem
996 5711 1115 5784 apparui
1128 5727 1187 5766 uon
1204 5711 1400 5782 quarentibus
1418 5728 1476 5769 me.
1491 5710 1563 5768 Etiu
1573 5712 1705 5771 Ieremia
1718 5731 1726 5769 ι
1741 5715 1819 5770 Dere-

128 5796 254 5854 scicntia
278 5799 364 5866 viani,
381 5806 409 5856 et
429 5802 507 5858 dedit
528 5819 593 5858 eam
619 5803 703 5860 Jacob
725 5820 817 5878 puero
843 5821 894 5860 suo
919 5808 947 5862 ει
996 5804 1068 5878 liqui
1083 5805 1201 5867 domurn
1218 5820 1321 5874 meam,
1340 5804 1434 5862 dimisi
1449 5805 1651 5866 haeredilatem
1671 5822 1779 5876 meum,
1792 5810 1818 5861 et
