3870 6150
66 234 97 285 65
681 226 916 285 nncaunurun
934 226 1126 284 COLLECTlO.
1715 228 1748 285 ao

62 338 114 402 Qui
123 335 193 391 facit
205 337 356 406 peccatum
367 349 402 390 ex
412 332 525 389 diabolo
536 336 590 401 est,
599 333 734 406 quornm
748 333 783 389 ab
797 334 878 389 initio
890 360 919 434 Α
930 333 973 388 sni
983 333 1142 389 Conditoris
1152 332 1266 399 amissa,
1276 333 1312 388 ad
1321 331 1476 388 informem
1485 336 1514 388 et
1522 332 1749 389 irrationabilem

61 429 189 486 diabolus
202 431 313 500 peccat.
331 429 362 483 ln
381 428 437 483 hoc
453 427 587 498 apparuit
602 427 687 482 Filius
700 427 760 495 Dei,
774 431 807 482 ut
821 427 878 482 dis·
928 426 1090 496 brutorum,
1095 425 1352 499 jumentorumque
1362 423 1579 481 similitudinem
1587 426 1750 482 delabatur?

59 523 145 577 solvat
159 537 250 592 opera
264 520 381 576 diaboli.
398 519 497 575 Omnis
511 519 560 591 qui
578 522 663 574 uatus
686 522 730 574 est
751 535 783 574 ex
808 520 878 588 Deo,
930 519 1108 590 Quapropter
1118 518 1239 590 quisque
1247 519 1413 590 diligentins
1423 519 1554 575 attendat
1565 519 1667 590 primae
1677 535 1747 576 eon·

58 618 206 688 peccatum
228 629 287 668 non
307 613 385 682 lacit,
401 612 537 684 quoniam
560 627 661 667 semen
683 612 772 685 ipsius
795 612 825 665 in
845 627 879 667 eo
931 612 1048 668 ditionis
1066 628 1126 667 suae
1145 612 1355 679 excellentiam,
1375 616 1404 667 et
1421 611 1618 667 venerandam
1643 616 1750 669 sanctae

58 710 166 775 manet,
178 709 209 761 et
218 722 276 761 non
285 708 381 777 potest
393 721 522 776 peccare,
534 704 672 776 quoniam
683 721 716 759 er
724 705 784 760 Deo
798 709 880 759 natus
930 704 1072 761 Trinitatis
1083 705 1113 759 in
1124 705 1215 776 seipso
1228 704 1386 776 imaginem
1395 708 1541 777 agnoscat,
1549 705 1749 777 honoremque

58 806 108 856 est.
130 800 160 853 lu
183 799 240 854 hoc
259 797 404 854 manifesti
427 801 494 853 suut
516 796 568 852 filii
588 797 639 852 Dei
654 801 682 852 et
694 797 745 851 tilii
764 795 878 851 diaboli.
930 797 1124 854 similitudinis
1134 798 1237 854 divium
1252 798 1287 853 ad
1297 813 1382 868 quam
1392 801 1502 853 creatus
1514 800 1557 854 est
1566 797 1748 854 nobilitatem

58 893 157 948 Omnis
179 893 230 964 qui
252 908 309 947 non
331 895 374 946 est
392 891 497 962 justus,
510 906 570 945 non
583 895 626 945 est
647 907 682 945 ex
706 891 774 957 Deo,
790 889 880 960 etqui
930 907 1054 959 morum,
1068 890 1279 947 exsecutionem
1291 890 1440 959 virtutum,
1452 890 1623 961 dignitatem
1635 891 1750 946 merito-

57 1003 113 1041 non
126 986 227 1057 diligit
239 986 360 1040 fratrem
373 1000 467 1052 sunm,
482 982 621 1055 quoniam
635 984 696 1038 haec
712 987 755 1037 est
766 998 879 1037 annun·
930 1000 996 1039 rum
1009 984 1116 1039 habere
1129 983 1294 1052 contendat,
1308 989 1338 1040 ut
1351 983 1464 1056 quando
1477 983 1643 1055 apparuerit
1659 984 1751 1055 qualis

59 1079 148 1148 uano,
165 1094 257 1150 qnam
272 1077 391 1132 audistis
408 1076 444 1131 ab
462 1076 554 1145 initio,
575 1081 607 1131 ut
624 1076 774 1148 diligamus
793 1075 880 1131 alter·
931 1077 977 1144 sit,
992 1080 1060 1133 lunc
1073 1076 1174 1132 similis
1186 1078 1213 1132 ei
1226 1080 1363 1149 appareat
1378 1077 1428 1150 qui
1441 1092 1472 1131 se
1485 1075 1654 1132 mirabiliter
1665 1076 1702 1130 ad
1712 1076 1750 1131 si-

58 1176 166 1239 ulrum,
179 1188 240 1226 non
250 1171 323 1226 sicut
334 1170 402 1225 Cain
412 1168 463 1240 qui
475 1185 509 1223 ex
519 1168 645 1240 maligno
658 1171 729 1238 erat,
739 1171 767 1224 et
779 1168 882 1224 occidit
930 1170 1122 1226 militudinem
1136 1186 1218 1225 suam
1230 1170 1261 1226 in
1273 1170 1369 1243 primo
1383 1169 1474 1225 Adam
1487 1168 1624 1236 condidit,
1636 1167 1751 1224 mirabi-

58 1266 178 1320 lratrem
196 1280 293 1333 suurn,
304 1266 333 1318 et
344 1266 464 1334 propter
474 1262 527 1317 hoc
537 1261 641 1318 occidit
652 1278 729 1330 eum,
741 1261 881 1333 quoniam
930 1264 1041 1336 liusque
1051 1263 1081 1318 in
1091 1263 1216 1319 secundo
1228 1263 1401 1319 reformarit.
1417 1262 1516 1318 Omnis
1528 1278 1597 1334 ergo
1608 1262 1695 1317 homo
1703 1262 1752 1334 qui

59 1373 144 1429 opera
153 1357 219 1429 ejus
231 1356 363 1428 maligna
376 1359 466 1422 eraut,
477 1355 575 1411 fratris
585 1359 680 1410 autern
690 1355 775 1426 justa.
790 1355 882 1410 Nolite
932 1356 968 1411 ad
986 1355 1144 1428 imaginem
1166 1356 1216 1412 Ilei
1238 1355 1330 1411 factus
1353 1360 1403 1424 est,
1422 1355 1503 1411 illum
1527 1355 1613 1411 dehet
1635 1354 1752 1424 imitari,

58 1450 166 1517 mirari,
176 1451 291 1516 iratres,
301 1448 324 1504 si
339 1447 401 1504 odit
411 1464 461 1504 vos
476 1448 610 1503 mundus.
627 1449 681 1503 Nos
700 1448 882 1518 scimusque
931 1451 1011 1522 cujus
1030 1452 1066 1507 ad
1087 1451 1243 1523 imaginem
1268 1451 1398 1507 conditus
1415 1454 1467 1514 est,
1481 1450 1557 1506 illius
1569 1449 1654 1506 debet
1669 1450 1749 1521 sequi

59 1545 134 1599 amm
149 1543 281 1599 translati
295 1557 395 1597 sumus
409 1541 446 1596 de
459 1545 551 1597 morte
570 1541 720 1611 advitam,
736 1540 804 1612 quia
818 1539 881 1595 dili·
930 1545 1061 1615 vestigia,
1076 1545 1206 1616 quicum
1222 1545 1258 1600 ad
1272 1544 1428 1616 imaginem
1441 1545 1485 1598 sui
1500 1542 1636 1598 condidit.
1652 1543 1749 1598 Consi·

60 1638 153 1708 gimus
166 1636 281 1691 frames.
295 1635 348 1699 Qui
362 1651 421 1690 non
437 1634 531 1705 diligit
542 1638 638 1690 manet
650 1636 681 1689 in
694 1638 803 1704 morte;
818 1650 880 1689 om·
931 1637 1120 1692 liariumvero
1133 1654 1165 1692 ac
1177 1641 1371 1709 protectorem
1386 1637 1536 1692 meliorem
1553 1635 1677 1707 reperire
1689 1651 1749 1692 non

61 1730 102 1785 nis
124 1729 176 1801 qui
200 1729 264 1784 odit
284 1727 403 1784 bahem
423 1743 517 1797 suum,
532 1726 676 1783 homicida
693 1731 745 1783 est.
760 1728 792 1782 Et
804 1725 920 1798 scitisB
931 1730 1045 1800 poterit,
1060 1746 1148 1801 quam
1163 1730 1245 1786 illum
1257 1730 1386 1803 quicum
1401 1729 1438 1784 ad
1452 1729 1609 1801 imaginem
1626 1728 1668 1784 sui
1684 1744 1751 1784 con·

61 1823 198 1895 quoniam
208 1821 304 1878 omnis
313 1820 458 1876 homicida
471 1835 529 1874 uon
538 1820 628 1875 habet
639 1820 728 1874 vitam
742 1824 880 1875 aeternam
930 1822 1011 1890 didit,
1028 1823 1077 1895 qui
1100 1839 1166 1878 eum
1190 1823 1315 1895 pretioso
1341 1823 1480 1894 sanguine
1503 1839 1554 1877 siro
1577 1822 1710 1891 redemit,
1724 1825 1752 1877 ct

61 1917 90 1971 in
102 1914 262 1987 semetipso
275 1917 453 1970 manentem.
467 1915 498 1968 ln
514 1913 567 1968 hoc
583 1912 769 1984 cognorimus
786 1912 879 1967 chari·
929 1918 1047 1987 propter
1058 1932 1124 1972 eum
1138 1916 1227 1971 horno
1239 1916 1302 1970 fieri
1326 1931 1383 1970 non
1402 1920 1444 1970 est
1456 1914 1645 1986 dedignatus:
1661 1930 1747 1986 quem

62 2013 147 2064 tatem
161 2008 224 2074 liei,
239 2007 376 2079 quoniam
397 2006 444 2062 ille
465 2022 518 2077 pro
544 2005 626 2061 nobis
648 2005 775 2062 animam
797 2021 879 2061 snam
930 2010 1026 2081 procul
1053 2008 1139 2064 dubio
1160 2008 1285 2064 inveniet
1301 2008 1323 2063 si
1339 2008 1368 2062 in
1382 2023 1448 2063 eum
1462 2009 1550 2062 totam
1566 2022 1645 2078 spem
1666 2007 1749 2077 juxta

62 2102 268 2173 poenitetnos
280 2099 420 2155 debemus
434 2116 486 2170 pro
499 2099 634 2155 fratribus
643 2101 753 2156 animas
761 2114 880 2171 ponere.
930 2101 1087 2157 Psalmistae
1107 2117 1206 2156 vocem
1230 2100 1381 2172 projecerit
1388 2118 1396 2170 ;
1423 2100 1464 2156 ait
1485 2115 1620 2171 namque,
1641 2099 1749 2171 projice

62 2196 117 2259 Qui
136 2193 269 2251 habuerit
289 2192 477 2248 substantiam
499 2192 585 2262 hujus
607 2192 721 2259 mundi,
736 2197 764 2247 st
778 2192 882 2248 viderit
933 2216 946 2243 a
960 2210 1045 2266 super
1059 2195 1210 2249 Dominum
1224 2209 1320 2249 curam
1334 2196 1425 2263 tuam,
1443 2197 1471 2246 et
1483 2193 1543 2264 ipse
1565 2197 1592 2247 te
1614 2192 1748 2259 enutriet,

64 2289 180 2343 tratrem
203 2303 288 2341 suum
310 2285 508 2342 necessitatem
525 2285 641 2355 habere,
657 2288 686 2340 et
699 2285 833 2340 clauserit
843 2284 882 2339 vi·
930 2304 983 2343 nec
999 2287 1078 2342 dabit
1090 2287 1120 2342 in
1132 2290 1271 2344 aeternum
1287 2286 1500 2342 fluctuationem
1509 2285 1588 2356 justo
1599 2284 1682 2354 (Psoi.
1695 2301 1747 2353 arv,

66 2397 204 2436 morasus
219 2380 256 2435 ab
265 2395 308 2449 eo,
319 2379 467 2451 quomodo
480 2378 605 2434 charitas
618 2379 666 2435 llei
682 2381 783 2433 manet
792 2378 881 2435 ineo‘l
931 2383 984 2452 23).
997 2403 1011 2431 ε
1023 2380 1123 2435 Omnis
1140 2380 1219 2435 enim
1232 2380 1318 2435 homo
1329 2381 1359 2434 in
1372 2394 1422 2434 sua
1434 2395 1520 2439 causa
1534 2376 1712 2445 deficiens,et
1721 2378 1751 2432 in

69 2475 164 2543 lilioli,
175 2490 237 2529 non
245 2473 397 2545 diligamus
407 2472 503 2539 verbo,
517 2486 610 2543 neque
620 2472 728 2543 lingua,
738 2471 789 2527 sed
797 2487 882 2543 opere
932 2473 989 2529 suis
998 2472 1132 2528 haesitans
1143 2472 1267 2528 consiliis
1275 2473 1379 2543 querit
1387 2471 1440 2527 sibi
1451 2471 1576 2527 amicum
1587 2470 1750 2540 fidelem,in

69 2570 93 2620 et
105 2551 234 2622 renlate.
249 2567 281 2620 ln
295 2564 350 2620 boc
362 2564 547 2637 cognorimus
564 2565 699 2636 quoniam
715 2580 750 2619 ex
763 2564 882 2619 veritme
931 2567 1011 2638 cujus
1025 2565 1148 2621 consiliis
1161 2565 1296 2633 confidat,
1312 2565 1361 2637 qui
1376 2565 1406 2620 in
1420 2564 1478 2620 suis
1493 2562 1648 2630 diffidebat,
1666 2565 1694 2617 et
1711 2568 1750 2618 ta-

70 2676 172 2730 sumus,
186 2658 260 2715 etin
272 2662 424 2731 conspectu
443 2658 504 2729 ejus
525 2657 706 2714 suadebimus
727 2657 808 2713 cordi
827 2673 881 2713 no·
932 2660 988 2714 lem
1001 2658 1134 2714 fiduciam
1148 2658 1233 2714 habet
1254 2659 1282 2713 in
1307 2658 1364 2725 illo,
1381 2660 1412 2712 ut
1432 2673 1517 2713 omne
1542 2659 1683 2711 secretum
1705 2655 1749 2710 sui

71 2757 130 2824 stro,
144 2752 286 2825 quoniam
311 2752 335 2808 si
358 2750 580 2825 reprehenderit
602 2766 654 2806 nos
673 2767 723 2807 cor
740 2755 881 2821 nostrum,
926 2752 1053 2824 ¹pectoris
1066 2752 1093 2807 ei
1104 2751 1213 2823 pandat
1226 2755 1253 2807 et
1268 2751 1387 2823 aperiat.

10 2864 12 2868 ·
72 2847 157 2917 major
175 2849 220 2901 est
234 2845 310 2900 Dens
322 2845 407 2901 corde
420 2849 528 2911 nostro,
543 2848 572 2900 et
590 2844 670 2899 norit
689 2844 795 2899 omnia.
809 2844 882 2899 Cha·
966 2845 1041 2910 Quid
1055 2844 1164 2899 dulcius
1180 2846 1222 2899 est
1235 2859 1322 2915 quam
1338 2847 1370 2899 ut
1384 2842 1488 2898 habeas
1506 2843 1588 2898 illum
1604 2858 1670 2898 cnm
1694 2858 1751 2915 quo

10 2926 12 2933 ¹
74 2939 177 3006 peimi,
201 2938 226 2993 si
244 2942 435 2993 coruostrum
453 2954 511 2993 non
531 2936 717 3009 reprehendit
733 2953 797 3004 nos,
812 2936 884 2992 lidu-
933 2939 1029 2993 omnia
1039 2937 1129 3009 possis
1140 2937 1217 3009 loqui
1232 2940 1265 2994 ut
1277 2936 1433 2993 tecumlsi
1444 2936 1499 2992 ista
1509 2951 1574 2992 eum
1584 2935 1752 2992 hominibus

76 3032 134 3086 ciam
149 3029 292 3087 haberrms
306 3030 342 3086 ad
358 3031 459 3097 Deum,
470 3034 500 3085 et
512 3030 652 3103 quidquid
661 3030 828 3102 petierimus
835 3046 882 3085 ac·
932 3032 1015 3101 flunt,
1029 3034 1136 3103 quanto
1151 3030 1244 3102 magis
1256 3046 1321 3086 cum
1333 3030 1391 3086 Deo
1401 3029 1455 3085 hoc
1473 3032 1516 3084 est
1531 3029 1685 3101 agendum,
1700 3030 1750 3102 qui

76 3125 202 3196 optem
214 3123 312 3194 abeo,
327 3123 350 3179 si
360 3123 499 3179 mandata
511 3123 573 3195 ejus
590 3122 774 3193 custodimus,
790 3127 818 3180 et
838 3139 882 3190 ea,
893 3088 921 3164 C
934 3140 1034 3181 omues
1048 3125 1107 3180 vult
1119 3124 1211 3180 saluos
1222 3124 1285 3179 fieri
1297 3128 1325 3179 et
1337 3122 1485 3178 neminem
1498 3122 1615 3195 periret
1631 3123 1712 3191 Nam,
1728 3123 1752 3178 si

77 3217 321 3290 quemntplecita
333 3232 429 3273 coram
450 3233 494 3286 eo,
506 3216 635 3272 tacimus.
647 3216 885 3272 Ethocestman-
934 3217 1071 3274 veraciter
1083 3219 1175 3273 Deum
1189 3217 1342 3286 credimus,
1359 3232 1483 3288 eumque
1499 3215 1647 3287 diligimus
1660 3220 1693 3272 ut
1706 3216 1752 3273 de·

78 3309 163 3368 taum
181 3311 258 3383 ejus,
269 3313 303 3366 ut
321 3309 474 3365 credamus
491 3309 522 3364 in
537 3309 656 3364 nomine
671 3309 722 3364 ttlii
737 3310 798 3382 ejus
817 3310 884 3366 lesu
933 3311 1045 3381 bemus,
1058 3316 1086 3367 et
1099 3309 1243 3383 proximos
1257 3310 1330 3365 sicut
1342 3309 1540 3381 nosmetipsos,
1557 3309 1587 3364 in
1603 3325 1669 3364 eum
1682 3326 1751 3381 quo·

78 3403 164 3460 Christi
177 3408 208 3460 et
222 3403 380 3475 diligamus
392 3404 574 3472 alterutrum,
587 3403 662 3458 sicul
673 3402 751 3458 dedit
763 3404 883 3458 manda·
934 3420 990 3476 que
1003 3407 1092 3460 totam
1105 3420 1185 3476 spem
1197 3403 1402 3477 projecerimus
1415 3407 1550 3470 nostram,
1562 3402 1622 3473 ipse
1635 3418 1686 3457 nos
1699 3403 1752 3458 eri·

78 3501 125 3552 tum
138 3496 234 3553 nobis.
248 3497 283 3552 Et
302 3496 352 3569 qui
365 3499 459 3551 serrat
472 3495 612 3551 mandata
624 3495 695 3566 ejus,
711 3495 742 3551 iu
758 3496 807 3552 illo
822 3512 883 3552 ma·
934 3498 996 3570 piet
1008 3502 1038 3553 et
1058 3497 1259 3553 consolabitur.
1277 3499 1321 3564 Et,
1337 3497 1409 3552 sicut
1429 3513 1483 3569 per
1505 3495 1641 3568 angelum
1665 3510 1759 3570 suum.

79 3596 124 3659 net,
135 3594 168 3647 et
179 3591 243 3662 ipse
255 3590 287 3644 in
300 3605 344 3656 eo,
358 3592 388 3645 et
402 3588 433 3644 in
453 3589 507 3644 hoc
518 3589 624 3644 scimus
638 3588 773 3660 quomam
785 3592 886 3644 manet
935 3591 1063 3646 llabacuc
1074 3591 1244 3663 prophetam
1262 3605 1327 3645 cum
1349 3589 1470 3661 prandio
1486 3589 1515 3643 iu
1529 3589 1621 3645 lacurn
1636 3589 1752 3645 leonum

79 3681 229 3739 innobisde
240 3682 351 3755 Spiritu
361 3698 449 3754 quem
459 3681 538 3737 dedit
550 3681 633 3738 nobis
646 3680 669 3752 (l
679 3685 759 3738 loon.
769 3699 799 3753 u,
810 3682 883 3754 itt.»
934 3683 971 3738 ad
985 3682 1129 3739 Danielem
1142 3685 1235 3737 vatem
1257 3682 1344 3749 misit,
1359 3687 1387 3737 et
1410 3682 1586 3753 Philippum,
1607 3698 1696 3738 uuum
1714 3681 1751 3737 de

80 3775 396 3832 ltsieutlteusdreator
408 3775 660 3848 quihominemad
671 3775 884 3832 similitudinem
935 3780 1045 3849 septem
1066 3774 1241 3844 diaconibus,
1255 3774 1291 3830 ad
1310 3774 1491 3841 Eunuchum,
1506 3774 1546 3828 ita
1568 3774 1646 3829 dabit
1669 3774 1753 3829 nohis

80 3884 146 3924 uam
160 3868 283 3939 creavit,
293 3867 479 3935 estcharitas,
488 3867 643 3937 calbenos,
653 3869 884 3940 justus,patieus,
935 3868 1161 3941 consolationem
1175 3872 1204 3924 et
1215 3867 1424 3923 liberationem.
1439 3867 1503 3921 llaec
1517 3865 1675 3937 sectamini,
1687 3866 1754 3921 cha·

80 3966 151 4035 atque
168 3962 252 4017 unitis
264 3964 295 4016 et
312 3960 480 4030 misericors,
497 3965 527 4016 et
539 3963 643 4016 caetera
661 3965 821 4018 sanctarum
833 3961 886 4016 vir·
935 3961 1050 4031 rissimi,
1065 3965 1095 4017 et
1111 3960 1182 4017 nulli
1197 3976 1324 4032 unquam
1338 3962 1448 4015 nocete.
1465 3959 1578 4014 Fratres
1589 3958 1666 4028 estis,
1679 3958 1752 4013 invi·

79 4057 157 4111 tutem
170 4054 384 4127 insigniaque
397 4053 433 4109 de
446 4069 481 4110 eo
494 4054 641 4126 leguntur,
656 4054 695 4110 ita
711 4054 797 4111 homo
811 4071 888 4111 crea·
936 4072 999 4112 cem
1012 4070 1062 4111 vos
1075 4054 1186 4127 diligite
1204 4056 1237 4109 ut
1251 4053 1311 4109 veri
1333 4052 1385 4108 Dei
1406 4051 1533 4124 discipuli
1555 4050 1629 4108 effici
1647 4067 1754 4108 merea-

78 4150 111 4202 tus
126 4153 182 4216 est,
204 4152 240 4203 ut
260 4146 430 4202 charitatem
451 4146 579 4216 haberet,
600 4151 633 4203 ut
650 4146 742 4204 bonus
761 4151 837 4203 esset
859 4152 888 4204 at
937 4149 1018 4204 mini.
1032 4149 1104 4204 Nam
1116 4147 1167 4220 qui
1180 4146 1299 4203 rancida
1312 4145 1400 4201 corda
1414 4144 1539 4200 virorum
1559 4144 1658 4215 inlicit,
1674 4144 1755 4200 mali·

75 4239 212 4309 tumus
222 4239 337 4312 patiens
349 4244 436 4312 atque
446 4240 533 4308 mitis,
543 4240 678 4311 muudus,
688 4246 717 4296 et
727 4241 888 4297 misericors
936 4241 1007 4298 tiam
1024 4241 1102 4296 inter
1115 4241 1248 4295 homines
1259 4239 1377 4312 spargit,
1392 4244 1420 4294 et
1435 4239 1484 4312 qui
1499 4238 1624 4294 detrahit
1635 4237 1754 4294 fratrem

78 4333 152 4388 toret.
168 4334 248 4398 Quas
265 4333 388 4389 virtutes
403 4337 511 4405 quanto
529 4332 592 4404 plus
607 4333 728 4406 quisque
743 4334 773 4389 iu
794 4335 888 4406 seipso
937 4350 1033 4401 suum,
1048 4333 1095 4389 hic
1115 4333 1258 4389 homicida
1277 4338 1329 4388 est.
1344 4334 1379 4387 Et
1402 4332 1452 4404 qui
1472 4331 1621 4387 abstulerit
1642 4331 1754 4404 aliquid

78 4423 166 4495 babet,
180 4428 263 4480 huto
287 4425 407 4497 propior
428 4427 471 4479 est
493 4425 550 4480 llco
574 4428 603 4481 et
622 4426 715 4496 major
733 4429 785 4497 cst,
797 4443 829 4481 ac
843 4426 1009 4526 suiDpatri
1029 4428 1073 4483 vel
1090 4418 1191 4496 matri,
1209 4426 1332 4498 dicitque
1354 4427 1408 4482 hoc
1427 4429 1576 4498 peccatum
1600 4440 1659 4480 non
1681 4418 1767 4492 esse,÷'

77 4518 234 4574 tmditoris
245 4518 321 4590 gerit
335 4518 562 4574 similitudinem.
579 4519 607 4574 Si
621 4534 688 4574 vero
703 4520 789 4591 (qarod
803 4519 886 4592 absit)
937 4520 1086 4576 homicide
1095 4520 1238 4592 particeps
1248 4522 1300 4575 est.
1309 4520 1394 4574 Pater
1402 4523 1499 4574 noster
1506 4518 1566 4573 sine
1580 4516 1665 4572 dubio
1682 4518 1766 4589 reuss

76 4611 174 4683 aliquis
184 4627 241 4684 per
253 4611 335 4667 devia
345 4610 482 4667 uitiorum
501 4616 529 4667 et
545 4610 667 4668 divortia
685 4612 838 4668 criminum
851 4612 887 4668 ab
937 4618 989 4684 est,
1010 4613 1059 4685 qui
1083 4628 1136 4667 nos
1159 4612 1280 4678 creavit;
1303 4616 1396 4667 mater
1416 4615 1511 4665 nostra
1531 4626 1598 4665 vero
1620 4596 1769 4690 Ecclesia}

76 4702 125 4759 hac
138 4704 317 4760 nobilissima
331 4704 375 4759 sui
386 4703 543 4760 Conditoris
557 4703 741 4761 similitudine
764 4706 889 4779 degener
937 4723 1002 4778 qnae
1015 4723 1066 4762 nos
1078 4706 1109 4761 in
1123 4705 1265 4777 baptismo
1279 4704 1465 4778 spiritualiter
1477 4703 1667 4774 regeneravit.
1678 4695 1774 4775 Ergo²

75 4796 194 4865 aberra,
206 4800 276 4852 tnnc
291 4796 343 4852 det
354 4796 390 4852 de
401 4813 434 4852 eo
447 4797 526 4868 quod
540 4797 678 4870 scriptum
694 4802 756 4854 est:
773 4820 787 4849 u
798 4801 888 4855 Homo
938 4801 987 4873 qui
1008 4800 1111 4856 Christi
1133 4799 1269 4871 pecunias
1290 4803 1318 4854 et
1337 4796 1468 4853 Ecclesia
1490 4796 1574 4868 rapit,
1593 4797 1696 4863 aufert,
1710 4796 1755 4850 vel

76 4905 137 4944 cum
155 4890 187 4946 iu
199 4890 310 4946 honore
326 4895 399 4946 esset
414 4905 472 4946 non
488 4890 638 4962 intellexit,
652 4897 832 4964 comparatus
848 4895 889 4948 est
937 4894 1062 4962 fraudat,
1070 4892 1213 4949 homicida
1228 4897 1279 4959 est,
1289 4896 1375 4964 atque
1389 4889 1532 4946 homicida
1550 4893 1615 4946 ante
1636 4905 1753 4962 conspe·

74 4982 209 5051 jumentis
219 4980 431 5055 insipientibus,
441 4988 470 5039 et
479 4983 579 5039 similis
588 4984 679 5040 iactus
688 4990 731 5040 est
739 4985 795 5040 illis
805 4986 887 5057 (Paul.
939 4991 1017 5044 ctum
1030 4987 1100 5059 justi
1114 4985 1219 5043 iudicis
1234 5001 1295 5041 esse
1310 4983 1493 5056 deputabitur
1498 5001 1506 5053 ;
1523 4983 1572 5056 qui
1584 4983 1661 5055 rapit
1673 4999 1755 5056 pecu-

77 5089 166 5145 nvm,
180 5075 237 5149 ²¹l·
253 5097 268 5126 r
283 5075 353 5140 Quis
367 5076 461 5148 major
478 5077 570 5131 honor
589 5078 684 5149 potuit
699 5075 809 5134 homini
829 5095 889 5135 esse
938 5082 1016 5138 niam
1031 5079 1153 5153 proximi
1167 5079 1220 5147 sui,
1235 5077 1417 5151 iniquitatem
1430 5079 1575 5149 operatur,
1590 5077 1641 5149 qui
1659 5081 1755 5133 aulem
1771 5149 1774 5154 .

78 5173 207 5239 qmmut
222 5168 261 5224 ad
275 5167 464 5225 similitudem
482 5170 526 5224 sui
545 5170 660 5226 lactoris
677 5172 848 5228 conderetur
861 5175 890 5228 et
938 5173 1088 5248 pecuniam
1112 5173 1154 5228 vel
1176 5188 1221 5228 res
1242 5170 1373 5227 Ecclesia
1395 5170 1552 5238 abstulerit,
1575 5168 1756 5241 sacrilegium
1768 5158 1797 5234 l·

77 5261 180 5318 eisdem
197 5262 339 5318 virtutum
357 5261 535 5318 vestimentis
555 5269 715 5334 ornaretur,
735 5265 840 5337 quibus
861 5270 891 5322 et
938 5267 1016 5325 facit.
1038 5266 1187 5338 Privilagia
1209 5265 1286 5321 enim
1308 5262 1499 5319 Ecclesiarum
1526 5267 1554 5318 et
1581 5262 1756 5320 sacerdotum

77 5354 230 5411 tonditur?
243 5355 280 5411 de
292 5371 350 5428 quo
362 5354 489 5428 legitur:
507 5377 521 5406 «
539 5356 678 5413 Dominus
691 5359 832 5431 regnavit,
844 5359 891 5416 de
939 5361 1030 5418 sancti
1043 5359 1165 5432 apostoli
1174 5359 1256 5432 jussu
1271 5357 1422 5414 Salvatoris
1436 5357 1606 5413 intemerata
1622 5359 1651 5411 et
1663 5353 1754 5410 inrio-

78 5464 170 5504 oorem
190 5448 311 5505 indutus
332 5454 376 5504 est
393 5449 477 5520 (Psoi.
491 5465 556 5518 xcu,
572 5451 607 5522 t),
622 5472 636 5501 »
652 5450 744 5524 idest,
759 5453 890 5508 omnium
940 5454 1139 5512 lataomnibus
1150 5448 1756 5521 decrevenrntmaneretemporibusheges

80 5540 212 5599 mmmm
227 5541 380 5614 splendore
391 5545 421 5598 et
439 5541 526 5598 totius
541 5543 679 5600 bonitatis
691 5545 793 5601 decore
804 5562 889 5602 orne-
940 5547 1071 5604 Ecclesiae
1093 5546 1245 5620 apostolica
1266 5544 1417 5600 firmamus
1435 5542 1599 5598 auctoritate
1620 5545 1649 5596 et
1672 5555 1755 5611 pere·

10 5682 12 5689 .
80 5634 284 5707 tas,vel‚quod
296 5634 513 5705 majushomini
527 5639 696 5708 potestesse
711 5638 891 5695 dcdecusaut
942 5641 1025 5714 guina
1041 5640 1149 5714 J‘udicia
1163 5639 1377 5708 submovemus,
1391 5637 1468 5692 unde
1482 5639 1511 5692 et
1529 5632 1666 5689 Dominus
1679 5649 1758 5691 men-

83 5725 216 5786 iulelicior
227 5724 356 5798 miseria,
372 5743 461 5800 qnam
474 5730 508 5784 ut
525 5728 580 5784 hac
596 5729 786 5788 similitudinis
798 5733 892 5804 gloria
942 5735 1049 5792 tionem
1062 5735 1171 5792 faciens
1186 5735 1257 5790 Loth
1276 5748 1330 5806 per
1344 5733 1454 5806 Moysen
1478 5727 1613 5801 loquitur,
1636 5727 1757 5794 dicensz

276 5825 416 5896 Parnon.
439 5824 554 5897 cxxx.
1540 5829 1558 5901 3
