3870 6150
120 171 184 229 aas·
567 174 708 231 lernau.
728 175 772 231 ΑΒ
790 173 870 231 SAEC.
889 172 1127 232 tx.-lstb0u1
1145 174 1358 232 uaacuroms
1753 177 1804 231 als

123 280 273 339 catholicos
285 280 534 339 infestars.Cesset
545 298 595 338 eos
607 281 656 354 qui
669 285 773 339 sancte
789 283 937 340 memoria
947 295 977 369 Α
987 301 1071 357 quem
1088 284 1197 340 dudum
1214 300 1231 339 a
1251 299 1281 340 se
1298 282 1430 351 removit,
1445 282 1604 340 abscindat.
1617 282 1707 355 cujus
1719 283 1801 340 inno·

125 377 256 432 flaviano
271 377 403 448 placuere
418 381 578 445 conterere,
599 382 636 432 et·
649 393 748 432 eorum
772 378 937 433 societatem
988 377 1089 433 centia
1112 377 1150 433 ita
1179 377 1303 433 adfuisse
1332 393 1382 432 vos
1406 377 1582 450 gaudeant
1606 377 1724 433 moerori
1745 379 1804 450 ejus

122 487 193 543 quos
204 470 374 542 improbavit
383 470 500 541 eligere,
510 471 669 526 fraternam
681 471 759 526 enim
771 472 811 526 illi
822 472 939 526 charita-
989 472 1075 543 digna
1095 471 1288 528 consolatione
1311 474 1406 527 vestra
1424 471 1512 543 pietas
1526 470 1703 527 subveniret.
1728 471 1804 528 Circa

122 571 182 618 tem
196 578 255 618 non
268 562 351 618 aliter
368 565 524 635 poterimus
535 564 702 636 impendere
718 582 806 637 quam
820 569 852 620 ut
863 583 892 620 se
903 565 938 620 ah
988 566 1108 621 fratrem
1120 582 1218 621 meum
1232 570 1431 621 veneratorem
1446 570 1574 621 restrum
1590 565 1739 622 lulianum
1751 565 1806 638 epi·

124 656 245 712 inimicis
259 657 407 712 catholica
421 657 486 714 ltdei
501 658 641 730 approbet
656 658 806 728 exsecrari,
822 676 939 714 eorum·
989 675 1117 731 scopum,
1133 662 1273 731 quantum
1295 658 1397 715 debeat
1418 675 1545 715 crescere
1568 664 1664 715 restra
1680 659 1803 731 dignatio

122 768 176 824 que
191 769 207 806 a
221 769 250 806 se
265 752 441 807 consortium
454 756 542 824 atque
560 753 765 808 commercium
781 753 937 823 abscindat,
989 753 1150 825 apostolicae
1173 753 1251 809 Sedis
1273 753 1433 809 existimate
1452 752 1572 825 judicio,
1585 770 1656 808 cum
1678 753 1709 810 in
1728 770 1804 809 cause

122 845 170 918 qui
178 846 262 901 etiam
270 846 291 899 si
299 845 514 918 magnafuisset
522 845 712 902 satisfactione
722 850 870 919 purgatus,
878 852 940 918 post
989 846 1057 901 fidei
1079 847 1124 902 cui
1147 847 1237 919 gloria
1259 851 1352 902 vestra
1365 848 1520 903 famulatur
1534 847 1628 903 vicem
1643 847 1699 920 ipsi
1713 863 1802 903 meam

123 938 214 1014 201
235 939 354 994 dubium
368 942 465 994 tamen
482 956 611 995 reversus
630 957 768 996 errorem.
787 940 940 998 Catholicis
989 945 1107 997 eatenus
1130 942 1306 1012 delegaram,
1330 945 1364 997 ut
1388 941 1424 996 ab
1448 958 1482 996 ea
1502 959 1565 1014 qua
1584 941 1667 997 uobis
1688 940 1804 997 debetur

122 1033 288 1089 diaconibus
299 1033 431 1105 postponi
439 1033 596 1099 debet‚non
604 1034 938 1107 praeponiltludquoque
990 1035 1168 1090 observantia
1180 1051 1240 1090 non
1252 1036 1390 1091 recedens
1400 1035 1501 1107 pietati
1511 1052 1558 1091 me
1570 1038 1676 1091 vestrae
1688 1053 1804 1107 praesen

123 1128 281 1182 cteruentiae
291 1130 392 1181 vestrae
404 1126 634 1182 benevolentiam
648 1132 725 1199 peto,
739 1133 770 1182 ut
789 1133 938 1183 venerato·
989 1134 1049 1184 tare
1063 1145 1120 1182 non
1133 1127 1253 1197 desinat,
1271 1145 1429 1201 exsequens
1450 1129 1481 1184 iu
1503 1128 1634 1185 custodia
1654 1128 1724 1183 fidei
1738 1134 1766 1184 et
1778 1128 1803 1184 in

123 1238 184 1276 rem
199 1226 328 1276 nostrum
345 1221 464 1276 fratrem
486 1237 584 1276 meum
608 1222 753 1278 lulianum
775 1222 939 1294 episcopum
990 1221 1183 1278 ecclesiasticis
1194 1221 1350 1293 disciplinis
1363 1239 1414 1294 per
1427 1222 1804 1289 omniasollieitudinem,et

124 1317 153 1371 iu
168 1319 273 1384 vestro,
288 1315 361 1370 sicut
380 1314 471 1370 facere
493 1315 662 1386 dignamini,
681 1316 811 1371 habeatis
826 1316 939 1383 aflectu,
990 1315 1159 1388 opportunis
1173 1316 1404 1389 suggestionibus
1419 1317 1495 1388 quod
1508 1316 1664 1372 universali
1680 1316 1804 1373 Ecclesia

123 1409 205 1481 eujus
220 1408 363 1481 ohsequiis
381 1408 542 1480 praesentire
555 1426 628 1464 meae
641 1409 720 1464 robis
733 1409 828 1481 imago
843 1410 941 1466 redda-
991 1409 1081 1481 prosit
1099 1409 1257 1477 insinuans,
1269 1414 1302 1465 ut
1321 1410 1351 1464 in
1368 1410 1431 1482 ipso
1452 1427 1504 1466 uec
1523 1410 1674 1467 catholicis
1685 1417 1804 1466 aesinam

125 1507 180 1558 tur.
195 1504 265 1558 Nam
279 1511 307 1558 et
320 1502 354 1557 de
367 1502 435 1557 fidei
444 1503 506 1574 ejus
515 1502 676 1558 sinceritate
686 1503 941 1571 confidens,vieem
992 1503 1158 1575 praesidium
1182 1503 1285 1575 quihus
1313 1504 1442 1559 volumus
1466 1504 1633 1572 subvenire,
1654 1521 1712 1559 nec
1734 1503 1804 1559 robis

124 1596 180 1669 ipsi
204 1612 301 1651 meam
325 1601 424 1651 contra
448 1597 586 1668 temporis
600 1596 690 1651 nostri
703 1596 851 1652 haereticos
864 1597 940 1653 dele·
991 1613 1089 1653 meum
1103 1597 1176 1652 desit
1190 1595 1369 1669 obsequium.
1393 1598 1461 1653 Data
1484 1614 1511 1653 vr
1532 1598 1600 1653 idus
1620 1597 1726 1664 ldartii,
1745 1597 1803 1669 Opi·

125 1691 415 1762 gavi,atquepr0pter
426 1690 614 1745 Ecclesiarum
625 1689 758 1762 pacisque
772 1691 939 1759 custodiam,
951 1671 980 1742 Β
991 1691 1067 1746 lione
1082 1691 1141 1746 rire
1154 1690 1309 1746 clarissimo
1323 1691 1449 1747 consule.

123 1786 157 1838 ut
171 1801 187 1838 a
201 1784 337 1839 comitatu
352 1787 445 1838 vestro
468 1800 525 1839 non
542 1784 654 1839 abesset
666 1785 747 1857 exegi
755 1802 763 1854 ;
780 1785 860 1856 eujus
872 1802 939 1857 sug·
1209 1785 1329 1841 Xllllllll.
1343 1817 1375 1826 -
1390 1785 1437 1841 dd
1451 1787 1581 1842 eumdem.

91 1871 101 1879 ’
124 1878 267 1948 gestiones
293 1894 345 1949 pro
373 1878 527 1934 concordia
555 1878 702 1933 catholicae
726 1878 854 1947 unitatis,
874 1882 939 1934 tan·
1029 1882 1083 1935 Lao
1098 1880 1424 1952 episcopusPuacaaura
1436 1882 1583 1952 anguste.

123 1989 209 2044 quam
224 1981 314 2026 'meas
341 1971 440 2027 audire
467 1972 637 2042 dignemini,
657 1972 802 2044 placentes
821 1973 876 2029 Deo
893 1973 942 2045 qui
1028 1974 1105 2039 Quod
1117 1973 1506 2046 semperdepieiarisvestra
1516 1977 1617 2030 mente
1629 1977 1802 2048 praesumpsi

123 2066 203 2120 vobis
225 2069 332 2138 prater
353 2065 462 2137 regiam
485 2083 620 2121 coronam
636 2067 722 2122 etiam
736 2066 940 2123 sacerdotalem
992 2085 1065 2138 mua,
1075 2069 1101 2122 id
1113 2067 1274 2139 plenissime
1286 2067 1664 2140 experiendocognovimus,
1676 2070 1803 2126 Christia-

124 2160 252 2215 conferat
264 2160 400 2230 palmam.
415 2159 488 2215 [tata
501 2177 529 2214 vr
545 2161 609 2215 ldus
623 2160 723 2228 hlartii,
737 2161 869 2231 Opilionc
881 2161 941 2216 viro
993 2179 1059 2217 uam
1079 2161 1165 2216 fidem
1180 2162 1312 2234 quamuis
1324 2161 1441 2217 dirersis
1455 2178 1613 2233 pravorum
1629 2168 1806 2236 appeteretur

125 2253 281 2308 clarissimo
296 2270 374 2308 cons.
993 2256 1111 2322 insidiis,
1120 2255 1200 2310 vobis
1209 2262 1305 2312 tamen
1319 2255 1513 2328 praesentibus,
1527 2259 1556 2310 et
1566 2256 1599 2311 in
1614 2256 1804 2313 defensionen

287 2347 395 2402 xxxvi.
410 2377 444 2386 -
460 2347 506 2403 Ad
523 2347 695 2403 Pulcherium
709 2349 781 2418 Auq.
993 2349 1804 2422 ejusalteminopraeparatisuonposseturbari.Noneuim

162 2445 216 2498 Lao
233 2443 393 2497 Pcmaama
407 2443 544 2512 Augustae
558 2441 593 2495 de
607 2440 668 2497 atio
683 2444 711 2497 et
722 2442 846 2497 andrea.
993 2446 1066 2499 Deus
1080 2447 1130 2498 aut
1145 2461 1202 2499 suaa
1215 2444 1419 2501 misericordia
1432 2448 1663 2514 sacramentum,
1673 2445 1805 2502 autveui

61 2598 67 2607 ¹
159 2535 252 2591 ldultis
266 2535 442 2590 exstantibus
461 2535 639 2590 documentis
652 2535 754 2607 quihus
770 2536 800 2591 iu
818 2535 943 2591 dilectio
993 2538 1097 2593 laboris
1111 2538 1215 2594 deserit
1228 2538 1373 2608 meritum,
1389 2556 1445 2610 quo
1459 2537 1568 2594 dudum
1584 2539 1742 2595 subdolum
1755 2556 1807 2595 san·

126 2646 194 2685 nem
211 2629 340 2684 Ecclesiae
354 2629 403 2684 Dei
417 2629 529 2700 pietatis
547 2632 647 2684 restrae
663 2630 861 2685 manifestatur
874 2629 942 2684 alfe·
993 2637 1044 2687 ctae
1064 2632 1216 2703 religionis,
1231 2632 1345 2687 hostem
1368 2632 1403 2687 ab
1427 2631 1496 2704 ipsis
1512 2632 1674 2688 visceribus
1687 2633 1804 2689 Eucleda

124 2724 191 2793 etio,
207 2723 312 2778 merito
333 2722 443 2794 quoties
463 2722 572 2794 aliquid
590 2724 718 2778 noscitur
731 2723 942 2792 scandalorum,
994 2725 1152 2798 depulistis,
1167 2725 1375 2781 cumhaeresim
1389 2742 1469 2781 suam
1482 2727 1557 2782 tueri
1570 2727 1711 2799 impietas
1719 2728 1804 2783 Nesto·

125 2821 252 2873 restnrm
265 2816 444 2871 desideratur
458 2815 731 2885 arixilium,utf1des
742 2834 805 2888 quae
815 2816 944 2872 adniteu-
993 2821 1073 2875 rinna
1085 2836 1144 2875 non
1158 2819 1261 2892 potuit,
1270 2819 1337 2891 quia
1348 2836 1407 2874 non
1421 2820 1523 2875 fefellit
1535 2820 1680 2876 famulam
1694 2828 1724 2877 et
1737 2821 1806 2876 disci

126 2911 201 2966 tibus
214 2910 294 2965 vohis
315 2915 415 2965 contra
430 2909 631 2965 haereticorum
649 2915 813 2965 commenta
827 2909 944 2965 defensa
994 2914 1091 2985 palam
1105 2913 1241 2981 veritatis,
1255 2918 1393 2985 quantum
1413 2913 1591 2986 simplicibus
1612 2914 1804 2971 infunderetur

124 3010 176 3071 est,
185 3021 293 3060 securae
304 3003 380 3075 pacis
390 3008 539 3075 perpetem
547 3003 677 3058 obtineat
684 3003 861 3060 firmitatem.
872 3006 942 3060 liam
954 3047 982 3123 C
994 3007 1096 3063 veneni
1110 3024 1162 3079 per
1175 3008 1224 3062 ilia
1236 3007 1364 3080 loquacis
1376 3007 1502 3063 hominis
1512 3009 1643 3064 colorata
1653 3009 1802 3071 mendacis.

125 3099 194 3170 quid
219 3099 335 3170 prodest
355 3097 424 3152 foris
445 3097 619 3153 adversarios
638 3097 765 3154 veritatis
779 3115 941 3171 oppressos,
995 3101 1100 3174 dequo
1116 3103 1254 3156 virtulum
1267 3117 1359 3173 agone
1374 3102 1520 3174 processit,
1537 3106 1569 3158 ut
1584 3119 1641 3175 per
1654 3101 1805 3159 sollicitudi-

125 3193 148 3246 si
161 3192 278 3247 cosdem
299 3191 458 3247 habeamus
479 3191 555 3245 intra
578 3191 727 3247 Dominica
743 3196 824 3263 septa
838 3192 942 3248 redivi·
995 3201 1319 3267 namvestrameaquae
1333 3212 1385 3267 per
1400 3195 1539 3252 Eutichen
1553 3195 1690 3252 diabolus
1704 3197 1804 3253 molitus

125 3287 192 3340 vost
204 3284 284 3350 Quod
300 3285 396 3357 itaque
409 3285 483 3339 circa
501 3301 651 3356 personam
669 3285 719 3340 filii
737 3285 793 3340 mei
811 3285 865 3341 Etii
879 3303 942 3358 ges·
994 3288 1037 3339 est
1049 3302 1107 3340 uon
1119 3283 1251 3353 laterent,
1263 3290 1294 3340 ut
1306 3283 1355 3355 qui
1370 3283 1423 3340 sibi
1438 3284 1563 3355 singulas
1577 3288 1680 3357 partes
1695 3286 1802 3359 gemine

126 3385 188 3435 tum
220 3396 281 3434 esse
306 3379 437 3452 cognovi,
458 3379 582 3433 nimium
604 3396 650 3433 me
674 3381 792 3435 anxium
823 3380 900 3450 facit,
916 3385 945 3436 et
994 3378 1146 3450 impietatis
1157 3380 1313 3449 elegerant,
1324 3394 1381 3433 rina
1395 3378 1541 3433 catholicae
1553 3379 1626 3434 fidei
1636 3380 1744 3437 virtute
1753 3395 1803 3453 pro

125 3477 256 3530 metuere
281 3478 359 3528 certa
381 3473 491 3528 ratione
513 3472 669 3545 compellit,
688 3490 724 3528 ue
748 3474 944 3545 poenitendum
994 3472 1802 3547 cumberent.Secundaergohaecvobisdeperemptoliu·

127 3568 199 3624 mihi
219 3568 255 3622 sit
268 3567 343 3639 quod
356 3567 390 3622 de
404 3567 537 3638 episcopo
555 3567 879 3639 Constantinopolitano,
894 3568 944 3640 qui
995 3565 1107 3620 lichetis
1121 3583 1218 3622 errore
1230 3566 1345 3622 victoria
1358 3569 1410 3633 est,
1422 3583 1510 3638 quem
1525 3566 1549 3621 si
1563 3567 1636 3639 quid
1649 3570 1715 3624 sani
1723 3566 1803 3625 cordis

126 3662 160 3717 ab
189 3660 438 3732 impugnatoribus
465 3661 559 3717 fuerat
586 3661 731 3716 ordinatus
754 3661 841 3731 ndei,
863 3662 945 3718 vohis
995 3659 1148 3729 habuisset,
1175 3660 1284 3715 dudum
1310 3659 1339 3714 in
1367 3658 1531 3716 auctoribus
1555 3661 1616 3715 suis
1637 3663 1801 3734 perculsam,

127 3755 346 3811 adhortantibus
368 3754 497 3826 acquievi
517 3755 636 3810 meliora
660 3755 766 3810 sentire
784 3773 848 3811 cum
866 3759 944 3811 lanto
995 3753 1119 3826 olimque
1133 3758 1307 3826 prostratum
1321 3753 1401 3809 facile
1416 3758 1549 3826 potuerat
1562 3754 1726 3826 declinare,
1736 3754 1803 3811 node

127 3849 240 3921 pietatis
251 3853 349 3905 vestrae
359 3848 526 3905 testimonio
537 3849 695 3920 juvaretur,
709 3865 744 3904 ne
754 3850 834 3904 illum
846 3867 942 3922 grava·
995 3847 1113 3919 sepultis
1122 3847 1265 3903 cineribus
1274 3847 1400 3903 rediviva
1410 3850 1535 3903 tentaret
1544 3847 1682 3905 incendia
1691 3864 1804 3905 commo·

126 3949 169 3999 ret
188 3960 247 3998 suae
265 3943 451 3998 ordinationis
470 3942 628 4011 iufirmitas,
638 3942 687 3997 ubi
699 3948 792 3999 vestra
804 3943 945 3998 interven·
994 3957 1070 4007 vere,
1083 3942 1158 3995 utin
1175 3957 1274 3996 eorum
1288 3941 1436 3996 transisset
1449 3942 1628 3998 consortium
1638 3959 1762 4016 quorum
1772 3957 1804 3997 se

125 4038 369 4110 tiopraestarctur.
380 4037 459 4092 Unde
470 4037 606 4108 gratulari
621 4054 774 4108 coeperaru,
783 4037 860 4108 quod
869 4036 944 4092 beati
995 4039 1077 4089 cutus
1091 4038 1166 4089 esset
1181 4036 1347 4107 exemplum
1363 4035 1565 4107 gloriosissima
1580 4038 1725 4110 Augirsta.
1739 4035 1803 4094 tibet

128 4130 253 4186 Flaviani
272 4130 425 4185 honoraret
446 4131 626 4199 memoriam,
642 4135 671 4186 et
686 4131 884 4185 hereticorum
898 4148 944 4186 ce·
996 4127 1083 4198 igitur
1096 4128 1239 4183 exsultare
1252 4144 1316 4183 cum
1330 4128 1446 4200 gaudio,
1462 4132 1491 4183 ct
1506 4145 1558 4200 pro
1572 4134 1679 4186 vestrae
1692 4131 1803 4187 clemen

126 4224 240 4279 natibus
263 4223 399 4278 obsistere
420 4224 572 4280 diceretur.
589 4224 645 4280 Sed
666 4224 747 4279 doleo
767 4224 858 4292 illum,
874 4225 946 4279 sicut
995 4221 1042 4275 tiae
1055 4221 1244 4294 prosperitate
1261 4221 1349 4293 digna
1364 4223 1494 4277 Deosota
1508 4225 1690 4295 persolvere,
1701 4225 1751 4298 qui
1764 4220 1802 4278 uti

129 4316 258 4389 predicti
271 4316 461 4388 lacrymabilis
481 4318 597 4389 querela
619 4318 805 4385 demonstrat,
821 4318 849 4372 in
865 4318 944 4373 dete·
997 4332 1047 4386 per
1060 4332 1162 4370 omncs
1174 4315 1274 4370 mundi
1288 4319 1391 4386 partes,
1403 4316 1431 4371 in
1445 4316 1547 4388 quibus
1560 4317 1682 4374 Domini
1694 4320 1803 4389 avenes

81 4460 83 4465 .
129 4411 204 4465 riora
214 4412 368 4477 mutatum,
378 4415 480 4466 etcum
494 4427 570 4466 nune
583 4411 759 4466 constituisse
768 4412 944 4468 archidiaco·
954 4419 985 4492 D
996 4409 1065 4464 lium
1080 4410 1258 4481 praedicatur,
1274 4409 1417 4481 duplicem
1432 4410 1494 4481 jam
1510 4413 1539 4465 et
1550 4413 1682 4483 palmam
1697 4409 1802 4469 contulit

127 4521 205 4574 neni,
219 4521 306 4578 quem
328 4505 389 4576 ipse
412 4505 555 4576 professus
576 4511 618 4561 est
637 4522 654 4560 a
673 4522 702 4561 se
722 4522 782 4561 esse
798 4506 945 4578 rejectum,
997 4502 1802 4577 etcoronam.Clementiaigiturvestraagnoseatomnen

127 4600 177 4671 qui
186 4599 361 4655 Eutichiauae
371 4599 485 4654 heresis
496 4600 670 4672 scapuduos
678 4600 947 4671 prodideratdefen·
996 4597 1152 4651 Romanam
1172 4597 1322 4652 Ecclesiam
1340 4596 1480 4653 universis
1501 4598 1569 4654 fidei
1590 4605 1696 4656 vestrae
1716 4599 1803 4672 opita

128 4710 231 4748 sorem.
247 4695 349 4761 Quem,
361 4694 429 4766 quia
441 4710 517 4748 nunc
531 4694 726 4749 ecclesiasticis
740 4694 863 4765 negotiis
876 4711 947 4766 prm-
995 4689 1151 4761 plurimum
1168 4691 1313 4760 gratulari,
1330 4691 1387 4745 sire
1405 4692 1480 4764 quod
1493 4692 1675 4765 legationem
1690 4698 1802 4750 nostram

130 4786 233 4856 posuit,
264 4792 382 4858 propter
413 4789 576 4842 hereticam
607 4788 823 4859 perversitatem
855 4787 947 4843 eidem
996 4783 1042 4854 pio
1056 4800 1107 4855 por
1119 4783 1216 4838 omnia
1230 4784 1376 4855 adjuvistis
1388 4784 1500 4853 affectu,
1512 4792 1540 4842 et
1553 4788 1633 4858 quod
1653 4788 1802 4845 sacerdotes

129 4881 254 4935 favorem
277 4897 361 4935 suum
388 4885 522 4952 praestare
547 4881 733 4936 corrvincitur.
757 4882 809 4946 Qui
834 4880 946 4936 etiamsi
996 4877 1150 4932 catholicos
1164 4877 1214 4949 qui
1229 4878 1263 4933 de
1276 4878 1399 4934 ecclesiis
1413 4878 1470 4934 suis
1482 4879 1588 4951 injusta
1601 4880 1722 4939 fuerumt
1734 4877 1802 4954 ejecti

128 4991 234 5046 magua
247 4974 437 5029 satisfactione
452 4975 591 5046 potuisset
604 4975 814 5047 indulgentiam
829 4992 945 5048 prome·
996 4970 1136 5026 sententia
1149 4971 1308 5039 reduxistis,
1324 4972 1382 5027 sive
1393 4971 1469 5044 quod
1481 4973 1619 5046 reliquias
1630 4980 1738 5032 sanem
1749 4988 1801 5030 rue·

129 5068 195 5137 reri,
211 5084 391 5139 nequaquam
414 5068 513 5123 debuit
535 5068 578 5123 his
603 5069 694 5141 quiin
709 5069 765 5124 fide
778 5085 945 5141 permanse·
997 5065 1094 5120 morire
1115 5064 1239 5120 Flaviani
1261 5066 1423 5121 innocentis
1445 5072 1474 5122 et
1493 5068 1627 5124 catholici
1646 5068 1802 5131 sacerdote,

127 5167 193 5217 rant
214 5161 362 5216 anteferri.
390 5162 469 5217 Uude
496 5163 564 5234 quia
590 5180 646 5218 nou
670 5165 739 5218 latet
764 5163 946 5219 clementiam
996 5161 1031 5216 ad
1044 5158 1205 5228 eeclesiam,
1220 5159 1264 5213 cui
1277 5160 1350 5216 hene
1363 5161 1489 5233 praefuit,
1504 5161 1695 5219 fecistiseam
1709 5166 1803 5221 honore

128 5260 260 5319 vestram,
281 5258 423 5327 quantum
444 5256 573 5327 periculi,
589 5261 638 5312 aut
654 5274 705 5329 per
717 5256 883 5329 pudendam
899 5273 944 5311 so·
995 5253 1092 5308 dehito
1106 5253 1243 5308 revocari.
1269 5255 1298 5308 tn
1323 5254 1427 5325 quihus
1448 5255 1547 5327 utique
1565 5256 1705 5314 omnihus
1716 5257 1803 5330 gloria

127 5350 266 5418 cordiam,
282 5354 331 5405 aut
349 5359 400 5420 per
413 5350 541 5405 dolosam
558 5351 715 5423 nequitiam
729 5351 882 5417 nutriatur,
900 5349 944 5403 di·
995 5352 1095 5402 vestra
1118 5346 1325 5419 multiplicatur
1344 5353 1543 5421 augmentum,
1558 5349 1630 5407 dum
1651 5357 1683 5409 et
1704 5354 1803 5409 sauctus

128 5444 944 5517 guamiuiepiscopumadprofessioncmsuaefideiaucto·
995 5458 1046 5513 pro
1056 5440 1582 5517 suismcritisveueramiui,etshagro
1592 5445 1713 5503 Domini
1722 5445 1803 5519 spira

126 5538 210 5594 ritate
220 5544 322 5594 vestra
333 5538 493 5594 clementiae
503 5556 635 5596 revocare
645 5538 744 5595 nasibi
757 5538 809 5593 has
820 5537 945 5593 maculas
995 5540 1023 5590 et
1035 5535 1155 5591 tribulos
1175 5535 1258 5591 vultis
1278 5537 1395 5592 auferri.
1410 5537 1554 5601 Quosdam
1572 5554 1643 5595 sane
1665 5540 1802 5613 episeopo

125 5632 306 5702 superducat,
329 5649 366 5688 ne
389 5633 609 5689 estimationem
636 5649 716 5688 suam
739 5649 825 5704 quam
850 5635 944 5687 vestro
995 5629 1030 5684 de
1048 5629 1091 5685 his
1105 5628 1154 5702 qui
1169 5629 1254 5686 rebus
1266 5630 1361 5702 impiis
1375 5631 1507 5686 videntur
1524 5632 1685 5704 praebebas
1699 5647 1803 5691 consen

125 5725 272 5794 acquisivit
295 5726 400 5787 favore.
426 5730 601 5791 contemnat,
627 5726 792 5783 societatem
816 5724 944 5782 haretici
995 5740 1073 5792 sum,
1095 5723 1352 5781 reconciliationem
1374 5725 1531 5797 reposceri,
1552 5730 1581 5782 et
1606 5727 1800 5791 catholicorum
