3870 6150
221 221 272 278 ssa
666 219 808 275 trenno.
828 218 873 274 lo
893 219 973 274 sac.
995 217 1039 272 nr.
1054 244 1089 261 -
1104 215 1226 272 isinum
1244 215 1455 273 nraurroms
1854 219 1909 277 aas

221 328 385 401 quicunque
406 326 550 398 bigamus,
567 326 729 398 quicunque
744 326 836 383 vidue
855 327 984 397 maritus,
1002 327 1035 383 ad
1048 325 1213 411 ASabeoth
1224 325 1363 398 laqueum
1377 341 1466 406 quem
1473 331 1625 401 paraverat
1632 326 1814 401 disrupisset,
1823 346 1909 386 scena

222 437 334 478 sacrem
346 420 478 477 militiam
492 420 617 478 indebite
631 424 660 477 et
674 420 901 492 incompetenter
914 421 1035 493 irrepse·
1087 418 1159 474 tanti
1165 419 1234 475 mali
1242 422 1272 475 et
1278 419 1434 493 hypocrisis
1444 419 1558 493 publica
1567 422 1907 495 multorumsimplicinm

184 540 186 545 .
220 515 268 582 rit,
292 514 347 570 hac
367 513 420 570 sibi
434 513 595 570 conditione
617 531 635 569 a
656 513 738 569 nobis
759 514 872 570 veniam
897 514 1038 586 intelligat
1086 513 1172 570 eorda
1185 517 1310 570 traxerat
1321 514 1350 568 in
1364 514 1488 585 ruinam,
1501 515 1567 587 quia
1581 516 1662 571 facile
1676 516 1714 572 ad
1729 517 1904 574 deteriorem

220 608 385 676 relaxatam,
396 607 466 664 utid
479 624 586 680 magno
597 607 699 664 debeat
708 611 873 680 computare
886 607 1035 676 beneflcio,
1086 612 1199 679 partem
1214 624 1296 663 mens
1309 610 1463 666 humanata
1474 609 1677 679 transducitur,
1700 611 1801 666 volens
1816 613 1904 685 magis

219 702 243 757 si
251 702 388 774 adempta
397 700 449 757 sibi
459 703 539 759 omni
548 719 597 774 spe
607 702 810 775 promotionis,
820 703 849 758 in
858 703 922 769 hoc,
934 703 969 758 de
979 718 1036 774 quo
1085 718 1139 774 per
1150 703 1303 774 spatiosam
1319 703 1394 759 viam
1413 703 1574 775 ambulare,
1585 721 1674 778 quam
1690 709 1779 762 arctae
1791 706 1845 761 vie
1853 708 1902 763 iter

119 790 123 796 ’
219 794 365 852 invenitur
389 796 489 851 ordine
517 798 657 868 perpetua
679 795 830 851 stabilitate
857 801 1035 868 permaneat,
1086 812 1151 853 cnm
1173 795 1270 853 labore
1287 796 1418 853 transire.
1440 798 1500 863 Qua
1522 799 1558 855 dc
1578 815 1610 855 re
1630 799 1829 856 necessarium
1839 801 1901 856 satis

219 889 318 947 scituri
340 889 458 962 posthae
477 889 842 961 omniumproviuciarum
863 889 968 945 summi
982 906 1035 945 an·
1085 889 1148 958 nuit,
1171 889 1355 962 dilectissimi,
1378 890 1440 947 haec
1459 909 1522 965 quae
1544 897 1625 964 gesta
1642 897 1710 949 suut
1729 893 1777 949 hic
1799 895 1836 953 ad
1857 911 1899 949 ve-

218 984 332 1052 tistites,
352 984 430 1056 quod
443 983 466 1039 si
479 983 554 1038 ultra
568 982 605 1039 ad
625 999 719 1038 sacros
731 983 846 1039 ordines
857 999 1036 1057 quemquam
1086 986 1173 1039 stram
1180 983 1616 1057 conscientiamcognuscendam
1622 987 1772 1055 mandare,
1781 1003 1818 1043 ne
1827 987 1898 1059 igno

219 1078 255 1134 de
267 1077 373 1142 talibus
388 1076 562 1133 crediderint
572 1078 787 1144 assumendum,
801 1084 830 1133 et
845 1078 879 1134 de
892 1094 944 1133 sno
958 1082 988 1134 et
1000 1077 1035 1134 de
1085 1077 1178 1132 rantia
1198 1078 1357 1153 an'uspiam
1373 1078 1527 1137 sacerdotis
1544 1080 1735 1152 pessimorum
1752 1080 1894 1138 hominurn

218 1187 319 1230 eorum
339 1174 413 1227 statu
427 1187 501 1243 quos,
513 1173 614 1227 contra
635 1161 759 1227 canones
773 1177 800 1228 el
815 1171 968 1227 interdicta
979 1187 1033 1227 no·
1085 1170 1238 1228 Ecclesiam
1246 1170 1469 1253 irrumpentium
1477 1173 1529 1229 sub
1537 1173 1671 1246 religioso
1679 1174 1802 1233 nomine
1810 1180 1894 1231 conh-

219 1271 276 1322 stre
290 1264 480 1339 provexerint,
496 1282 653 1337 congruam
669 1265 705 1321 ab
719 1265 872 1338 apostolica
885 1266 951 1322 sede
967 1282 1032 1338 pro·
1086 1265 1133 1337 gio
1151 1265 1278 1332 violaret,
1291 1264 1364 1322 sicut
1385 1267 1523 1338 scriptum
1545 1270 1598 1337 est,
1622 1267 1737 1324 dicente
1756 1268 1891 1327 Domino:

218 1360 353 1417 urendam
367 1375 427 1415 esse
440 1357 625 1415 sententiam.
1086 1379 1100 1409 a
1117 1358 1196 1415 ltulti
1213 1358 1332 1415 veniunt
1344 1360 1381 1415 ad
1402 1377 1451 1416 vos
1464 1360 1684 1419 investimentis
1702 1360 1813 1430 ovium,
1826 1363 1891 1419 intus

378 1451 538 1508 saturum
558 1453 652 1508 Siricis·
666 1453 704 1507 ud
720 1453 873 1512 timerium.
983 1478 987 1488 ·
1084 1455 1182 1508 autem
1203 1455 1270 1510 sunt
1291 1453 1352 1527 lupi
1373 1470 1501 1526 rapaces,
1524 1470 1559 1511 ex
1582 1454 1722 1511 fructibus
1739 1472 1837 1512 eurum
1851 1473 1889 1512 cu

253 1545 441 1618 Explicuimus
461 1548 502 1615 (ut
519 1545 663 1615 arbitror),
679 1545 766 1602 irater
782 1545 958 1613 charissime,
975 1547 1036 1602 uni·
1085 1545 1225 1623 gnoscetis
1248 1562 1297 1603 eos
1315 1545 1426 1621 (nunt.
1450 1564 1498 1615 v11,
1526 1547 1579 1619 15).
1600 1570 1615 1599 n
1638 1548 1673 1604 Hi
1688 1552 1759 1605 suni
1775 1549 1890 1607 videlicet

215 1655 297 1695 rersa
311 1655 375 1712 qun
390 1639 499 1711 digesta
513 1638 622 1693 suntin
639 1638 798 1710 querelam,
821 1644 849 1695 et
862 1640 898 1695 ed
910 1639 1035 1712 singulas
1084 1639 1136 1711 qui
1156 1639 1296 1697 subtiliter
1316 1639 1491 1699 Christianos
1505 1657 1565 1697 sese
1575 1641 1696 1714 jactant,
1709 1648 1745 1698 ut
1759 1644 1812 1701 sub
1827 1645 1887 1700 vela·

216 1749 323 1802 causas,
349 1733 385 1788 de
414 1732 516 1804 quibus
542 1747 593 1803 per
616 1731 707 1788 illium
727 1736 858 1790 nostrum
881 1708 1182 1790 basianumssmento
1194 1733 1236 1806 pii
1249 1732 1374 1790 nominis
1384 1733 1559 1806 gradientes,
1573 1735 1693 1793 domum
1706 1737 1888 1797 orationisin·

215 1832 413 1903 presbyterum
436 1830 473 1885 ed
504 1831 662 1886 Romanam
687 1830 846 1901 Ecclesiam,
872 1833 969 1904 utpote
997 1832 1035 1889 ad
1084 1827 1886 1903 gressisermonemserpentinaedisputationiseifundant,
1923 1882 1925 1889 .

215 1929 301 1997 caput
309 1925 352 1980 tui
364 1923 490 1996 corporis
503 1923 624 1981 retulisti
633 1924 815 1992 sufficientia,
826 1928 965 1996 quantum
975 1925 1034 1998 upi-
1084 1943 1099 1986 ‹,‹
1112 1923 1145 1976 ut
1157 1921 1293 1994 sagittent
1310 1921 1341 1978 in
1365 1921 1483 1978 obscuro
1497 1925 1589 1979 rectos
1601 1925 1687 1981 corde
1702 1926 1788 1996 tPsut.
1801 1925 1884 1997 ι,1)»

214 2035 276 2086 nor,
297 2034 434 2090 responsa
456 2017 643 2074 reddidimus.
667 2020 747 2074 Nune
770 2018 955 2076 fraternitatis
977 2023 1033 2076 tuae
1082 2018 1167 2087 atque
1189 2032 1206 2071 a
1228 2014 1345 2080 veritate
1369 2015 1506 2073 catholica
1527 2017 1693 2088 avertendo,
1712 2019 1750 2075 nd
1774 2036 1828 2076 sue
1846 2020 1884 2076 do

214 2112 344 2169 animum
354 2111 552 2168 adservandos
562 2128 694 2180 canones,
708 2116 737 2167 et
747 2113 868 2168 tenenda
880 2113 1034 2169 decretalia
1082 2108 1181 2164 ctrinie
1214 2107 1324 2165 rabiem
1355 2108 1495 2165 diabolico
1522 2125 1572 2166 ure
1606 2112 1793 2173 transducant
1815 2119 1883 2186 atque

214 2205 369 2267 constituta
387 2205 523 2277 magisne
542 2205 634 2277 magis
656 2204 821 2274 incitamus,
843 2211 872 2263 ut
887 2207 948 2262 haec
969 2223 1035 2278 quus
1083 2202 1178 2257 ovium
1190 2201 1403 2274 simplicitatem
1416 2202 1597 2260 defraudent.
1616 2206 1652 2261 Et
1666 2206 1786 2278 quidem
1798 2208 1883 2265 multe

212 2299 248 2354 ad
262 2299 454 2354 tuacunsutta
468 2298 676 2370 rescripsimus,
691 2298 721 2353 in
735 2298 865 2354 omnium
886 2299 1031 2373 coepisco·
1083 2311 1148 2365 rum
1170 2296 1313 2352 haeresum
1337 2295 1547 2369 malignitatem
1573 2298 1610 2356 ab
1638 2285 1800 2372 apostolicis
1823 2304 1883 2359 tem·

212 2409 314 2465 purum
329 2395 494 2447 nostrorum
509 2392 631 2464 perferri
651 2392 735 2448 facias
756 2393 916 2464 notionem,
934 2396 963 2463 et
975 2410 1033 2449 non
1082 2390 1198 2463 poribus
1218 2405 1406 2472 nuncusque
1430 2392 1593 2463 didicimus,
1614 2397 1643 2451 et
1667 2396 1780 2467 experti
1800 2379 1886 2468 probe

212 2487 305 2542 solum
318 2502 419 2542 eorurn
434 2486 485 2558 qui
497 2485 528 2542 in
541 2489 590 2542 tua
604 2489 671 2542 saint
683 2485 797 2542 dioecesi
812 2487 969 2555 constituti,
981 2488 1032 2544 sed
1082 2483 1184 2554 vimus,
1209 2484 1258 2539 sed
1280 2500 1428 2563 nimquam
1451 2488 1521 2543 tales
1546 2503 1630 2544 canes
1650 2488 1783 2547 Ecclesia
1793 2495 1884 2562 myste

212 2580 300 2638 etiam
315 2580 352 2636 ad
366 2579 513 2635 universos
527 2579 771 2652 Carthaginenses
794 2584 882 2653 atque
901 2581 1031 2650 Baeticos,
1081 2577 1158 2635 rium
1184 2577 1331 2634 latratibus
1355 2579 1558 2652 fatigaverunt,
1582 2582 1679 2654 quales
1703 2599 1783 2638 nunc
1804 2583 1889 2641 subito

213 2674 361 2732 Lusitanos
374 2675 460 2744 atque
475 2673 605 2741 Gallicos,
621 2673 664 2728 vel
677 2689 726 2728 eos
738 2672 787 2746 qui
797 2673 894 2730 vicinis
909 2674 961 2730 tibi
974 2676 1029 2733 col·
1081 2671 1176 2739 hostes
1200 2670 1266 2729 fidei
1288 2678 1472 2745 erumpentes
1496 2675 1623 2731 doctrina
1647 2676 1777 2748 perfidiae
1802 2673 1890 2752 168

213 2768 339 2825 limitent
348 2766 414 2822 hinc
424 2765 489 2821 inde
500 2766 957 2840 provinciis,uthaecquaeanobis
966 2772 1032 2824 sunt
1081 2764 1242 2837 pullulata,
1275 2765 1355 2837 cnjus
1384 2765 1441 2822 siut
1471 2767 1601 2840 discipuli
1626 2770 1780 2828 verborum
1804 2770 1894 2829 hunt

214 2860 320 2918 salubri
335 2859 513 2916 ordinatione
525 2860 671 2932 disposita,
683 2860 735 2916 sub
744 2861 905 2917 litterarum
915 2865 1032 2919 tuarum
1080 2858 1135 2914 bus
1156 2858 1357 2931 prodiderunt.
1380 2861 1450 2917 Nam
1476 2878 1542 2917 curn
1564 2863 1610 2918 alii
1634 2863 1764 2921 haeretici
1786 2864 1892 2938 singula

213 2953 411 3028 prosecutione
425 2952 586 3009 mittantur.
607 2954 641 3009 Et
655 2969 821 3026 quanquam
836 2958 943 3011 statuta
955 2956 1031 3011 sedis
1081 2952 1134 3019 sibi
1149 2969 1255 3024 genera
1266 2953 1457 3027 questionum
1466 2956 1542 3012 mule
1549 2956 1738 3029 intelligenda
1746 2974 1887 3033 proposes·

212 3047 382 3121 apostolice,
400 3047 444 3102 vel
461 3062 604 3103 canonum
623 3047 798 3105 venerabilia
820 3046 935 3104 definita
959 3049 1031 3105 nulli
1081 3045 1140 3102 rint
1157 3046 1316 3107 convellere
1337 3050 1423 3120 atque
1446 3064 1616 3121 concerpere
1637 3049 1673 3106 de
1696 3051 1800 3108 divinis
1815 3051 1884 3108 insti·

213 3141 395 3198 sacerdotum
407 3139 518 3194 Domini
534 3138 666 3212 ignorare
679 3140 716 3197 sit
727 3139 862 3211 liberum,
875 3141 973 3197 utilius
986 3145 1031 3199 ta·
1080 3139 1249 3208 talionibus,
1272 3140 1318 3196 isti
1344 3163 1359 3192 a
1381 3158 1438 3198 nun
1460 3142 1599 3200 habentes
1616 3149 1727 3201 vestem
1743 3145 1878 3221 nuptialem

214 3251 280 3291 men
296 3238 325 3289 et
339 3250 390 3305 pro
405 3232 575 3305 antiquitate
586 3233 740 3289 sacerdotii
755 3234 796 3289 tui
810 3234 955 3292 dilectioni
974 3241 1035 3293 tue.
1081 3233 1190 3307 (Mutet.
1203 3250 1271 3304 1111,
1285 3234 1338 3304 11),
1353 3236 1535 3294 »sauciantes
1552 3237 1791 3307 catholicos,Novi
1802 3238 1875 3296 aelle

213 3345 274 3386 esse
287 3326 446 3384 admodum
459 3326 562 3398 poterit
575 3327 741 3399 gloriosum,
761 3327 784 3382 si
807 3345 841 3384 ea
864 3345 928 3401 quae
945 3330 984 3384 ad
1002 3334 1030 3386 te
1079 3327 1148 3410 teris
1157 3327 1339 3398 Testamenti,
1353 3333 1387 3385 ut
1401 3330 1468 3398 dixi,
1477 3331 1681 3388 continentiam
1692 3335 1871 3406 pervertente,

212 3421 328 3496 speciali
341 3421 459 3478 nomine
473 3421 645 3492 generaliter
658 3421 762 3492 scripta
772 3425 848 3491 sunt,
864 3439 917 3496 per
930 3423 1032 3480 uuani-
1081 3421 1182 3493 spiritu
1216 3421 1355 3478 diabolico
1390 3422 1633 3496 interpretantes,
1667 3428 1698 3482 et
1732 3426 1870 3485 illecebroso

212 3516 317 3573 mitetis
331 3519 388 3572 tuae
400 3514 619 3571 sollicitudinem
643 3515 672 3571 in
694 3515 891 3572 universorum
908 3517 1032 3573 fratrum
1079 3518 1165 3587 atque
1187 3514 1253 3572 licto
1276 3532 1408 3577 sermone
1430 3518 1591 3591 aliquantus
1609 3519 1786 3577 Christianus
1805 3534 1869 3591 cepe
1923 3550 1925 3557 ·

212 3614 376 3667 nostrorum
386 3608 517 3664 notitiam
532 3608 724 3680 perferantur,
741 3615 883 3682 quatenus
896 3614 924 3666 et
935 3628 1031 3684 queen
1080 3608 1138 3664 rint
1143 3608 1208 3681 jam
1220 3613 1339 3680 vastare,
1354 3616 1440 3684 atque
1453 3628 1511 3668 suae
1523 3611 1674 3671 dementiae
1689 3615 1805 3685 sociare,
1818 3614 1868 3669 inlu

212 3704 294 3762 nobis
310 3719 367 3759 non
383 3702 551 3770 inconsulte,
567 3701 617 3757 sed
639 3701 757 3774 provide
779 3703 832 3761 sub
855 3703 943 3759 nimie
962 3721 1029 3761 cau-
1080 3718 1109 3759 se
1128 3701 1306 3764 continentes
1327 3704 1462 3778 nequitie
1477 3722 1536 3762 sue
1556 3706 1641 3777 virus,
1657 3704 1869 3767 velutelectible

214 3800 272 3856 tela
283 3802 313 3855 et
324 3795 526 3853 deliberatione
536 3798 603 3851 sunt
614 3795 768 3853 salubriter
781 3797 945 3865 constituta,
961 3797 1032 3855 inte·
1080 3795 1225 3868 sphemias
1236 3813 1301 3853 suas
1313 3797 1521 3872 conscriptione
1536 3801 1688 3858 temeraria
1704 3801 1866 3874 publiceprr

213 3897 320 3958 morata
333 3894 532 3964 permaneant,
547 3892 576 3944 et
589 3889 721 3945 omnibns
735 3889 765 3945 in
781 3896 928 3962 posterum
947 3908 1028 3947 excu·
1079 3888 1542 3962 diderunt,etdesperataemcntis
1556 3892 1868 3968 lauressamensis
1923 3934 1925 3939 -

213 3985 368 4043 sationibus
384 3983 489 4052 aditus,
512 3983 561 4054 qui
579 3983 643 4054 jam
666 3983 735 4041 nulli
759 3983 836 4055 apud
860 4001 913 4040 nus
933 3990 1031 4056 patere
1079 3982 1111 4039 in
1125 3983 1222 4040 furore
1238 3981 1388 4056 gentilium
1406 3984 1597 4056 publicarunt.
1614 3986 1668 4044 Sed
1689 4005 1706 4044 a
1727 3983 1867 4047 fidelissimis

212 4079 327 4154 poturit,
342 4077 516 4134 obstruatur.
540 4077 608 4132 Data
623 4076 708 4132 tortio
728 4077 791 4133 idus
808 4076 963 4147 Februarii,
977 4081 1030 4133 Ar·
1079 4076 1244 4134 Christianis
1254 4076 1447 4151 viris,genere
1457 4080 1584 4152 optimis,
1595 4079 1867 4156 religioueprectuis
1922 4144 1925 4159 ,

213 4172 315 4232 chadio
327 4176 356 4226 et
371 4171 494 4225 Bautunc
510 4170 543 4223 lV
558 4168 732 4226 consulibus.
1080 4170 1117 4226 ad
1131 4187 1228 4227 meam
1238 4171 1428 4231 humilitatem
1442 4173 1536 4230 subito
1551 4176 1692 4249 scriptura
1712 4175 1868 4236 hanoniae

213 4272 250 4325 lte
264 4265 439 4323 damnatione
451 4263 589 4318 Jouiniuai
602 4264 722 4318 haretici
736 4268 761 4319 ct
773 4266 887 4335 epistota
900 4265 1030 4335 ejusdcm.
1080 4264 1192 4323 videtur
1214 4280 1275 4320 csse
1296 4264 1401 4337 delata,
1426 4271 1459 4323 ut
1477 4269 1645 4326 sacerdotali
1661 4270 1772 4342 iudicio
1786 4268 1868 4325 deret

250 4361 396 4432 Optarem,
407 4356 510 4411 iratres
522 4355 692 4422 charissimi,
705 4372 819 4429 semper
830 4358 987 4414 dilectionis
1001 4364 1031 4416 et
1080 4357 1182 4416 divine
1196 4358 1253 4430 legi
1269 4359 1411 4419 contraria
1423 4361 1564 4433 spirituali
1581 4364 1724 4423 sententia
1735 4364 1866 4421 deleantur·

213 4455 289 4530 pacis
303 4454 403 4508 vestrae
417 4448 574 4506 sinceritati
597 4449 705 4521 gaudia
725 4451 870 4520 nuntiare,
885 4453 925 4509 ita
945 4460 975 4509 ut
988 4453 1029 4509 vi·
1039 4470 1070 4547 D
1080 4453 1137 4508 Nus
1152 4467 1220 4508 sanc
1231 4454 1398 4525 nuptiarum
1421 4457 1485 4511 vota
1504 4472 1564 4512 non
1584 4463 1773 4530 aspernanter
1785 4451 1867 4527 moeu-

213 4549 307 4608 cissim
320 4543 544 4602 discurrentibus
555 4542 659 4599 litteris
673 4544 815 4618 sospitatis
831 4545 936 4605 indicia
946 4547 1029 4618 juva·
1079 4562 1155 4616 mus,
1170 4545 1273 4621 quibus
1285 4547 1425 4608 velamine
1437 4549 1627 4619 interfuimus,
1642 4552 1694 4608 sed
1703 4550 1868 4625 virginesllsv

214 4649 323 4709 rentur,
348 4639 371 4695 si
395 4638 506 4711 quietos
528 4653 582 4692 nos
603 4637 649 4693 ab.
663 4636 825 4695 incursione
853 4656 906 4695 sua
931 4657 1029 4700 vacare
1080 4639 1195 4697 devotas
1218 4640 1328 4712 majore
1351 4642 1567 4699 honoriticentia
1591 4662 1786 4704 muneramus.
1808 4645 1868 4702 vam

214 4737 302 4794 hostis
316 4732 453 4805 antiquus
463 4731 580 4787 sineret.
596 4731 669 4796 Ouia
683 4731 719 4787 ab
734 4732 815 4788 initio
829 4733 962 4802 mendax,
978 4734 1031 4791 ini·
1080 4748 1150 4806 ergo
1163 4732 1351 4807 presbyterio,
1372 4736 1497 4793 constitit
1515 4737 1653 4796 doctrine
1666 4746 1782 4811 nostre,
1795 4740 1821 4796 id
1832 4736 1867 4800 tta

214 4832 306 4889 uncus
322 4827 454 4893 veritatis,
468 4825 589 4880 emulus
599 4824 735 4893 hominis,
748 4843 834 4899 quem
845 4831 877 4883 ut
886 4827 1032 4901 deciperet
1080 4825 1247 4898 Christiane
1271 4828 1329 4902 legi
1349 4847 1409 4887 esse
1433 4831 1586 4888 contraria.
1603 4833 1686 4891 Unde
1708 4833 1867 4910 apostoticam

215 4943 245 4991 ae
257 4927 325 4982 ante
338 4919 462 4992 decepit,
476 4918 620 4990 pudicitiae
631 4917 821 4991 adversarius,
837 4921 957 4977 luxuriae
971 4939 1031 4979 ma·
1080 4921 1169 4979 secuti
1184 4926 1371 4994 praeceptum,
1385 4924 1451 4996 quia
1465 4925 1547 4981 aliter
1561 4943 1647 5000 quam
1670 4929 1823 5002 accepimus
1835 4936 1868 4978 tt·

216 5021 315 5093 gister,
329 5012 543 5072 crudelitatibus
557 5012 692 5083 pascitur,
714 5013 887 5070 abstinentia
899 5016 1029 5089 punitur,
1080 5014 1258 5085 nuntiabant,
1267 5017 1569 5075 omniumnostrornm
1581 5025 1641 5076 tam
1654 5022 1866 5096 presbyterorum

213 5107 404 5185 oditjejunia,
420 5105 556 5162 ministris
571 5104 627 5161 suis
645 5106 868 5177 predicantibus
881 5109 1030 5166 dnmd'mit
1079 5111 1137 5164 tam
1160 5108 1355 5179 diaconorum,
1378 5127 1464 5184 quarn
1489 5113 1576 5168 etiam
1603 5115 1692 5171 totius
1715 5116 1781 5174 cleri
1802 5122 1867 5171 unm

214 5225 276 5268 esse
288 5202 443 5277 superflua,
456 5215 538 5271 spem
550 5215 606 5254 uun
618 5199 727 5256 habens
737 5201 772 5256 de
782 5202 894 5273 futuris,
907 5203 1029 5276 apostoli
1080 5202 1184 5260 iactam
1206 5205 1314 5259 constat
1336 5221 1397 5261 esse
1418 5207 1611 5276 sententiam,
1637 5209 1689 5268 ubi
1719 5208 1867 5270 toriniatlt

212 5298 354 5362 sententie
366 5309 515 5368 percussus
537 5291 672 5348 dicentis:
690 5316 704 5344 a
719 5295 922 5351 Manducemus
941 5300 971 5351 et
983 5297 1028 5352 bi·
1078 5295 1245 5366 aasentias,
1270 5297 1413 5370 (leniatis,
1437 5301 1615 5374 Geminator,
1640 5303 1734 5376 Felix,
1759 5303 1868 5365 vlumus

212 5400 324 5461 bamus,
340 5406 403 5447 eras
416 5386 494 5443 enim
507 5385 665 5442 moriemur
681 5391 743 5455 tlsu.
760 5404 828 5458 xxiv,
853 5389 905 5460 13).
922 5418 936 5439 ιι
951 5389 972 5443 0
987 5389 1029 5446 in·
1079 5388 1242 5461 Martianus,
1255 5391 1416 5464 Ianuarius,
1431 5381 1461 5450 et
1478 5396 1657 5468 ingeniosus,
1672 5399 1723 5473 qni
1733 5403 1870 5456 neuun

212 5491 281 5549 ielix
293 5483 419 5552 audacia,
434 5498 451 5537 o
465 5480 614 5553 desperate
637 5481 741 5536 mentis
764 5481 878 5549 astutia,
896 5482 960 5552 jam
982 5483 1027 5539 in·
1080 5484 1719 5564 novaehreresisetblasphemieinventisunt,
1730 5493 1871 5550 diuam

212 5583 342 5656 cognitus
354 5593 447 5636 sermo
460 5573 662 5632 hereticorum
675 5573 750 5629 intra
767 5574 921 5632 Ecclesiam
935 5576 1029 5633 caneri
1077 5578 1167 5633 tentia
1178 5581 1208 5634 et
1220 5583 1317 5636 nostro
1324 5580 1472 5651 judiciuin
1484 5589 1658 5657 perpetuum
1668 5587 1872 5658 damnarint!

212 5693 293 5733 ruore
319 5690 350 5729 se
371 5668 564 5745 respergebat,
591 5671 622 5722 ut
647 5683 787 5740 occupans
816 5673 916 5741 pectus
935 5674 1027 5728 tutum
1078 5671 1231 5729 Ecclesiam
1246 5682 1437 5733 remanerent.
1451 5677 1531 5743 Quod
1542 5679 1753 5740 custodituram
1763 5680 1873 5740 sanctita·

204 5769 359 5858 ,bominem
373 5762 564 5858 praecipitaret
586 5760 614 5821 iu
631 5763 762 5830 mortem,
778 5767 807 5820 et
822 5763 875 5825 nisi
890 5765 1027 5829 Dominus
1077 5770 1136 5825 tem
1151 5772 1274 5855 vestram
1287 5785 1346 5854 non
1368 5770 1527 5854 ambigens,
1545 5773 1608 5834 hec
1618 5775 1726 5851 scripu
1738 5776 1825 5839 duem
1836 5787 1875 5855 pet
