3870 6150
208 260 276 313 1155
635 256 778 311 APPEND.
800 255 845 310 Ab
865 256 945 311 SAEC.
968 255 1426 314 lll.-lSlll01llllEltCAT0ltlS
1831 262 1884 312 llio·

206 380 257 419 sua
270 362 437 419 venundant
457 362 607 434 mancipia,
626 364 681 418 boc
696 367 729 419 ut
740 381 915 435 magnopere
935 365 1025 420 corri·
1037 365 1236 453 Alaciendam
1270 366 1326 420 lieo
1358 365 1474 437 plebem
1503 365 1661 437 perlectam
1694 365 1770 434 (Luc.
1797 380 1815 432 1,
1843 370 1885 434 lit,

207 473 275 529 gere
284 457 397 525 debeas,
406 457 505 525 frater,
513 458 712 526 admonemus,
722 475 775 513 nee
788 457 1023 514 sinastieriultra.
1076 459 1261 531 praesentium
1278 459 1449 530 portitorem
1468 458 1631 515 litterarum
1647 457 1839 527 Bonilacium,
1853 475 1886 514 re

205 550 300 606 Scelus
311 551 390 605 enim
404 554 446 606 est
458 555 487 606 et
497 551 642 625 impietas.
652 553 697 607 Eis
711 568 781 623 ergo
797 552 846 623 qui
860 553 1022 624 hoaperpe-
1074 552 1311 608 verendissimum
1320 553 1440 609 fratrem
1451 557 1581 609 nostrum
1593 569 1628 608 ac
1638 551 1842 624 coepiscopum
1852 570 1885 607 or·

205 648 351 701 traverunt
366 645 488 702 similem
510 646 664 702 homicidae
687 645 797 701 indices
817 646 1022 717 penitentiam.
1073 646 1175 701 dinans
1190 646 1226 702 ad
1240 663 1289 702 vos
1303 662 1391 719 usque
1405 645 1566 713 declinavit,
1580 661 1712 716 eumque
1730 645 1853 717 regulam
1863 653 1885 702 ct

205 742 240 794 lt
261 739 373 810 quoties
395 740 562 812 episcopum
583 740 803 805 consecraveris,
822 740 879 795 duo
900 740 942 796 vel
967 743 1024 797 tres
1073 756 1206 795 normam
1227 740 1389 813 apostolicae
1404 744 1433 795 et
1447 739 1593 795 catholicae
1614 738 1683 794 iidei
1703 740 1884 795 Romanacui

205 832 376 888 conveniant
391 838 485 890 tecum
502 835 636 907 episcopi,
649 837 680 889 ut
693 835 752 890 Deo
766 834 802 889 sit
817 839 931 905 gratum
947 834 1023 907 quod
1073 834 1131 889 Deo
1147 839 1264 890 auctore
1289 832 1465 889 deservimus
1484 834 1617 889 Ecclesiae
1642 833 1771 888 edocens
1786 834 1884 899 direxit,

206 926 323 998 geritur,
340 930 369 981 et
383 927 424 982 eis
438 928 673 984 convenientibus
689 928 813 1000 ipsisque
835 927 1023 1000 presentibus
1073 932 1101 983 et
1113 933 1175 999 post
1187 931 1352 999 temporum
1366 927 1468 999 spatia,
1484 927 1621 982 orationis
1634 943 1734 993 causa,
1750 926 1787 981 ad
1799 927 1884 982 limina

204 1036 360 1076 consecres.
378 1022 442 1077 Hauc
458 1026 497 1090 te,
512 1024 600 1078 frater
613 1022 786 1090 charissime,
800 1021 954 1094 diligenter
967 1039 1023 1077 ser·
1073 1021 1219 1077 beatorum
1233 1021 1397 1093 Principum
1411 1021 1606 1093 apostolorum
1623 1037 1689 1076 sese
1704 1022 1883 1092 presentavit,

204 1130 271 1169 vare
286 1114 429 1184 volumus,
447 1122 477 1171 et
493 1115 585 1172 studio
600 1116 713 1186 pietatis
727 1121 851 1189 coeptum
874 1117 1023 1187 negotium
1074 1119 1102 1169 et
1115 1132 1178 1187 quar
1193 1114 1228 1170 ad
1241 1114 1363 1172 salutem
1376 1115 1540 1170 animarum
1552 1114 1715 1185 pertinent,
1727 1131 1745 1169 a
1757 1114 1883 1170 nobiser·

205 1208 302 1264 salutis
324 1224 489 1280 exsequere,
508 1213 540 1264 nt
564 1209 599 1264 de
621 1210 699 1265 lucro
721 1214 870 1281 apportato
892 1211 986 1265 valeas
1007 1226 1023 1264 a
1073 1209 1162 1280 poscit
1176 1208 1277 1276 imbui,
1294 1225 1357 1279 aas,
1371 1211 1428 1265 Deo
1442 1209 1565 1278 favente,
1579 1212 1613 1263 ut
1629 1225 1713 1264 saera
1729 1208 1883 1265 docetSui-

204 1302 325 1357 Domino
346 1303 401 1357 Deo
415 1307 513 1358 nostro
529 1302 693 1359 mercedem
709 1304 856 1375 percipere
870 1304 899 1358 in
915 1307 1023 1359 aeterna
1072 1307 1167 1375 ptura,
1184 1319 1250 1358 eum
1264 1303 1423 1371 edocentes,
1438 1303 1474 1358 ad
1489 1320 1549 1373 vos,
1564 1302 1746 1370 charissimi,
1757 1308 1884 1358 remeatu-

204 1395 389 1451 bealitudine.
417 1395 601 1469 Privilegium
626 1414 694 1452 vero
719 1397 802 1468 juxta
826 1396 903 1469 quod
927 1397 1022 1470 petisti
1072 1414 1147 1466 rum,
1157 1397 1343 1467 absolvimus,
1358 1397 1506 1453 hortantes
1519 1414 1569 1454 vos
1581 1398 1613 1453 in
1626 1397 1764 1468 Domino,
1773 1397 1885 1469 utdigue

203 1488 350 1557 facientes,
364 1489 408 1544 his
427 1491 561 1561 junctum
584 1490 753 1558 direximus,
772 1494 901 1562 optantes
921 1495 948 1545 te
969 1491 1020 1545 llo-
1072 1491 1230 1563 suscipiatis
1243 1490 1279 1546 ab
1293 1506 1326 1548 eo
1339 1491 1457 1548 verbum
1472 1491 1692 1560 exhortationis,
1709 1495 1740 1547 et
1752 1492 1886 1563 episcopos

204 1581 276 1636 mini
290 1583 339 1637 llei
351 1582 440 1638 nostri
461 1584 593 1656 prasidio
616 1584 651 1639 de
666 1584 849 1640 conversione
864 1584 1021 1640 errantium
1072 1585 1115 1640 vel
1129 1585 1320 1657 presbyteras,
1334 1602 1405 1658 quos
1424 1585 1482 1658 ipse
1502 1585 1679 1642 ordinaverit
1694 1602 1750 1658 per
1764 1585 1884 1658 apostoli·

203 1675 313 1732 Christo
328 1677 383 1731 lieo
398 1681 496 1732 nostro
513 1677 710 1749 plenissimum
724 1683 808 1749 atque
820 1678 965 1749 integrum
975 1695 1022 1749 ap
1072 1696 1135 1734 cam
1148 1678 1202 1733 sibi
1215 1679 1311 1734 datam
1328 1679 1526 1735 auctoritatem
1542 1679 1571 1734 in
1585 1679 1727 1736 Ecclesiae
1739 1679 1885 1735 mnisterio

202 1772 319 1843 portare
332 1769 454 1825 lucrum.
469 1773 541 1826 lleus
559 1775 585 1827 te
601 1771 775 1826 incolumem
789 1771 937 1837 custodiat,
946 1755 1060 1828 reve-B
1071 1771 1225 1845 recipiatis,
1237 1778 1265 1829 et
1277 1789 1348 1845 quos
1361 1774 1458 1829 forsan
1474 1773 1622 1829 deviantes
1632 1772 1884 1829 inveneritarecta

202 1862 371 1919 rendissime
385 1865 481 1920 lrater.
1071 1866 1138 1922 fidei
1163 1867 1288 1935 tramite,
1304 1883 1353 1922 seu
1368 1867 1504 1923 canoniea
1518 1867 1663 1937 doctrina,
1678 1884 1786 1940 eosque
1798 1867 1884 1939 probi·

203 1973 345 2041 [innosque
360 1970 505 2049 anpnnns
529 1988 546 2026 n
565 1973 655 2042 primo
674 1973 814 2028 secundis,
835 1975 904 2029 pini
923 1976 1020 2044 (pepp.
1071 1961 1176 2028 buerit,
1191 1978 1208 2016 a
1222 1961 1301 2017 vobis
1319 1962 1396 2017 nullo
1410 1962 1497 2018 modo
1511 1961 1703 2034 impediatur,
1721 1965 1752 2017 et
1766 1961 1838 2034 quod
1850 1961 1884 2016 eis

443 2046 501 2097 iius
514 2060 532 2098 <l
544 2044 774 2113 secundojunior.
1072 2055 1237 2128 impositum
1261 2056 1346 2111 luerit
1367 2055 1528 2112 obediendo
1551 2060 1674 2129 propter
1695 2059 1787 2113 mum
1807 2055 1882 2111 susci·

238 2136 1021 2208 Graeculusespiscopus,servusscrvorumDei,dilectis
1071 2148 1159 2220 pinni,
1171 2151 1243 2205 Nnin
1255 2149 1305 2222 qni
1317 2153 1477 2206 isinsnninn
1488 2150 1631 2206 nnstiinnit
1644 2151 1684 2207 nn
1700 2150 1882 2207 obediendum

200 2230 283 2285 simis
294 2229 376 2285 nobis
390 2229 523 2285 omnibus
533 2229 681 2302 episcopis,
689 2231 898 2287 venerabilibus
907 2233 1021 2305 presby·
1072 2243 1181 2315 sibiipsi
1203 2243 1417 2299 damnationem
1437 2244 1567 2316 acquirit,
1581 2260 1633 2300 vos
1656 2247 1768 2311 numm,
1788 2244 1881 2299 chub·

202 2325 279 2392 teris,
305 2323 445 2395 religiosis
475 2323 624 2379 abbatibus
651 2324 779 2380 omnium
801 2325 1019 2397 provinciarum.
1072 2336 1205 2408 simi‚qui
1219 2336 1251 2391 in
1266 2336 1383 2392 nomine
1398 2336 1881 2409 Christibaptizatiestis,dhrisian1

239 2436 253 2468 a
267 2416 386 2471 Domino
405 2421 578 2488 cooperante
601 2420 631 2472 et
653 2433 813 2473 sermonem
833 2419 1021 2476 confirmante
1071 2429 1202 2486 induistis
1217 2431 1287 2500 (ant,
1304 2447 1345 2499 ni,
1365 2431 1420 2501 27),
1439 2431 1577 2487 abstineto
1599 2434 1630 2486 ni
1652 2431 1807 2503 pronipsin
1826 2447 1880 2485 sns-

201 2512 297 2582 (Mal'd.
313 2525 370 2578 xv1,
386 2512 441 2581 20),
459 2530 473 2558 r>
488 2526 612 2583 praesens
631 2511 824 2568 sanctissimus
842 2512 1018 2581 vir,B0uila·
1070 2523 1207 2597 metipsos
1228 2524 1263 2580 ab
1285 2524 1363 2581 omni
1387 2525 1469 2595 culpa
1489 2541 1674 2597 paganorum
1696 2541 1758 2582 non
1779 2527 1879 2580 tantum

202 2606 273 2674 cius,
287 2604 376 2659 irater
388 2620 421 2659 ac
435 2604 617 2676 coepiscopus
639 2608 744 2674 noster,
758 2606 880 2662 verbum
895 2607 1021 2663 veritatis
1070 2617 1255 2690 nosmetipsos
1267 2617 1453 2690 porrigentes,
1466 2617 1637 2688 charissimi,
1654 2618 1709 2674 sed
1724 2623 1756 2675 ni
1768 2619 1880 2674 snpdins

201 2699 273 2754 sicut
297 2715 313 2753 a
335 2697 543 2769 predecessore
566 2702 662 2753 nostro
687 2704 794 2755 sanctae
817 2700 1020 2757 recordationis
1069 2716 1187 2768 nestros,
1202 2711 1319 2768 pininns
1333 2712 1481 2767 nninmnni
1494 2712 1881 2784 snnfflpgnnsnnfficinmnp.

77 2811 94 2827 ·
200 2791 336 2864 Gregorio
352 2792 473 2864 praesule
486 2792 580 2846 inillis
590 2793 719 2864 partibus
730 2793 833 2848 missus
845 2794 940 2850 iuerat
948 2812 1020 2867 prae·
1069 2809 1186 2861 tnnrnni
1194 2806 1239 2862 sni
1251 2805 1880 2878 innnnnnin‚nnif0niin1nnngnpiffleiphpi.

201 2886 296 2943 dissare
308 2887 428 2942 lesbum
441 2887 491 2942 Dei
504 2892 569 2960 P⁰⁸i
589 2888 713 2942 ”lunum
737 2889 884 2960 [imiimi-b
900 2891 1018 2947 ⁰0ffli110
1070 2901 1169 2969 cteris,
1179 2901 1221 2956 vel
1230 2900 1424 2955 incantatores
1434 2904 1463 2955 et
1477 2900 1629 2968 veneficos,
1643 2900 1673 2956 id
1684 2905 1739 2970 est,
1750 2901 1881 2957 malelicos

200 2985 371 3052 cooperante
393 2981 537 3038 anhelanti
558 2981 714 3052 desiderio,
730 2983 867 3039 arationis
881 3001 974 3051 eausa,
988 2987 1020 3041 li·
1070 3001 1098 3051 oi
1117 2994 1329 3050 ohservationes
1352 2994 1512 3066 sacrilegas,
1527 3010 1593 3066 qnae
1615 2993 1647 3049 in
1666 2995 1770 3052 nestris
1788 2994 1881 3049 nniinn

200 3075 327 3130 minibus
353 3075 438 3130 sacris
464 3075 613 3131 beatorum
637 3075 800 3149 principum
823 3080 1019 3151 apostolarum
1070 3088 1131 3145 fleri
1154 3089 1293 3157 solebant,
1307 3088 1424 3145 omnino
1447 3091 1625 3161 respuentes,
1640 3093 1706 3145 tota
1724 3090 1828 3146 mentis
1844 3090 1881 3144 in-

201 3169 276 3224 Petri
289 3175 318 3225 ct
338 3169 415 3224 Pauli
435 3169 655 3240 praesentandus
675 3171 798 3226 advenit.
821 3173 873 3237 Oui
894 3174 1020 3245 perlecta
1070 3184 1198 3241 tonsione
1212 3183 1248 3239 nd
1262 3183 1418 3239 nominum
1440 3181 1653 3251 convertimini,
1669 3183 1769 3256 ipsum
1780 3183 1881 3250 tinnis,

199 3262 327 3319 oratione
341 3262 378 3317 ad
392 3264 543 3335 acceptum
558 3263 686 3319 laborem
701 3266 804 3336 angelo
821 3266 932 3322 Domini
944 3284 1018 3339 proe-
1068 3278 1183 3333 ndnnnis
1201 3283 1230 3333 et
1248 3277 1445 3348 nonni-innato,
1461 3279 1625 3332 snnninnnn
1648 3277 1803 3334 memoriis
1813 3293 1880 3334 nom.

82 3437 86 3442 .
199 3356 292 3413 viante
307 3373 323 3412 a
338 3356 419 3412 nobis
433 3360 475 3411 est
491 3356 644 3413 absolutus.
660 3358 712 3415 Cui
724 3363 816 3415 vestra
827 3361 957 3416 omnium
976 3362 1017 3417 di·
1068 3371 1258 3439 nominantes,
1273 3376 1304 3426 nt
1316 3371 1355 3427 nii
1368 3371 1518 3444 Apostolus
1534 3372 1617 3442 (iton,
1635 3388 1686 3442 nn,
1700 3375 1755 3440 η),
1772 3372 1804 3428 si
1816 3372 1882 3428 inin

199 3451 282 3506 lectio
299 3467 349 3507 seu
363 3451 533 3518 reverentia,
550 3457 579 3507 et
592 3452 762 3524 religiositas
784 3459 899 3527 propter
914 3456 1019 3512 Christi
1068 3465 1374 3535 fidosvsstrn‚1)omino
1381 3465 1631 3534 dioente,fueritut
1640 3482 1771 3538 granum
1779 3467 1881 3537 sinapis,

200 3545 1019 3622 am0s⁰111j¹¹ffl1¹i¹¹³impendefedissflemissh287dum
1069 3559 1165 3615 dicetis
1179 3561 1270 3615 monti
1288 3559 1365 3626 huic,
1378 3558 1512 3614 Transfer
1526 3563 1554 3614 et
1572 3559 1772 3616 transferetur
1786 3559 1881 3630 (loth

201 3643 229 3695 et
241 3639 395 3711 agnoscitis
408 3656 472 3712 quae
485 3639 624 3695 Dominus
637 3642 734 3696 noster
747 3643 827 3697 lesus
841 3643 968 3699 Christus
978 3645 1018 3698 in-
1069 3670 1132 3721 nvn,
1156 3656 1209 3724 19).
1235 3655 1295 3724 ipso
1317 3652 1395 3708 onim
1417 3652 1555 3708 Dominus
1580 3655 1610 3709 et
1633 3652 1771 3710 Salvator
1790 3658 1881 3715 bostar,

200 3733 272 3805 quit,
287 3732 384 3789 dicens
399 3749 406 3789 :
422 3732 477 3798 Oui
497 3734 653 3806 susceperit
666 3735 838 3806 prophetam
852 3737 882 3791 in
901 3738 1018 3794 nomine
1067 3750 1146 3805 iesus
1157 3748 1293 3818 Christus,
1307 3748 1337 3802 in
1349 3763 1400 3803 suo
1418 3763 1499 3803 sacro
1514 3747 1632 3818 eloquio
1648 3747 1760 3820 inquit,
1774 3750 1881 3805 dicens:

199 3827 685 3900 prophetu,mercedempropbetae
694 3829 812 3901 accipiet
818 3832 919 3903 ;etqui
927 3848 1019 3888 susce-
1070 3841 1360 3913 ‹iniligssltominum
1375 3841 1466 3896 Deum
1480 3845 1562 3897 tuum
1576 3857 1611 3895 ex
1623 3845 1690 3898 toto
1702 3843 1882 3908 oomotuoet

199 3922 273 3994 perit
281 3923 394 3994 justum
406 3921 437 3977 iu
452 3921 569 3977 nomine
584 3921 666 3993 justi,
683 3924 847 3980 mercedem
858 3925 930 3996 justi
943 3927 1016 3981 acci·
1068 3953 1100 3992 sn
1126 3940 1185 3991 tnta
1205 3935 1302 3991 anima
1324 3940 1384 4003 tua,
1400 3940 1429 3991 et
1450 3951 1485 3992 ex
1503 3939 1564 3991 tota
1588 3935 1699 3992 virtute
1720 3943 1774 3993 tua
1787 3936 1881 4008 (dotti.

199 4015 380 4088 piettdlatth.
403 4033 431 4082 x,
454 4016 508 4086 lli.
533 4018 566 4072 Et
589 4016 612 4070 si
634 4016 753 4073 forsitan
777 4017 840 4090 quis
862 4036 896 4074 ex
919 4021 1018 4076 vestris
1067 4046 1134 4100 mn,
1149 4032 1203 4101 37),
1219 4050 1233 4079 »
1255 4032 1283 4084 ei
1306 4029 1411 4086 iterum
1426 4047 1463 4084 :a
1489 4028 1540 4098 Qui
1562 4045 1610 4084 me
1632 4030 1788 4087 confessus
1808 4029 1882 4087 fuerit

201 4109 340 4165 ministris
356 4125 417 4165 sese
439 4110 500 4181 ipso
524 4109 702 4166 sanctissimo
725 4111 785 4167 viro
806 4111 836 4166 iu
859 4113 1017 4171 ministerio
1068 4140 1165 4180 coram
1178 4122 1696 4196 hominibus,etegoconllteboreum
1706 4126 1880 4181 cormeum

201 4201 406 4258 exhortationis
420 4205 526 4258 sanctae
546 4203 751 4276 catholicaque
774 4204 842 4259 fidei
860 4206 1017 4280 adjungere
1067 4235 1131 4274 ineo
1151 4217 1260 4290 quiesi
1283 4217 1313 4272 in
1334 4217 1411 4274 eoelis
1426 4217 1535 4289 (natta.
1551 4233 1579 4283 x,
1599 4217 1659 4287 32).
1675 4239 1690 4267 o
1714 4219 1798 4275 Unde
1816 4217 1880 4274 etin

200 4295 330 4365 voluerit,
345 4294 424 4350 nullo
444 4295 529 4350 modo
542 4297 727 4367 prohibeatis,
742 4298 912 4356 charissimi.
930 4301 1018 4373 blagis
1068 4313 1123 4367 niis
1136 4313 1197 4368 1000
1209 4311 1342 4386 promisit
1363 4311 1481 4367 dicens:
1500 4333 1514 4361 a
1527 4311 1734 4384 Quodcunque
1755 4309 1881 4385 petieritis

201 4395 297 4446 autem
313 4405 484 4445 coneursum
498 4389 635 4461 prebete,
650 4395 723 4447 etex
738 4398 831 4448 vestro
850 4394 916 4450 ovili
935 4395 1015 4468 adju-
1067 4408 1182 4463 pnnnn
1195 4407 1225 4461 in
1244 4405 1363 4462 nomine
1384 4422 1450 4461 nino
1467 4406 1519 4460 fist
1532 4403 1612 4461 vobis
1626 4406 1723 4477 (ioan,
1740 4425 1796 4477 nn,
1811 4409 1879 4478 iai.»

201 4490 276 4540 tores
291 4484 317 4541 ei
338 4484 455 4540 tribuite
472 4484 520 4556 qui
540 4485 649 4556 possint
668 4487 783 4558 perlici
801 4489 922 4559 gratiam
937 4490 1016 4546 sutu-
1026 4511 1057 4585 D
1069 4502 1101 4556 Et
1114 4501 1218 4556 iterum
1233 4516 1240 4556 :
1253 4521 1267 4550 a
1281 4500 1369 4556 Petite
1380 4503 1409 4554 et
1423 4498 1578 4571 accipietis,
1592 4501 1721 4572 querite
1731 4507 1763 4560 et
1772 4501 1881 4559 invenie

201 4579 309 4634 cienter
322 4578 454 4651 gentibus
464 4579 638 4635 ministrare
659 4580 778 4635 verbum
795 4583 1016 4655 predicationis,
1069 4596 1113 4663 tis,
1124 4595 1233 4666 pulsate
1247 4598 1276 4650 ot
1288 4594 1432 4668 aperietur
1444 4593 1532 4650 vobis.
1543 4593 1648 4650 Omnis
1659 4595 1743 4653 enim
1752 4597 1802 4671 qui
1810 4594 1879 4670 petit,

202 4676 232 4727 ut
247 4672 438 4744 omnipotenti
459 4672 518 4728 ileo
541 4678 636 4729 nostro
655 4673 766 4730 animas
786 4676 972 4747 lucrifaciant,
985 4682 1019 4734 ut
1067 4688 1169 4761 nnnipit
1184 4688 1288 4762 :etqui
1301 4687 1403 4762 qoaerit
1415 4688 1543 4744 invenit:
1560 4693 1589 4744 et
1600 4689 1737 4760 pulsanti
1750 4690 1879 4765 aperietur

202 4770 231 4820 et
242 4770 334 4820 vestra
347 4767 538 4822 communitas
551 4767 621 4823 boni
634 4769 729 4840 operis
741 4769 900 4842 portionem
916 4773 1016 4827 sorlia-
1069 4783 1141 4852 (inc,
1158 4800 1197 4851 ῃ,
1213 4787 1240 4853 9,
1256 4785 1308 4854 io),
1332 4804 1345 4832 o
1367 4785 1402 4840 iit
1415 4798 1475 4850 vos,
1489 4781 1664 4851 charissimi,
1682 4784 1772 4842 facite
1786 4784 1878 4841 imma

201 4864 258 4929 tur,
269 4863 354 4930 atque
364 4859 403 4914 illi
417 4864 584 4916 mereantur
599 4863 779 4919 Dominicam
795 4882 891 4922 vocem
900 4866 1015 4922 audire:
1067 4877 1178 4950 dignos,
1190 4882 1220 4933 ui
1228 4877 1258 4932 in
1272 4877 1317 4933 die
1330 4878 1468 4933 adventus
1480 4875 1594 4932 Domini
1602 4878 1701 4934 nostri
1710 4881 1780 4935 Jesu
1789 4875 1878 4935 curat

201 4955 256 5009 Vos
264 4953 314 5025 qui
327 4952 520 5025 dereliquistis
531 4956 627 5012 omnia
637 4960 666 5012 et
677 4958 765 5014 seculi
773 4960 841 5015 estis
851 4977 909 5029 me,
920 4966 1017 5017 centu·
1067 4971 1192 5028 sidereas
1204 4970 1373 5028 moneamini
1384 4970 1502 5042 adipisci
1511 4966 1691 5028 mansiones.
1702 4973 1782 5030 Bone
1791 4972 1876 5028 solete

199 5045 570 5120 plumaccipietis,etvitam
579 5053 1015 5127 aeternampossidebilisillatth.
1208 5069 1273 5122 item
1289 5065 1403 5137 epotata
1423 5065 1496 5121 beata·
1511 5065 1637 5135 Greqorir'
1651 5081 1750 5138 papae.

200 5158 255 5209 ιιι,
268 5140 324 5210 tti-
341 5140 525 5196 Benevento.
1103 5158 1296 5215 Dilectissimis
1310 5158 1392 5214 nous
1403 5157 1470 5213 aaa
1485 5157 1515 5212 in
1530 5157 1680 5230 provincio
1693 5160 1878 5232 soimanni

425 5243 549 5313 mislata
565 5245 687 5316 tircqorii
697 5265 789 5321 popa.
1067 5259 1096 5310 et
1108 5254 1275 5310 alamannia
1284 5251 1454 5320 constitutis,
1469 5252 1878 5323 Jocco,limoort1,ilmonro,cl

236 5336 1017 5419 Gaaconuspapaunivarsisoptimatibusetpopulopro
1066 5350 1206 5417 Perenna,
1222 5348 1335 5404 Savaria
1347 5350 1502 5404 Gaaoomt's
1515 5362 1598 5418 papa.

199 5431 1014 5506 vinciacumGermaniae,‘lhuringisetThesis,etBortha-
1082 5440 1880 5514 CatholicaotsanceorumPatrumJ'ubetauctoricuntla

200 5527 249 5593 ris,
261 5529 291 5580 et
300 5525 441 5593 Nistresis,
456 5525 622 5594 Unedredis,
638 5533 667 5583 et
679 5529 812 5601 lognais,
824 5532 975 5606 sudnodis,
989 5541 1017 5592 et
1066 5536 1094 5591 iu
1103 5552 1235 5608 unuopro
1245 5536 1335 5591 salute
1348 5535 1449 5606 populi
1457 5533 1614 5590 Christiani
1629 5552 1682 5592 seu
1696 5536 1879 5594 exhortatione

200 5620 340 5675 Gralleltis
354 5621 395 5674 vel
412 5620 544 5676 omuibus
560 5621 588 5676 in
604 5621 735 5678 orientali
745 5625 831 5697 plaga
844 5629 1014 5686 consututis.
1066 5628 1879 5703 adoptionisuliorumsynodaliadebeantoelebmrietur

235 5713 378 5778 Quoniam
407 5715 596 5784 predecessor
627 5723 723 5773 noster
749 5724 852 5777 sanctae
882 5725 1013 5779 recorda·
1065 5723 1371 5781 sarumcouonieorum
1382 5723 1557 5781 examinatio
1567 5719 1879 5797 provenire,utunieui

198 5805 283 5862 tionis
309 5807 461 5879 Gregorius
486 5811 599 5882 presul,
623 5817 694 5870 nutu
726 5814 821 5871 divino
850 5820 944 5874 motus
978 5819 1015 5874 ad
1064 5823 1224 5892 que,pr0ut
1232 5820 1385 5876 necessitas
1396 5816 1571 5892 poposcerit,
1583 5817 1638 5890 pia
1647 5818 1817 5877 mundone
1825 5814 1879 5871 sub
