3870 6150
121 271 160 326 85
742 272 978 330 uacustattuu
997 274 1189 332 contactio.
1769 281 1802 340 et

121 395 334 469 poenitentiam,
356 400 406 453 aut
429 413 481 452 suo
504 397 702 454 reconcilietur
726 399 870 472 episcopo,
892 403 941 456 aut
950 412 981 486 Α
1025 400 1088 455 Νοιι
1102 402 1144 456 est
1157 401 1252 473 itaque
1264 419 1281 457 a
1295 401 1379 475 plebe
1396 406 1446 460 aut
1459 404 1622 477 vulgaribus
1640 405 1804 464 bominibus

123 491 248 563 innupta
272 496 447 563 permaneat.
461 491 541 548 Unde
563 495 593 548 et
612 492 751 548 Dominus
770 493 896 564 loquitur
910 493 941 548 in
990 493 1161 564 arguendus,
1175 493 1219 548 vel
1232 495 1406 551 accusandus
1420 496 1579 570 episcopus,
1597 500 1663 556 licet
1680 499 1717 557 sit
1729 499 1805 556 inor·

121 585 289 656 Evangelio,
304 585 422 640 dicens:
440 606 455 635 «
479 584 508 641 si
528 585 591 657 quis
609 585 712 642 viderit
732 585 883 642 mulierem
904 586 940 642 ad
991 585 1543 658 dinatus‚quiapromeritissnbditorum
1552 592 1805 665 disponituralleo

121 677 393 750 concupiscendum,
406 679 469 751 jam
491 679 648 735 moechatus
668 681 711 734 est
728 695 793 734 eam
808 678 837 735 in
857 679 942 735 corde
989 678 1048 734 vita
1061 684 1218 748 rectorum,
1232 680 1361 752 exemplo
1377 683 1464 739 llavid
1482 685 1624 756 peccantis
1643 685 1680 741 ad
1693 702 1805 758 compa-

119 787 172 826 suo
185 771 296 841 (aaut.
311 789 337 842 v,
351 773 405 844 28).
422 794 436 822 ι»
453 773 623 844 Episcopum
636 788 703 827 vero
716 774 829 844 oportet
840 788 942 844 oppor-
990 772 1131 827 retionem
1145 773 1309 846 principum
1327 774 1424 846 quiex
1441 777 1544 832 merito
1563 778 1654 850 plebis
1671 779 1804 850 praevari-

119 869 189 918 tune
214 870 303 937 atque
321 865 382 921 sine
400 865 610 921 intermissione
625 863 779 921 Ecclesiam
792 881 873 922 suam
887 865 940 920 do·
990 869 1102 921 cantur.
1119 865 1285 923 Sacerdotes
1300 868 1380 923 enim
1402 869 1550 940 exquirere
1568 870 1674 927 debent
1690 875 1806 943 peccata

121 973 196 1024 cere,
214 974 337 1030 eaanue
351 959 510 1030 prudenter
523 974 624 1031 regere
636 961 782 1027 atemere,
794 962 825 1013 ut
837 975 853 1013 a
867 957 941 1013 vitiis
990 959 1173 1029 populorum,
1193 965 1222 1015 et
1243 961 1338 1032 sagaci
1359 960 1549 1018 sollicitudine
1569 977 1804 1037 unumquemque

120 1066 151 1104 se
166 1050 312 1107 abstineat
334 1056 364 1107 et
385 1053 504 1108 salutem
528 1051 664 1123 consequi
685 1051 775 1123 possit
793 1054 939 1107 aternam.
990 1050 1122 1122 probare,
1139 1051 1221 1123 juxta
1242 1053 1437 1109 testimonium
1456 1055 1571 1111 Domini
1593 1056 1629 1111 ad
1652 1057 1804 1113 teremiam

119 1143 154 1197 Et
168 1144 301 1200 iliacum
315 1149 395 1200 tanta
413 1144 574 1200 reverentia
593 1145 656 1216 ejus
677 1144 839 1200 doctrinam
856 1144 941 1200 debet
990 1143 1130 1215 loquentis
1145 1162 1151 1199 ι
1165 1166 1179 1194 «
1192 1144 1373 1202 Probatorem
1384 1147 1495 1220 (inquit)
1507 1147 1727 1220 deditepopulo
1739 1165 1804 1205 meo

120 1238 280 1310 suscipere,
299 1254 424 1309 eumque
445 1253 541 1293 amare
562 1242 591 1293 et
608 1237 739 1309 diligere,
756 1241 790 1292 ut
810 1238 940 1310 legatum
989 1235 1148 1305 robustum,
1170 1242 1199 1293 et
1221 1238 1292 1294 scies
1313 1244 1342 1294 et
1365 1240 1498 1312 probabis
1519 1241 1595 1296 viam
1619 1256 1720 1297 eorum
1742 1241 1805 1312 (ter.

120 1330 169 1386 Dei
184 1335 217 1386 et
236 1346 399 1404 preconem
411 1330 547 1398 veritatis,
563 1331 640 1403 quia,
656 1334 779 1387 testante
793 1331 938 1387 veritate:
989 1345 1027 1399 ιι,
1043 1329 1099 1400 27).
1111 1352 1126 1380 »ι
1142 1331 1207 1386 ideo
1222 1330 1278 1387 ista
1291 1331 1365 1401 dico,
1380 1332 1448 1404 quia
1460 1332 1608 1391 insidiator
1618 1335 1696 1391 bona
1708 1334 1806 1408 scapis·

123 1423 939 1497 «Quaecunqueligaveritsuperterrem,eruntligataetin
989 1422 1060 1477 sime
1073 1422 1145 1478 solet
1156 1428 1322 1481 convertere
1339 1425 1370 1480 in
1386 1426 1504 1494 malum,
1520 1427 1592 1482 etin
1609 1427 1705 1484 electis
1725 1427 1808 1500 ponit

121 1520 204 1586 coelo,
226 1522 256 1573 et
278 1533 458 1589 quecunque
477 1517 593 1573 solverit
612 1522 836 1589 superterram,
856 1519 940 1571 erunt
989 1515 1142 1571 maculam.
1156 1517 1235 1573 Unde
1251 1518 1275 1573 si
1290 1519 1339 1590 qui
1359 1524 1428 1575 sunt
1438 1519 1649 1591 vituperatores
1662 1527 1711 1577 aut
1724 1537 1807 1576 accu-

120 1612 215 1667 soluta
234 1614 266 1666 et
285 1611 590 1681 incoelotllottt.xv1‚
607 1611 660 1682 ts).
676 1633 690 1660 n
706 1610 795 1666 Nimis
813 1609 941 1665 timenda
989 1611 1098 1664 satores
1118 1609 1330 1681 episcoporum,
1345 1612 1389 1668 vel
1412 1612 1591 1684 reliquorum
1615 1614 1807 1680 sacerdotum,

123 1709 175 1773 est,
198 1707 312 1773 fratres,
337 1705 398 1760 hec
426 1705 579 1775 sententia,
601 1708 630 1760 et
656 1703 870 1776 providendum
898 1709 940 1761 est
991 1706 1177 1776 nonoportet
1190 1719 1238 1759 eos
1258 1704 1436 1775 ajudicibns
1454 1706 1583 1761 Ecclesia
1605 1706 1709 1776 audiri,
1726 1709 1806 1762 ante·

122 1800 249 1855 vobisne
259 1798 413 1855 offendatis
427 1798 537 1870 eosqui
549 1801 687 1854 tantuma
702 1798 821 1854 Domino
835 1779 978 1854 habentB
991 1810 1080 1865 quam
1102 1810 1203 1850 eornm
1227 1795 1395 1853 discutiatur
1416 1798 1616 1854 estimationis
1628 1799 1750 1871 suspicio
1764 1799 1808 1854 vel

125 1895 310 1964 potestatem.
324 1892 359 1946 Et
374 1891 440 1946 ideo
460 1890 553 1962 potins
574 1890 734 1960 obediendi,
751 1889 898 1962 diligendi,
914 1894 943 1946 et
992 1886 1101 1958 opinio,
1118 1903 1174 1959 qua
1192 1887 1436 1961 intentioneque
1456 1890 1521 1960 fide,
1537 1907 1594 1962 qua
1608 1890 1735 1961 veritate,
1751 1908 1809 1964 qua
1853 1932 1855 1936 Α

125 2001 309 2058 summopere
319 1984 474 2041 venerandi
483 1988 559 2052 sunt,
570 2001 629 2039 non
639 1983 810 2039 detrahendi
819 1984 862 2040 vel
872 1985 942 2039 lace⁴
991 1978 1059 2049 vita,
1075 1996 1131 2051 qua
1143 1980 1327 2049 conscientia,
1343 1997 1435 2053 quove
1448 1982 1562 2051 merito,
1577 1983 1600 2038 si
1613 1998 1665 2055 pro
1678 1983 1748 2053 ileo,
1760 1987 1810 2038 aut

127 2079 211 2135 randi
229 2082 278 2135 ant
299 2077 444 2151 ejiciendi,
460 2079 509 2135 sed
531 2077 662 2150 portandi
685 2081 713 2134 et
737 2076 864 2145 amandi,
881 2077 942 2148 ipso
992 2088 1044 2144 pro
1056 2088 1130 2128 vana
1144 2072 1245 2145 gloria,
1261 2076 1311 2128 ant
1331 2073 1493 2143 inimicitia,
1508 2075 1552 2130 vel
1566 2075 1643 2144 odio,
1657 2080 1706 2130 aut
1727 2076 1808 2147 cupi·

127 2173 240 2229 dicente
259 2172 398 2228 Domino:
416 2171 498 2237 «Qui
515 2187 564 2226 vos
586 2171 674 2238 audit,
687 2186 734 2226 me
749 2169 837 2238 audit,
851 2174 881 2225 et
893 2169 943 2241 qni
994 2165 1082 2221 ditate
1104 2166 1158 2221 ista
1179 2167 1355 2238 sumpserint
1369 2183 1469 2224 necne.
1484 2169 1549 2224 uec
1567 2167 1665 2224 omnia
1687 2168 1810 2225 tideliter

126 2283 173 2320 vos
185 2265 306 2338 spernit,
316 2281 364 2320 me
377 2263 488 2336 spernit
494 2263 568 2334 (Luc.
580 2280 608 2333 x,
623 2263 675 2334 lb).
688 2283 702 2313 ι
713 2262 779 2317 tdeo
792 2262 853 2317 haec
862 2261 943 2317 vobis
993 2261 1060 2314 sunt
1079 2259 1286 2331 perscrutanda
1306 2265 1334 2315 et
1347 2259 1500 2332 diligenter
1517 2261 1725 2333 pertractanda.
1738 2248 1809 2317 Nam

127 2363 152 2415 et
165 2358 303 2414 omnibns
323 2357 455 2413 fidelibus
473 2356 631 2424 scribimus,
664 2356 776 2421 tratres,
792 2356 822 2409 ut
841 2354 877 2409 ab
899 2354 944 2409 his
993 2354 1061 2407 sunt
1079 2352 1210 2409 nonnulli
1235 2353 1284 2424 qui
1307 2354 1473 2426 praepositos
1489 2370 1699 2427 suosperverse
1712 2371 1807 2428 repre-

127 2468 173 2507 vos
193 2451 331 2518 caveatis,
351 2454 382 2505 et
402 2449 526 2522 posteris
548 2448 648 2505 vestris
671 2464 729 2503 non
753 2449 873 2515 matum,
895 2448 944 2502 sed
994 2444 1137 2515 hendunt,
1162 2445 1186 2499 si
1208 2447 1251 2502 vel
1278 2462 1379 2517 parum
1403 2447 1470 2518 ipsis
1500 2448 1613 2504 molesti
1641 2447 1808 2504 exstiterint.

126 2545 234 2601 bonum
248 2543 416 2616 exemplum
431 2541 610 2614 relinquatis,
622 2541 757 2613 quoniam
768 2540 873 2612 injuria
887 2539 945 2611 epi·
994 2537 1102 2594 idcirco
1118 2540 1195 2593 recto
1210 2539 1292 2594 oculo
1316 2528 1485 2611 primatibus
1504 2540 1693 2596 Ecclesiarum
1714 2540 1809 2612 provi·

127 2653 280 2710 scaporum
292 2637 329 2692 ad
343 2635 486 2691 Christum
502 2633 637 2707 pertinet,
651 2634 731 2706 cnjus
745 2633 806 2688 vice
822 2634 946 2706 iungun-
995 2630 1123 2686 dendum
1138 2634 1190 2701 est,
1202 2647 1238 2687 ne
1253 2632 1401 2704 qnisquam
1420 2648 1520 2688 eorum
1539 2633 1676 2688 innocens
1696 2637 1811 2689 vexetur

128 2736 182 2786 tun
196 2729 367 2785 Audivimus
381 2728 460 2784 euim
475 2727 614 2800 quosdam
628 2744 645 2782 a
659 2727 740 2783 vobis
752 2727 946 2782 infamatoset
996 2727 1045 2778 ant
1058 2723 1273 2794 scandalizetur,
1290 2724 1505 2781 intendentibus
1528 2726 1676 2782 sententie
1697 2724 1810 2782 Domini

129 2825 298 2880 dilaceratos
307 2823 465 2894 episcopos,
475 2819 700 2876 acecivitatibus
707 2819 830 2892 propriis
838 2820 943 2892 pulsos,
996 2833 1052 2888 qua
1066 2816 1125 2871 ait:
1144 2839 1157 2866 ο
1171 2817 1199 2873 Si
1215 2817 1279 2889 quis
1300 2817 1531 2874 scandalizaverit
1547 2834 1639 2874 unum
1652 2819 1687 2875 de
1702 2819 1812 2890 pusillis

129 2918 193 2990 qnia
213 2916 282 2972 alibi
304 2916 431 2988 episcopi
455 2913 588 2970 constitui
610 2930 669 2969 non
693 2916 823 2985 possunt,
840 2912 895 2967 nisi
915 2912 944 2967 in
995 2908 1064 2978 istis,
1086 2908 1187 2965 melius
1208 2915 1251 2965 est
1273 2910 1314 2966 illi
1336 2915 1368 2966 ut
1383 2912 1571 2983 suspendatur
1591 2912 1665 2967 mola
1687 2910 1812 2967 asinaria

131 3009 286 3067 civitatibus
304 3026 363 3065 non
384 3006 523 3077 minimis,
536 3011 564 3063 et
578 3006 650 3062 alios
664 3005 693 3061 in
709 3005 750 3061 eis
767 3005 834 3078 ipsis
848 3005 944 3062 viven·
995 3002 1597 3076 colloejus,etdemergaturinprofundum
1608 3005 1809 3074 maristltottb.

132 3104 200 3160 tibus
211 3102 389 3159 constitutos.
405 3102 473 3157 ideo
488 3101 550 3156 haec
563 3100 643 3155 vobis
657 3098 816 3167 scribimus,
830 3102 861 3154 ut
874 3097 945 3153 scia·
956 3138 983 3213 C
996 3112 1072 3165 xvru,
1097 3097 1133 3167 6),
1156 3118 1170 3145 »
1197 3100 1226 3150 et
1252 3097 1370 3168 reliqua.
1399 3098 1472 3153 [teus
1499 3100 1595 3154 autem
1621 3097 1811 3170 omnipotens,

132 3198 164 3251 tis
185 3197 241 3251 boc
265 3194 329 3250 tleri
350 3210 409 3249 non
433 3194 529 3263 licere,
545 3192 594 3248 sed
613 3191 746 3265 proprios
769 3191 894 3247 revocari
918 3194 947 3246 et
996 3194 1091 3245 utnos
1105 3206 1122 3243 a
1136 3189 1320 3262 praecipitata
1342 3189 1490 3247 sententia
1510 3190 1679 3263 probatione
1694 3207 1810 3264 compe·

134 3286 314 3361 integerrime
323 3285 434 3342 restitui
445 3285 558 3354 debere,
567 3285 631 3341 illos
641 3300 708 3340 vero
722 3283 770 3356 qui
784 3283 946 3340 adulterina
995 3286 1085 3338 sceret
1099 3282 1174 3354 (cum
1188 3283 1288 3338 omnia
1305 3284 1380 3339 nuda
1399 3285 1428 3339 et
1445 3287 1544 3357 aperta
1558 3284 1616 3340 sint
1627 3285 1715 3340 oculis
1729 3283 1811 3357 ejus),

135 3382 246 3437 feditate
260 3396 378 3452 sponsas
392 3396 457 3434 snas
471 3394 542 3451 quas
559 3382 588 3434 et
599 3393 702 3433 uxores
715 3393 815 3432 eorum
830 3377 945 3449 praetlxo
995 3376 1073 3431 mala
1086 3380 1183 3432 umen
1199 3376 1332 3433 Sodomae
1345 3376 1439 3433 noluit
1457 3376 1554 3433 andita
1569 3377 1699 3450 iudicare
1718 3377 1810 3450 prins·

135 3482 228 3530 tenore
250 3490 313 3529 esse
331 3472 528 3544 intelligimus,
544 3474 655 3540 tenent,
673 3469 736 3541 ejici
751 3471 783 3524 nt
802 3470 946 3526 adulteros
996 3484 1083 3540 quarn
1099 3469 1248 3526 manifeste
1269 3476 1520 3543 agnosceretque
1541 3469 1718 3538 dicebantur,
1735 3469 1813 3526 unde

137 3572 213 3640 atque
235 3568 363 3622 infames
382 3555 457 3635 ti'eri,
471 3581 577 3637 eosque
594 3564 630 3619 ab
645 3562 839 3619 ecclesiasticis
854 3562 945 3618 hono·
996 3561 1057 3632 ipse
1071 3561 1110 3616 ait
1127 3579 1134 3616 ε
1154 3584 1168 3612 «
1184 3563 1361 3619 nascendam
1380 3568 1408 3619 et
1419 3564 1522 3621 videbo
1541 3569 1636 3621 utrum
1657 3565 1813 3620 clamorem

137 3662 205 3718 ribus
216 3661 310 3717 arceri
320 3659 466 3731 jubemus.
476 3657 506 3714 Si
515 3660 610 3713 antem
619 3657 753 3712 adversus
763 3671 810 3710 eos
818 3655 946 3727 aliquam
998 3653 1046 3725 qui
1061 3654 1139 3709 venit
1150 3655 1185 3710 ad
1201 3671 1259 3724 me,
1270 3672 1356 3729 opere
1369 3657 1583 3729 compleverint,
1597 3673 1634 3712 an
1649 3674 1708 3713 non
1722 3661 1765 3713 est
1773 3657 1814 3712 ita

138 3755 275 3826 querelam
287 3751 455 3818 habueritis,
469 3751 513 3806 his
528 3749 661 3822 peractis,
674 3748 879 3821 inquirendum
894 3748 948 3804 erit
997 3749 1029 3801 ut
1050 3745 1137 3801 sciam
1159 3746 1234 3817 (Gen.
1258 3764 1332 3816 xvru,
1349 3748 1405 3830 21.)
1419 3771 1433 3799 »
1457 3749 1530 3804 [teus
1555 3749 1748 3821 omnipotens,
1767 3749 1814 3804 cui

138 3853 161 3901 et
172 3846 341 3903 auctoritate
354 3845 440 3915 huius
454 3847 556 3900 sanctae
571 3842 650 3899 Sedis
663 3841 887 3898 terminandum.
901 3843 945 3910 Et,
998 3839 1068 3894 nibil
1081 3839 1278 3895 absconditum
1290 3845 1342 3909 est,
1358 3840 1408 3895 sed
1421 3840 1519 3896 omnia
1532 3842 1558 3896 ei
1571 3841 1722 3897 manifesta
1736 3846 1812 3910 sunt,

137 3958 167 3997 ne
184 3939 284 3997 omnia
306 3954 383 3995 nunc
403 3936 548 4009 sigillatim
568 3936 671 4004 dicam,
685 3952 771 3991 omne
790 3934 898 3990 bonnm
913 3934 947 4005 (si
997 3932 1085 3988 etiam
1096 3936 1251 4005 antequam
1260 3931 1342 4004 fiant,
1351 3949 1409 3988 non
1420 3934 1457 3990 ob
1469 3934 1545 3989 aliud
1554 3934 1614 3990 hoec
1624 3934 1714 3990 atalia
1724 3934 1814 3989 multa

136 4034 257 4106 ipseper
273 4049 305 4086 se
324 4031 355 4087 in
371 4029 452 4086 vobis
472 4029 567 4102 luerit)
583 4027 707 4084 charitas
720 4029 815 4083 iacere
828 4044 877 4084 vos
894 4029 945 4084 do·
999 4027 1071 4099 (qna
1086 4027 1132 4081 hic
1145 4026 1336 4097 prolixitatem
1349 4027 1472 4083 vitantes
1490 4045 1547 4083 non
1567 4027 1747 4099 inseruimus)
1762 4044 1814 4100 per

135 4127 212 4195 cebit,
229 4125 306 4181 sient
322 4141 338 4180 e
355 4122 497 4179 conuario
513 4139 561 4177 eos
573 4122 650 4194 quia
665 4121 754 4176 salute
768 4121 855 4177 alieni
870 4124 946 4190 sunt,
997 4136 1027 4175 se
1039 4119 1185 4192 inquirere
1200 4119 1335 4193 dignatus
1347 4125 1399 4189 est,
1416 4121 1471 4176 nisi
1491 4125 1524 4176 ut
1544 4121 1627 4177 nobis
1649 4121 1814 4193 exemplum

135 4237 214 4275 omne
228 4218 340 4274 malum
357 4217 458 4283 tacere,
472 4215 570 4271 odium
589 4215 682 4270 docet.
698 4214 778 4270 Unde
791 4218 825 4270 ut
836 4230 886 4269 vos
898 4214 946 4286 qui
998 4213 1079 4268 daret
1087 4228 1124 4268 ne
1139 4212 1300 4285 precipites
1313 4214 1344 4269 in
1356 4212 1541 4271 discutiendis
1555 4217 1584 4271 et
1593 4214 1757 4287 judicandis
1766 4232 1815 4270 ne·

134 4313 189 4367 veri
204 4311 257 4368 [tei
278 4310 346 4366 estis
368 4308 510 4382 discipuli,
523 4307 634 4380 abjicite
657 4324 674 4362 a
695 4307 827 4363 cordibus
849 4306 948 4362 vestris
998 4304 1814 4381 gotiisessemus,etnemalaquorumdampriusquisqnam
1922 4371 1924 4375 ¹

136 4411 193 4461 ante
206 4403 309 4460 omnia
330 4401 486 4458 discordias
507 4405 535 4456 et
556 4400 677 4456 aliorum
700 4400 899 4467 dissensiones,
915 4416 948 4455 ex
998 4401 1154 4471 prasumat
1173 4398 1290 4455 credere
1310 4416 1398 4471 qnam
1420 4398 1553 4472 probare.
1573 4400 1659 4473 Gtrjns
1682 4403 1814 4473 exemplo

136 4498 234 4568 quibus
246 4512 334 4553 omne
348 4511 420 4568 opus
430 4495 550 4561 malum,
559 4480 696 4565 procedit,
707 4492 989 4573 etbenignitatemD
1000 4507 1164 4560 monemur,
1179 4508 1216 4546 ne
1231 4493 1267 4548 ad
1281 4493 1483 4565 proterendam
1503 4494 1675 4549 sententiam
1688 4510 1815 4566 unquam

135 4589 389 4663 acsimplicitatcm
410 4590 469 4643 tota
491 4589 589 4642 mente
612 4587 734 4640 servate.
750 4587 951 4641 Verumtamen
999 4584 1159 4656 precipites
1180 4584 1277 4653 simus,
1298 4589 1348 4641 aut
1369 4590 1491 4656 temere,
1511 4584 1750 4659 indiligenterque
1770 4586 1814 4642 in-

135 4683 231 4740 scitote
244 4681 339 4738 cuncti
351 4680 427 4754 quod
442 4695 529 4751 supra
542 4693 701 4733 omnesvos
714 4677 828 4733 laboret
841 4677 949 4750 episco-
1000 4676 1123 4732 discussa
1143 4693 1265 4750 quaque
1290 4680 1492 4749 quoquomodo
1516 4679 1688 4750 judicemus,
1702 4679 1815 4737 dicente

137 4793 194 4847 pos,
207 4776 276 4848 qnia
291 4773 487 4846 unusquisqne
499 4774 626 4827 vestrum
640 4787 722 4840 snum
735 4770 884 4842 proprium
897 4771 953 4827 lert
1000 4769 1132 4825 Veritatis
1146 4786 1214 4825 voce
1229 4787 1235 4824 :
1253 4792 1266 4818 «
1279 4770 1370 4825 Nolite
1379 4771 1509 4842 iudicare
1522 4776 1625 4828 utnon
1636 4773 1815 4845 judicemini,

135 4868 270 4938 laborem
286 4867 333 4923 ille
345 4882 413 4921 sero
427 4868 456 4922 et
476 4880 560 4919 suum
581 4868 610 4920 et
630 4863 819 4936 singulorum.
835 4864 870 4918 Et
888 4863 951 4920 ideo
1000 4862 1814 4937 inquoenimjudiciojudicaveritisjudicabimini(Metti.

137 4962 204 5018 siem
215 4961 264 5017 ille
278 4976 332 5032 pro
345 4958 425 5014 vobis
441 4956 586 5025 omnibus,
599 4957 639 5013 ita
653 4962 682 5013 et
694 4973 743 5013 vos
758 4972 858 5012 omnes
872 4973 950 5012 snm·
1001 4972 1048 5024 vn,
1073 4956 1109 5026 t),
1135 4978 1149 5006 »
1172 4959 1200 5011 et
1224 4955 1345 5027 reliqua.
1375 4958 1447 5013 Nam
1473 4958 1548 5013 mala
1580 4960 1677 5015 audita
1702 4960 1816 5016 nullum

137 5069 250 5128 mopere
271 5052 405 5109 laborare
430 5066 482 5122 pro
504 5066 538 5105 eo
561 5049 679 5118 debetis,
703 5050 847 5106 intantum
872 5053 902 5105 ut
928 5050 951 5106 si
1001 5054 1145 5119 moveant,
1158 5065 1212 5104 nec
1224 5049 1330 5122 passim
1344 5050 1420 5105 dicta
1432 5050 1538 5123 absque
1554 5055 1632 5108 certa
1646 5053 1817 5125 probatione

137 5148 218 5204 etiam
231 5160 348 5202 necesse
362 5142 459 5212 tuerit,
475 5142 585 5197 animas
597 5145 706 5198 vestras
718 5159 770 5214 pro
783 5159 816 5198 eo
828 5143 950 5215 ponatis,
1002 5142 1154 5214 quisquam
1163 5158 1290 5215 unquam
1299 5143 1409 5210 credat;
1422 5143 1471 5199 sed
1481 5150 1547 5201 ante
1556 5145 1655 5201 andita
1664 5146 1818 5217 diligenter

97 5284 104 5298 .
138 5240 203 5296 sieut
225 5238 338 5310 etipse
357 5236 485 5293 animam
507 5251 589 5290 suam
611 5251 663 5307 pro
685 5235 774 5304 vobis,
792 5235 815 5290 si
837 5253 951 5292 necesse
1002 5234 1139 5307 inquirat,
1157 5252 1194 5290 ne
1216 5234 1420 5307 praecipitando
1441 5237 1596 5310 quidquam
1617 5237 1718 5311 aliquis
1741 5241 1815 5307 agat.

137 5331 225 5402 merit,
235 5346 345 5404 ponere
356 5329 451 5396 debet,
462 5328 525 5400 ipso
536 5327 648 5384 dicente
658 5328 819 5384 Salvatore:
833 5351 846 5378 «
858 5328 952 5385 Bonus
1002 5327 1031 5383 Si
1045 5327 1122 5383 enim
1140 5327 1275 5384 Dominus
1292 5328 1420 5385 omnium
1435 5329 1625 5386 Sodomorum
1645 5329 1728 5397 mala,
1746 5343 1816 5399 quo·

137 5429 228 5495 postor
241 5423 370 5480 animam
390 5438 471 5477 suam
489 5421 539 5477 dat
558 5436 611 5491 pro
631 5420 730 5476 ovibus
745 5421 802 5476 snis
818 5421 907 5492 (loon.
924 5438 950 5491 x,
1001 5436 1066 5475 rum
1089 5421 1194 5476 clamor
1216 5421 1252 5476 ad
1275 5423 1379 5477 caelum
1403 5440 1491 5496 usque
1514 5424 1692 5495 pervenemt,
1719 5420 1818 5476 omnia

139 5519 221 5588 11)»
245 5533 297 5572 vos
317 5531 387 5570 vero
410 5512 524 5569 obedite
548 5512 599 5581 eis,
623 5517 652 5567 et
676 5512 792 5585 vigilate
818 5530 871 5586 pro
899 5514 950 5582 eis,
1002 5513 1102 5582 sciens,
1116 5513 1196 5585 prius
1209 5513 1323 5570 credere
1343 5532 1396 5570 nec
1414 5516 1542 5587 judicare
1556 5513 1642 5569 voluit
1656 5528 1742 5584 quam
1757 5513 1818 5585 ipse

136 5611 198 5681 qnia
213 5610 269 5682 ipsi
284 5625 338 5681 pro
350 5607 431 5665 vobis
442 5604 570 5679 vigilant,
582 5605 662 5678 qnasi
677 5606 817 5661 rationem
832 5624 885 5678 pro
894 5607 953 5663 ani·
1002 5623 1036 5663 ea
1045 5623 1112 5663 eum
1120 5607 1251 5663 fidelibus
1262 5608 1381 5665 testibus
1395 5608 1547 5680 diligenter
1558 5607 1743 5677 investigans,
1753 5623 1819 5679 quse

136 5704 235 5759 mabns
246 5702 350 5757 vestris
361 5699 510 5767 reddituri,
525 5701 559 5755 ut
572 5715 635 5754 cum
654 5698 759 5771 gaudio
773 5698 829 5755 hoc
847 5700 952 5757 iaciant
1002 5700 1167 5756 andieratet
1175 5699 1718 5773 opereveracitercognosceret:multo
1726 5701 1818 5773 magis

136 5800 161 5850 et
176 5813 234 5852 non
247 5796 408 5868 gementes.
1003 5808 1064 5862 nos,
1074 5793 1194 5849 humani
1205 5799 1233 5849 et
1243 5790 1552 5865 peccatoreshomines,
1562 5791 1665 5864 quibus
1674 5792 1820 5864 incognita
