3870 6150
608 292 841 354 oecumenem
859 293 1054 353 cottscrlo.
1618 298 1670 352 sss

103 404 207 479 eportet
217 401 356 458 ordinari.
375 401 451 459 Sicut
473 407 569 458 autem
583 405 618 459 de
633 406 677 459 his
695 405 746 477 qui
760 407 806 462 vel
816 420 846 492 Α
856 408 885 459 et
897 405 1058 477 Pentapoli,
1072 409 1103 460 ut
1116 405 1326 463 Alexandrinus
1340 404 1600 479 episcopushorum
1610 420 1672 461 om·

103 497 178 552 erim
198 496 258 550 hec
282 496 327 550 vel
348 497 409 552 ausi
424 504 491 551 sunt
505 498 612 568 seipsos
630 499 804 569 abscindere,
855 499 937 553 nium
955 498 1062 554 habeat
1081 503 1261 573 potestatem,
1282 500 1419 571 quoniam
1440 499 1557 571 quidem
1569 504 1599 554 et
1611 499 1668 555 llo·

103 605 138 645 to
151 588 281 656 dicimus,
297 594 403 644 statuta
422 593 498 645 sunt.
516 590 557 644 lta
572 591 595 644 si
609 592 658 663 qui
671 608 689 646 a
701 592 804 647 burha-
855 590 1670 664 mancepiscopoparilismosest.Similiterautemetapud

103 698 113 736 ι
130 681 254 737 dominis
269 681 327 736 suis
349 682 427 752 secti,
443 686 472 737 et
487 683 640 754 probabilis
655 683 719 738 vitae
738 684 805 752 sint,
854 683 1034 740 Antiochiam
1049 683 1113 757 60
1127 690 1299 758 caeterasque
1311 685 1471 758 provincias
1490 685 1585 741 honor
1601 701 1671 741 suus

103 775 189 846 scipit
201 774 388 831 ecclesiastica
401 775 504 846 regula
517 776 547 830 in
560 777 680 832 clerum.
855 777 1010 848 unicuique
1023 784 1150 833 servetur
1162 778 1300 833 ecclesia.
1308 781 1361 834 Per
1371 777 1467 833 omnia
1476 781 1573 834 autem
1580 778 1671 832 mani-

103 867 212 925 rouiam
225 867 385 923 multasive
402 869 756 940 per1neccssitalem,sivc
771 885 807 925 ax
856 869 960 924 festum
981 871 1025 925 est
1044 869 1124 942 quod
1138 871 1160 924 si
1175 870 1240 942 quis
1254 875 1359 942 praeter
1375 871 1548 926 voluntatem
1561 873 1590 925 et
1601 886 1668 926 con·

103 975 158 1034 que
179 975 266 1015 causa
279 965 377 1016 contra
390 959 519 1033 regulam
538 963 618 1031 gesta
632 964 708 1032 sunt,
722 962 760 1017 ita
774 966 808 1018 ut
856 962 1007 1018 scientiam
1021 961 1232 1035 metropolitani
1253 963 1380 1037 episcopi
1405 963 1492 1019 fuerit
1511 962 1668 1028 ordinatus,

103 1069 170 1122 isox
179 1054 236 1109 vita
249 1054 349 1125 gentili
364 1070 456 1126 nuper
469 1053 564 1108 adhuc
579 1055 752 1123 catechizati,
760 1054 806 1109 sel
856 1055 932 1110 hunc
952 1055 1103 1111 concilium
1125 1071 1265 1127 magnum
1288 1061 1318 1112 et
1338 1058 1467 1113 sanetum
1485 1054 1595 1110 censuit
1611 1071 1671 1110 non
1774 1112 1779 1124 ,

103 1147 110 1202 i
121 1146 218 1202 statim
228 1146 264 1202 ad
277 1146 453 1219 spiritualem
465 1147 639 1218 baptismum
651 1148 805 1217 venissent,
857 1146 959 1204 dehere
971 1163 1032 1203 esse
1045 1147 1221 1219 episcopum.
1236 1150 1308 1204 Sane
1330 1148 1354 1204 si
1375 1147 1521 1203 communi
1541 1146 1671 1202 omnium

104 1254 163 1295 nuo
177 1255 244 1294 cum
256 1239 389 1310 baptizati
404 1244 479 1306 sunt,
497 1239 583 1295 etiarn
601 1241 637 1295 ad
660 1241 805 1312 episcopa·
856 1255 993 1295 consensu
1015 1241 1220 1297 rationabiliter
1241 1241 1373 1313 probato,
1397 1240 1554 1296 secundum
1578 1239 1669 1295 eccle·

103 1331 121 1388 l
141 1332 177 1387 ad
192 1332 401 1404 presbyterium
424 1334 549 1404 provecti
563 1338 638 1388 sunt.
655 1334 741 1390 Recte
755 1334 807 1405 igi·
856 1332 996 1388 siasticam
1015 1333 1148 1405 regulam
1164 1334 1221 1389 dno
1237 1335 1282 1389 vel
1301 1338 1359 1390 tres
1379 1333 1561 1389 animositate
1584 1332 1670 1399 ducti,

103 1430 195 1481 tmest
208 1425 243 1480 de
256 1428 361 1480 catere
376 1425 448 1480 nihil
461 1427 518 1482 tale
532 1426 638 1481 debera
651 1426 806 1482 bertham
855 1441 908 1497 per
923 1426 1134 1482 contentionem
1156 1427 1362 1494 contradicant,
1384 1426 1513 1483 obtineat
1530 1425 1670 1496 plurimo·

103 1535 160 1574 tore
178 1534 250 1590 opus
265 1523 306 1573 est
328 1525 360 1574 ut
380 1520 417 1572 sit
436 1520 671 1586 catechumenus,
693 1522 722 1575 ct
743 1525 807 1591 post
856 1533 921 1573 rum
934 1520 1106 1575 sententiam
1118 1519 1307 1576 sacerdotum.

103 1612 261 1667 inmusulta
274 1612 444 1683 probatione
456 1613 577 1684 indiget.
593 1613 715 1668 Evidcns
727 1629 807 1667 nam·
891 1612 946 1668 vu.
959 1611 1100 1677 Quoniam
1122 1629 1185 1668 mos
1205 1613 1340 1685 antiquus
1358 1613 1490 1683 obtinuit,
1514 1618 1543 1668 et
1561 1616 1671 1669 vetusta

110 1706 297 1778 apostolicum
309 1711 486 1777 praeceptum
499 1705 616 1761 dicens:
634 1728 648 1756 ι(
663 1707 723 1760 lton
737 1722 804 1761 neo·
855 1703 971 1760 traditio
993 1707 1025 1761 ut
1045 1705 1123 1774 Elia,
1146 1705 1176 1761 id
1198 1708 1241 1761 est
1259 1705 1520 1778 Hierosolymorum
1537 1705 1671 1777 episeopo

102 1819 108 1854 ι
122 1815 160 1854 ne
174 1799 248 1853 forte
263 1799 353 1853 elatus
373 1799 404 1852 iu
422 1799 565 1870 judicium
580 1799 708 1854 incurrat
721 1804 750 1855 et
764 1799 805 1854 la·
817 1789 844 1864 B
856 1797 950 1853 bonor
964 1797 1602 1871 deferatur,babeatconsequcnterbouorem,
1613 1814 1672 1853 ma·

111 1891 216 1947 diaboli
240 1891 263 1962 (l
276 1895 343 1947 Tim.
360 1908 399 1959 111,
413 1895 449 1963 6).
462 1914 475 1942 s
498 1892 527 1947 Si
550 1908 616 1948 vero
634 1892 805 1963 procedente
856 1892 942 1947 nente
957 1894 1052 1947 umen
1068 1891 1296 1964 metropolitanae
1309 1891 1431 1948 civitatis
1444 1891 1559 1965 propria
1573 1891 1669 1963 digni-

103 1984 250 2056 saliqnod
265 1989 414 2056 peccatum
427 1986 582 2052 admiserit,
609 1988 637 2042 et
661 1985 806 2042 convictus
855 1989 924 2041 tete.

109 2078 156 2133 vel
172 2079 262 2132 tribus
282 2077 401 2133 testibus
423 2079 519 2148 fuerit,
533 2083 624 2134 cesset
639 2095 656 2133 a
669 2079 744 2134 clero
757 2079 806 2151 qui
891 2078 957 2133 VIII.
973 2075 1062 2151 Siqui
1075 2077 1216 2134 voluerint
1229 2077 1325 2134 venire
1347 2079 1382 2134 ad
1398 2077 1551 2134 Ecclesiam
1573 2077 1668 2133 catho-

103 2169 154 2227 odi
174 2175 226 2226 est.
243 2170 271 2225 Si
295 2172 358 2242 quis
379 2187 445 2226 vero
466 2176 571 2242 prater
583 2173 644 2227 hec
657 2172 733 2242 facit,
745 2178 807 2228 tan·
855 2169 940 2226 licam
952 2186 986 2227 ex
998 2170 1171 2239 Novatiauis,
1183 2171 1288 2244 placuit
1299 2174 1397 2227 sancto
1415 2171 1532 2228 concilio
1546 2175 1579 2226 ut
1592 2170 1670 2226 ordi-

103 2264 232 2320 cutraria
247 2265 358 2319 statutis
379 2265 468 2319 sancti
483 2265 597 2320 concilii
616 2281 729 2336 gerens,
744 2265 806 2338 ipse
854 2270 962 2320 nentur
975 2268 1004 2320 et
1016 2266 1056 2320 sic
1070 2267 1205 2321 maneant
1225 2264 1253 2319 in
1276 2265 1362 2321 clero.
1375 2267 1448 2320 Ante
1463 2263 1561 2321 omnia
1573 2270 1671 2320 autem

103 2358 195 2415 tbitur
209 2356 245 2411 de
259 2363 332 2412 statu
347 2359 391 2412 sui
404 2358 482 2412 cleri.
856 2359 929 2413 hanc
948 2356 1073 2414 babeant
1094 2358 1314 2428 confessionem,
1329 2374 1415 2431 quam
1428 2374 1481 2430 per
1495 2357 1672 2430 scripturam

103 2451 220 2507 mnibus
234 2449 328 2505 modis
343 2451 493 2506 interdixit
507 2455 603 2507 sancta
617 2452 741 2525 synodus
753 2468 804 2509 ne·
856 2452 933 2524 exigi
951 2455 1073 2523 oportet,
1095 2454 1128 2506 ut
1150 2451 1295 2507 fateantur
1316 2468 1346 2507 se
1367 2451 1513 2507 communi
1534 2467 1671 2507 consensu

103 2545 211 2616 iscopo,
234 2560 328 2616 neque
354 2545 530 2616 presbytero,
555 2562 650 2618 neque
674 2546 804 2615 diacono,
855 2544 1001 2601 catholicus
1013 2544 1142 2600 Ecclesiae
1154 2547 1259 2600 statuta
1271 2545 1476 2612 observaturos,
1490 2544 1518 2598 id
1532 2549 1575 2599 est
1589 2560 1669 2600 com·

103 2637 153 2693 ulli
172 2637 343 2694 clericorum
363 2640 482 2692 omniuo
496 2638 580 2693 licere
594 2640 697 2695 habere
709 2655 806 2696 secum
855 2637 1050 2693 munienturos
1070 2653 1110 2706 se,
1126 2638 1155 2692 et
1177 2637 1221 2692 his
1235 2637 1285 2711 qui
1301 2638 1374 2694 forte
1395 2637 1534 2694 secundas
1557 2636 1671 2709 nuptias

103 2747 140 2787 uri
155 2736 334 2800 extraneam,
351 2730 405 2786 nisi
425 2732 497 2787 forte
519 2734 621 2802 mater,
643 2736 694 2788 aut
714 2749 804 2804 soror,
855 2730 964 2804 experti
976 2734 1052 2798 sunt,
1067 2730 1112 2786 vel
1125 2730 1170 2785 his
1184 2730 1233 2801 qui
1245 2731 1449 2803 persecutionis
1459 2735 1586 2803 tempore
1599 2729 1670 2803 lapsi

103 2841 123 2893 r,
139 2832 189 2879 aut
202 2823 298 2892 amita,
317 2824 360 2878 vel
375 2828 527 2880 matertera
543 2826 589 2881 sit.
605 2826 636 2880 ln
655 2825 700 2880 bis
722 2842 804 2881 nam·
856 2828 931 2895 sunt,
952 2823 1055 2897 quihus
1081 2829 1179 2880 tarnen
1203 2825 1289 2896 lapsis
1316 2825 1492 2897 poenitentia
1518 2825 1619 2881 modus
1642 2828 1673 2879 et

103 2917 277 2989 isparsonis‚
292 2921 321 2972 et
340 2918 442 2973 harum
464 2918 604 2973 similibus
628 2919 721 2974 omnis
739 2934 805 2991 quae
855 2921 969 2989 tempus
985 2917 1141 2990 ascriptum
1155 2921 1207 2987 est,
1222 2919 1298 2974 utin
1312 2917 1444 2974 omnihus
1463 2922 1621 2992 sequautur
1638 2934 1672 2974 aa

103 3010 206 3067 laribus
227 3016 270 3066 est
291 3012 413 3082 suspicio
440 3011 607 3080 declinatur,
635 3013 684 3084 qui
709 3017 805 3068 autem
855 3028 919 3083 quoe
943 3011 974 3066 in
999 3010 1120 3067 Ecclesia
1142 3011 1281 3067 catholica
1302 3011 1497 3068 observantur.
1523 3013 1559 3068 nt
1581 3010 1671 3067 sicubi

103 3104 169 3160 heac
181 3104 241 3176 agit
253 3105 431 3176 periclitatur
444 3105 480 3161 de
496 3105 583 3161 clero.
855 3104 943 3161 iidem
955 3103 1010 3176 ipsi
1022 3103 1131 3160 fuerint
1145 3103 1263 3174 inventi,
1279 3104 1451 3161 siveinuicis
1457 3103 1672 3161 seuinurhibus

103 3197 257 3269 piscopum
277 3201 391 3269 oportet
410 3197 446 3253 ab
462 3199 595 3253 oscinibus
616 3198 765 3272 episcopis,
781 3162 843 3255 siC
855 3197 949 3253 clerici
963 3196 1085 3254 ordinati
1106 3213 1123 3251 a
1142 3197 1296 3267 catholicis,
1319 3197 1358 3254 sic
1379 3198 1464 3255 etiam
1476 3198 1507 3254 iu
1520 3198 1597 3256 clero
1610 3214 1673 3272 peu·

103 3295 170 3357 test,
185 3290 234 3362 qui
258 3298 323 3346 sulit
344 3292 374 3345 in
395 3292 538 3362 provincia
554 3293 616 3364 ejus
628 3292 761 3348 ordinari.
777 3295 805 3350 si
855 3291 964 3360 sistam,
983 3290 1176 3364 unusquisque
1190 3297 1288 3346 tamen
1308 3290 1339 3346 in
1359 3307 1410 3346 suo
1432 3292 1543 3347 ordine.
1561 3291 1589 3347 Si
1601 3307 1670 3348 vero

103 3383 246 3440 cdifllcile
261 3383 358 3451 luerit,
373 3385 416 3439 vel
431 3384 526 3457 aliqua
539 3390 661 3456 ingente
681 3386 804 3442 necessi·
856 3384 1007 3457 episcopus
1017 3384 1063 3439 sel
1077 3383 1225 3456 presbyter
1238 3384 1385 3440 catholice
1397 3384 1528 3440 Ecclesiae
1538 3383 1669 3440 fucritad

103 3478 123 3534 sl
147 3477 258 3533 itineris
282 3477 474 3549 longitudine,
495 3482 572 3535 certe
598 3481 656 3535 tres
681 3479 806 3552 episcopi
855 3493 941 3549 quem
956 3475 1044 3548 aliqui
1062 3493 1095 3532 cx
1108 3477 1152 3532 his
1164 3476 1310 3540 accedunt,
1329 3479 1440 3532 certum
1456 3481 1500 3532 est
1516 3475 1596 3549 quod
1608 3475 1669 3549 epi·

105 3572 137 3628 iu
151 3588 243 3627 unum
256 3587 316 3626 esse
329 3573 506 3644 congregati,
523 3571 563 3628 ita
575 3577 609 3628 ιιι
621 3573 708 3629 eliam
722 3579 804 3631 cate·
855 3586 955 3642 scopus
967 3569 1085 3642 quidem
1099 3569 1252 3625 catholicus
1263 3585 1344 3626 suam
1356 3569 1462 3626 babeat
1488 3569 1669 3643 dignitatem.

103 3665 150 3738 qui
162 3664 293 3720 abseutm
305 3672 552 3721 suutconseusum
564 3664 667 3722 litteris
679 3670 804 3739 tenmut,
855 3663 990 3721 Similiter
1006 3666 1103 3718 autem
1126 3662 1282 3734 presbyteri
1305 3667 1334 3718 et
1353 3662 1465 3719 diaconi
1478 3663 1615 3719 habeant.
1637 3663 1670 3719 lli

103 3757 191 3814 sciam
204 3758 421 3814 ordinationem.
437 3759 560 3815 Potestas
581 3776 650 3815 sane
671 3761 715 3815 vel
735 3778 805 3818 con·
855 3772 923 3812 vero
936 3756 985 3829 qui
998 3755 1034 3812 ab
1052 3755 1113 3836 istis
1126 3754 1256 3822 veniunt,
1272 3754 1296 3811 si
1312 3755 1385 3810 ferte
1405 3755 1555 3828 episcopus
1574 3755 1670 3822 fuerit,

103 3851 282 3924 operlinebit
291 3867 343 3922 per
352 3852 478 3923 singulas
486 3853 649 3924 provincias
658 3854 693 3910 ad
703 3858 807 3911 matre
856 3850 961 3907 habeat
972 3847 1121 3906 sacerdotii
1137 3848 1315 3920 dignitatem,
1328 3847 1384 3904 nisi
1404 3847 1476 3904 forte
1489 3847 1600 3920 placeat
1612 3847 1671 3919 epi·

103 3961 149 4000 um
162 3945 335 4017 episcopum.
856 3959 941 4016 scopo
954 3942 1089 3999 catholico
1109 3941 1264 3998 concedere
1284 3941 1311 3997 ei
1332 3941 1419 3997 etiam
1442 3940 1610 4014 episcopalis
1622 3956 1671 3996 no·

103 4040 216 4094 erretur
239 4039 292 4094 ista
318 4039 467 4109 sententia,
492 4042 527 4095 ut
552 4039 581 4095 bi
608 4041 658 4112 qul
683 4040 719 4096 ab
745 4041 806 4097 aliis
857 4037 1108 4094 minishouorem.
1133 4035 1163 4093 Si
1184 4051 1250 4091 vero
1269 4051 1328 4092 uon
1349 4034 1488 4107 placuerit
1501 4034 1626 4092 iuveniat
1644 4035 1672 4090 ei

103 4132 276 4188 nunicantur
294 4133 330 4188 ab
349 4133 411 4188 aliis
432 4132 469 4188 ad
491 4135 723 4191 communionem
747 4150 806 4191 non
856 4132 961 4200 locum,
977 4134 1009 4189 ιιι
1026 4129 1063 4187 sit
1080 4130 1110 4186 iu
1125 4129 1259 4203 parochia
1279 4129 1474 4202 coepiscopus,
1490 4127 1671 4185 autinclero

103 4228 175 4281 ntur.
187 4225 554 4297 Requiratursanesiforte
565 4227 663 4298 aliqua
675 4227 808 4299 indigna·
856 4225 1016 4299 presbyter,
1040 4230 1069 4280 et
1089 4222 1119 4278 in
1139 4222 1251 4279 civitate
1272 4239 1331 4279 una
1358 4239 1415 4278 nou
1439 4222 1589 4279 videantur
1612 4222 1670 4278 duo

104 4323 154 4375 aut
179 4320 370 4387 contentione,
392 4322 443 4375 aut
464 4320 589 4391 qualibet
615 4321 806 4377 commotione
856 4317 981 4393 episcopi
992 4334 1064 4388 esse,
1077 4321 1106 4373 et
1118 4316 1166 4372 ille
1180 4315 1346 4373 omnimode
1358 4315 1389 4372 ln
1402 4316 1479 4373 clero
1499 4331 1671 4390 permanere

105 4412 115 4467 i
133 4413 178 4467 sui
200 4412 437 4468 excommunicati
447 4412 512 4468 sint.
522 4415 557 4469 Ut
566 4429 635 4485 ergo
648 4414 735 4487 digna
747 4414 807 4470 hec
856 4412 995 4468 videatur.

112 4506 323 4562 examinatione
338 4506 467 4577 perquiri
481 4511 557 4562 recte
576 4507 670 4562 visum
683 4511 736 4576 est,
754 4524 807 4580 per
815 4533 846 4607 D
892 4505 934 4561 tx.
949 4504 979 4561 Si
992 4502 1043 4577 qui
1057 4503 1117 4561 siue
1140 4503 1347 4561 examinatione
1364 4503 1488 4576 pmmoti
1511 4501 1672 4577 presbyteri

103 4613 233 4666 saunos,
254 4601 283 4653 in
305 4599 424 4670 siugulis
445 4599 598 4671 provinciis
615 4601 658 4656 his
680 4601 709 4656 in
730 4617 805 4657 auno
857 4601 932 4669 sunt,
955 4601 984 4655 et
1005 4602 1106 4671 postea
1135 4596 1299 4667 examinati,
1326 4596 1447 4653 confessi
1469 4599 1537 4652 sunt
1554 4600 1672 4670 peccata

103 4706 191 4748 orum
202 4692 354 4747 concilium
364 4692 439 4760 lieri,
450 4695 482 4748 ut
491 4693 576 4749 simul
590 4694 621 4750 in
634 4710 725 4749 uuum
740 4711 807 4751 cou-
856 4709 918 4761 sua,
932 4697 1038 4754 etcum
1058 4690 1178 4747 confessi
1198 4690 1329 4758 fuissent,
1345 4694 1443 4746 contra
1465 4688 1596 4763 regulam
1621 4704 1670 4746 ve·

103 4800 185 4840 csex
198 4786 344 4840 communi
358 4786 505 4857 provincia
524 4787 687 4859 hujusmodi
702 4789 807 4845 exami-
857 4785 967 4842 nientcs
990 4784 1122 4841 homines
1144 4800 1247 4840 manus
1272 4783 1312 4838 eis
1333 4788 1441 4839 emere
1463 4782 1670 4856 imposuemnt,

103 4877 256 4945 laedones,
270 4881 303 4932 ut
323 4879 362 4933 ita
383 4879 499 4935 demum
523 4881 553 4935 hi
579 4881 628 4953 qui
650 4882 687 4936 ob
709 4882 807 4954 culpas
857 4881 908 4935 hos
933 4877 1134 4935 ecclesiasticus
1160 4876 1230 4933 ordo
1255 4892 1316 4931 non
1342 4876 1453 4949 recipit.
1482 4878 1514 4933 ln
1539 4876 1672 4934 omuibus

103 4971 271 5042 iscoporum
284 4988 400 5028 suorum
415 4974 538 5029 offensas
549 4974 653 5030 merito
663 4981 808 5032 contraxe-
857 4973 934 5031 euim
948 4971 1025 5045 quod
1037 4969 1286 5045 irreprehensibile
1301 4974 1344 5026 est
1358 4969 1486 5027 defendit
1497 4970 1629 5028 Ecclesia.

103 5079 159 5135 gne
175 5065 410 5122 etiamacaeteris
426 5056 662 5123 excommunicati
677 5068 809 5125 similiter
892 5066 923 5122 t.
951 5064 1119 5137 Quicunque
1142 5081 1178 5120 ex
1204 5063 1290 5137 lapsis
1313 5079 1366 5137 per
1387 5064 1581 5137 ignorantiam
1605 5068 1674 5121 sunt

103 5163 322 5232 tanquamque
345 5161 374 5215 in
395 5162 538 5217 communi
552 5162 596 5217 vel
608 5161 661 5234 ipsi
676 5163 807 5234 episcopo
858 5159 991 5230 ordinati,
1004 5159 1049 5215 vel
1061 5162 1259 5230 contemptum
1279 5173 1380 5214 eorum
1395 5158 1444 5231 qui
1460 5174 1510 5214 eos
1523 5157 1671 5214 ordinave-

103 5268 145 5307 im
155 5253 241 5308 luerit
250 5254 449 5310 humaniorem
462 5256 536 5310 circu
546 5272 595 5312 eos
608 5256 684 5311 ferre
697 5259 809 5313 sentcn-
857 5257 935 5322 runt,
945 5252 1000 5309 hoc
1013 5268 1073 5309 uon
1085 5252 1252 5325 prejudicat
1265 5251 1371 5324 regulae
1388 5251 1594 5321 ecclesiasticae,
1606 5266 1672 5306 cum

103 5345 236 5401 iubeatur
257 5354 352 5402 autem
375 5350 461 5404 semel
486 5349 637 5405 concilium
660 5355 727 5405 unte
748 5350 808 5406 dies
857 5347 936 5404 enim
947 5351 1125 5420 compertum
1139 5346 1227 5403 fuerit
1239 5347 1429 5419 deponantur.

103 5439 235 5512 gesimo,
258 5445 290 5495 ut
310 5442 453 5510 omnibus,
473 5443 497 5497 si
511 5446 664 5514 quaesunt,
678 5444 807 5500 simulta-
893 5441 936 5497 xl.
951 5441 1058 5497 Placuit
1078 5443 1185 5497 sauctae
1204 5441 1323 5513 synodo,
1337 5439 1403 5496 licet
1414 5438 1529 5511 indigui
1547 5436 1605 5495 sint
1621 5435 1674 5492 mi⁴

103 5535 237 5606 epulatis,
245 5534 388 5591 mnndum
401 5538 529 5594 solemne
540 5537 597 5594 Deo
608 5554 712 5594 munus
720 5537 809 5611 possit
858 5535 1030 5605 sericordise,
1052 5539 1149 5592 umen
1174 5532 1282 5608 aliquid
1309 5533 1383 5590 circa
1413 5547 1462 5587 eos
1487 5529 1674 5589 humanitatis

123 5627 290 5685 &cundum
310 5645 380 5685 vero
402 5636 503 5702 agatur
527 5632 601 5688 circa
626 5635 739 5706 tempus
761 5648 810 5688 au·
859 5629 1104 5703 mendistquos
1119 5626 1342 5701 ergoexanimo
1355 5623 1575 5699 poenitettribus
1590 5622 1674 5681 aunis

858 5723 934 5781 inter
946 5724 1118 5798 penitentes
1137 5722 1305 5780 habeantur.
1320 5719 1350 5777 Si
1364 5723 1461 5776 tamen
1480 5716 1580 5776 fideles
1597 5722 1682 5786 suut,

103 5813 144 5873 los
156 5813 289 5983 ωιέῃιιε
303 5812 440 5891 perduret
451 5818 481 5876 in
494 5820 628 5896 AEgypto,
646 5822 693 5882 vet
711 5821 809 5900 Libya,
859 5822 970 5898 septem
990 5817 1075 5880 annis
1098 5817 1162 5880 aliis
1183 5815 1263 5879 iuter
1286 5813 1471 5896 penitentes
1490 5813 1570 5885 siut,
1586 5810 1711 5872 anessa

223 5934 332 5980 tract.
358 5914 467 5983 cm,
1490 5917 1519 5981 h
