3870 6150
127 258 175 314 {23
561 253 703 311 APPEND.
722 255 766 311 ΑΙ)
784 256 863 312 SAEC.
885 255 927 310 lX.
944 283 978 295 -
997 252 1124 311 lSlDORl
1143 255 1357 311 uuucsrouts
1751 258 1799 312 lat

123 364 245 420 minime
259 364 437 435 reputantur.
451 361 513 416 llaec
526 376 594 416 vero
611 364 717 417 statuta
733 363 810 418 nulla
827 362 935 418 debent
943 362 1076 447 Amihi‘t
1094 367 1202 419 stemus
1220 362 1315 418 simul.
1335 361 1402 428 Quis
1426 365 1469 417 est
1493 362 1671 418 adversarius
1696 363 1800 418 meust

124 456 308 529 improbitate
318 453 534 524 convelli,nulla
544 453 669 510 novitate
678 455 793 524 mutari,
804 456 871 527 quia
879 456 936 515 alia
984 455 1100 512 accedat
1112 456 1149 511 ad
1161 473 1216 525 me,
1227 473 1292 512 ecce
1305 456 1443 513 Dominus
1458 456 1532 511 Deus
1546 472 1638 523 meus,
1648 454 1800 512 auxiliator

124 553 197 608 ratio
218 553 421 606 estcausarum
433 546 621 618 secularium,
635 547 692 603 alia
704 551 747 603 est
761 547 934 605 dunarum.
985 550 1163 615 mansonis
1183 553 1227 605 est
1247 540 1298 621 qui
1317 549 1493 606 condemnet
1511 549 1583 604 me‘t
1606 551 1677 606 Eece
1699 565 1799 605 omnes

159 643 325 701 Audivimus
347 657 474 712 namque
496 639 573 712 apud
595 658 642 697 vos
662 634 831 713 vestrosque
842 642 934 698 diver·
985 641 1067 715 quasi
1081 643 1282 699 vestimentum
1298 645 1490 711 conterentur,
1501 643 1580 699 tinea
1594 643 1728 699 comedet
1740 659 1799 699 eos.

123 757 155 796 sa
168 736 278 811 judicia
291 735 362 806 lieri,
377 738 407 789 et
420 734 529 789 incerta
546 733 678 805 judicari.
691 735 809 806 Incerta
828 736 934 791 charis·
986 736 1056 801 Quis
1081 753 1116 791 ex
1134 735 1215 792 vobis
1239 737 1345 792 timens
1375 736 1539 806 Dominum,
1558 736 1678 792 audiens
1702 752 1800 791 vocem

122 831 196 901 simi,
209 830 373 892 nullatenus
388 827 557 899 judicemus,
571 827 757 901 quoadusque
771 828 866 884 veniat
878 830 934 885 Do·
985 829 1058 885 servi
1073 829 1137 884 sui?
1150 829 1217 895 Quis
1229 828 1384 885 ambulavit
1395 829 1425 884 in
1437 829 1571 897 tenebris,
1586 833 1615 884 et
1630 845 1690 885 non
1704 832 1747 884 est
1760 829 1801 885 lu-

123 927 229 992 minus,
240 920 598 994 quitatentiaproducetin
608 922 714 989 lucem,
723 924 753 976 et
764 921 936 978 illuminabit
985 939 1052 978 men
1065 922 1110 978 eit
1126 922 1226 993 Sperat
1244 922 1275 977 in
1287 922 1404 978 nomine
1418 922 1539 990 Domini,
1555 924 1585 977 et
1600 921 1741 977 innitatur
1752 939 1798 977 su·

123 1016 288 1075 abscondita
298 1014 492 1082 tenebrarum,
507 1018 536 1068 et
544 1013 740 1069 manifestabit
749 1015 865 1070 consilia
877 1031 936 1071 eor·
985 1016 1134 1087 perDeum
1145 1033 1238 1070 snum.
1248 1017 1318 1071 Eece
1329 1032 1378 1072 vos
1387 1032 1485 1071 omnes
1492 1015 1681 1072 accendentes
1690 1014 1799 1088 ignem,

123 1111 215 1181 dium,
227 1109 296 1182 quia
305 1106 435 1179 quamvis
447 1123 515 1162 vera
527 1105 592 1175 sint,
604 1123 663 1163 non
672 1109 771 1163 tamen
780 1107 934 1176 credenda,
986 1109 1104 1165 accincti
1114 1108 1249 1176 flammis,
1261 1109 1405 1165 ambulate
1417 1108 1566 1165 inlumina
1579 1108 1656 1179 ignis
1666 1109 1762 1176 vestri,
1773 1110 1801 1162 et

124 1205 179 1262 nisi
192 1220 256 1276 quas
264 1199 547 1271 manifestisjudiciis
558 1200 792 1272 comprobantur,
805 1200 861 1255 nisi
872 1218 935 1273 quae
985 1201 1015 1257 in
1023 1201 1146 1257 fiammis
1156 1219 1226 1274 quas
1238 1202 1430 1258 succendistis.
1441 1202 1478 1257 De
1486 1218 1576 1257 manu
1585 1201 1748 1258 metuetum
1760 1205 1802 1257 est

124 1298 274 1355 manifesto
285 1293 394 1366 judicio
408 1292 625 1362 convineuntur,
637 1292 692 1347 nisi
705 1309 770 1364 quae
781 1293 934 1363 judiciario
985 1294 1040 1351 hoc
1046 1295 1172 1363 vobis,in
1182 1295 1322 1351 doloribus
1329 1294 1486 1350 dormietis.
1493 1294 1802 1366 Auditemeqnisequi-

125 1391 225 1448 ordine
252 1388 445 1460 publicantur.
474 1385 611 1442 Similiter
630 1402 664 1440 ea
682 1401 731 1440 vos
752 1385 880 1456 judicare
899 1384 936 1441 ad
985 1388 1056 1443 mini
1067 1388 1145 1459 quod
1153 1388 1264 1461 justum
1274 1392 1325 1456 est,
1334 1394 1363 1444 et
1373 1387 1800 1460 quaeritisDominum,sttendi-

124 1483 309 1558 apostolieam
317 1481 492 1536 delatumest
500 1479 608 1547 sedem,
618 1495 682 1550 quaa
691 1482 936 1550 praeternostram
985 1483 1014 1537 te
1027 1482 1064 1538 ad
1079 1485 1201 1553 petram,
1213 1482 1289 1537 unde
1302 1481 1384 1537 excisi
1396 1481 1472 1549 estis,
1484 1486 1512 1537 et
1523 1482 1560 1536 ad
1573 1497 1726 1537 cavernam
1737 1481 1799 1549 laci,

123 1577 202 1635 vobis
217 1574 334 1631 delinire
352 1589 411 1629 non
431 1572 497 1627 licet
513 1571 714 1627 auctoritatem
736 1572 936 1644 episcoporum
986 1574 1021 1630 de
1035 1591 1093 1647 qua
1105 1575 1215 1646 praecisi
1228 1575 1304 1630 estis.
1317 1575 1459 1630 Attendite
1475 1574 1511 1630 ad
1527 1574 1673 1629 Abraham
1688 1576 1801 1646 patrem

125 1687 232 1740 causas,
247 1668 323 1723 unde
337 1666 378 1721 ita
390 1664 575 1721 constitutum
587 1664 707 1736 liquata
724 1668 854 1737 tempore
866 1681 935 1737 apo·
986 1671 1123 1737 vestrum,
1137 1671 1166 1723 et
1178 1668 1214 1722 ad
1229 1669 1328 1725 Sanam
1346 1684 1410 1740 quoe
1430 1667 1542 1740 peperit
1556 1684 1613 1735 ros,
1626 1668 1693 1740 quia
1712 1684 1801 1722 unum

125 1765 265 1822 stolorum
274 1763 303 1817 et
314 1760 447 1830 deinceps
458 1757 564 1829 placuit
573 1760 606 1813 ut
617 1761 764 1813 accusatus
774 1758 818 1813 vel
824 1745 1087 1830 judica-Bracari
1111 1777 1188 1829 eum,
1210 1765 1239 1817 et
1262 1761 1393 1817 benedixi
1416 1761 1451 1829 ei,
1465 1765 1494 1816 et
1514 1760 1700 1833 multiplicari
1725 1776 1799 1815 eum.

124 1852 485 1927 tusaeomprorincialibus
494 1852 523 1907 in
533 1852 657 1923 aliquam
668 1868 780 1907 eaumm
789 1852 937 1924 episcopus
987 1853 1184 1910 consolabitur
1207 1869 1275 1926 ergo
1301 1854 1439 1910 Dominus
1462 1853 1539 1922 Sion,
1558 1858 1586 1909 et
1607 1852 1803 1909 consolabitur

123 1945 936 2021 licenterappelletetadeatapostolieaesedispontifieem,
987 1964 1086 2004 amnes
1100 1948 1197 2004 ruinas
1215 1949 1287 2021 ejus.
1308 1950 1342 2003 lit
1359 1951 1447 2020 ponet
1468 1947 1612 2003 desertum
1634 1947 1696 2018 ejus
1721 1946 1802 2018 quasi

75 2104 82 2121 ,
124 2046 174 2119 qui
189 2048 239 2100 aut
254 2057 357 2114 perse,
372 2045 484 2110 autper
497 2038 617 2095 vicarios
632 2055 696 2095 suos
710 2039 770 2111 ejus
790 2038 938 2094 retractari
988 2041 1109 2111 delicias,
1123 2045 1155 2098 et
1166 2041 1351 2098 solitudinem
1366 2043 1426 2112 ejus
1439 2041 1517 2113 quasi
1536 2041 1652 2096 hortum
1672 2039 1801 2109 Domini;

124 2137 272 2211 negotium
286 2135 435 2206 procuret3
451 2134 480 2186 et
494 2132 563 2186 dum
575 2131 675 2187 iterato
685 2130 793 2203 judicio
807 2130 938 2204 pontifex
988 2135 1125 2205 gaudium
1135 2140 1163 2192 et
1177 2135 1273 2191 laetitia
1287 2135 1448 2191 invenietur
1460 2135 1489 2189 in
1504 2151 1547 2202 ea,
1558 2134 1720 2205 gratiarum
1732 2132 1803 2188 aetio

125 2246 238 2287 causam
250 2243 331 2283 suam
342 2230 418 2297 agat,
431 2223 526 2279 nullus
536 2224 609 2278 alius
621 2224 651 2278 in
667 2224 729 2296 ejus
740 2223 804 2279 loeo
816 2227 938 2296 ponatur
988 2232 1017 2283 et
1036 2245 1092 2284 vox
1114 2229 1214 2285 laudis.
1229 2228 1372 2285 Attendite
1396 2228 1432 2283 ad
1454 2244 1513 2297 me,
1529 2228 1651 2299 populus
1668 2242 1762 2294 meus,
1776 2229 1802 2281 et

125 2328 174 2381 aut
186 2320 335 2378 ordinetur
348 2317 506 2390 episcopus,
520 2315 667 2389 quoniam,
684 2332 848 2389 quanquam
865 2332 940 2372 com·
987 2320 1079 2376 tribus
1092 2337 1167 2390 mea,
1183 2338 1230 2379 me
1245 2322 1349 2378 audite.
1366 2321 1440 2387 Onia
1455 2321 1498 2376 lex
1512 2338 1529 2376 a
1541 2337 1589 2375 me
1603 2320 1679 2376 exiet
1691 2325 1722 2376 et
1731 2319 1803 2390 judi·

127 2412 346 2490 provineialibus
363 2408 503 2483 episeopis
523 2408 643 2465 accusati
664 2426 778 2465 causam
799 2409 939 2481 pontilicis
988 2414 1064 2470 oium
1075 2431 1174 2470 meum
1188 2415 1218 2470 in
1234 2414 1701 2488 lueempopntorumrequieseet5
1716 2429 1803 2486 prope

127 2507 246 2566 serutari
258 2507 351 2576 liceat,
368 2521 427 2560 non
440 2507 536 2559 tamen
556 2502 679 2559 dillinire
700 2503 859 2558 inconsulto
881 2502 938 2558 lto-
988 2512 1030 2563 est
1054 2509 1147 2581 justus
1171 2525 1262 2581 meus,
1288 2525 1418 2581 egressus
1444 2511 1488 2562 est
1512 2507 1634 2563 salrator
1658 2523 1751 2576 meus,
1776 2511 1804 2561 et

127 2621 215 2661 mano
240 2599 375 2674 pontifice
400 2597 571 2670 permissum
596 2601 647 2665 est,
666 2611 731 2651 eum
752 2596 836 2652 beato
857 2598 939 2652 Petro
987 2600 1136 2657 brachium
1151 2619 1249 2658 meum
1262 2603 1380 2675 populos
1393 2600 1547 2674 judicabit3
1568 2617 1615 2657 me
1636 2601 1740 2656 insulae
1756 2617 1801 2655 ex·

127 2696 257 2771 apostolo
270 2710 330 2750 non
350 2692 386 2748 ab
398 2692 453 2746 alio
467 2706 554 2763 quam
568 2688 603 2745 ab
619 2689 680 2760 ipso
695 2689 801 2744 dictum
823 2689 860 2745 sit
882 2690 937 2745 Do·
988 2695 1157 2767 spectabunt
1169 2698 1197 2750 et
1210 2695 1359 2751 brachium
1375 2711 1475 2751 meum
1495 2693 1686 2749 sustinebunt.
1701 2694 1802 2750 Levate

127 2792 206 2848 mino
220 2805 227 2844 :
243 2787 436 2856 Quacumque
460 2782 591 2855 ligaveris
616 2799 702 2855 super
722 2786 839 2850 terram,
856 2786 940 2838 arunt
986 2788 1018 2842 in
1032 2788 1135 2843 eoelum
1157 2788 1252 2844 oculos
1272 2792 1391 2857 vestros,
1408 2787 1543 2845 etvidete
1559 2785 1703 2843 subterra
1721 2787 1803 2843 deor-

127 2875 937 2956 ligataetincoelo,etquaecunquesolverissuperterram,
989 2898 1063 2950 sum,
1080 2881 1148 2954 quia
1162 2882 1225 2937 coeli
1241 2882 1313 2937 sieut
1327 2883 1423 2936 sumus
1445 2881 1614 2952 liquescent,
1629 2884 1657 2935 et
1671 2884 1750 2935 terra
1766 2879 1804 2935 si·

128 2982 212 3033 erunt
226 2973 317 3030 solnta
329 2976 358 3027 et
370 2972 400 3028 in
415 2971 497 3026 coelo.
511 2971 545 3025 Et
559 2969 625 3024 alibi
641 2969 670 3025 in
685 2969 820 3024 institutis
834 2969 940 3041 legitur
988 2979 1037 3030 cut
1047 2975 1247 3031 vestimentum
1261 2978 1408 3045 atteretur,
1422 2978 1450 3029 et
1461 2973 1633 3029 habitatores
1653 2973 1715 3045 ejus
1734 2973 1805 3028 sicut

128 3068 307 3144 apostolicis:
319 3065 347 3124 Si
359 3063 764 3138 quisputaveritseaproprio
776 3062 940 3135 metropoli·
949 3110 977 3185 C
989 3069 1050 3123 haee
1064 3068 1233 3123 interibunt.
1248 3068 1329 3124 Salus
1350 3071 1447 3123 autem
1461 3083 1525 3122 mea
1546 3067 1576 3122 in
1598 3066 1804 3137 sempiternum

128 3171 196 3222 tana
210 3161 330 3236 gravari,
346 3158 422 3231 apud
434 3158 624 3230 patriarcham
641 3158 684 3212 vel
700 3157 852 3229 primatem
871 3157 939 3212 dtoe-
990 3162 1053 3231 erit,
1070 3163 1099 3215 et
1118 3161 1229 3233 justitia
1251 3178 1313 3216 mea
1330 3177 1388 3216 non
1413 3160 1535 3216 deficiet.
1560 3159 1661 3215 Audite
1685 3175 1733 3216 me
1756 3158 1805 3232 qui

129 3260 304 3324 cessasent
325 3269 413 3326 penes
435 3250 603 3307 universalis
626 3250 788 3323 apostolicae
813 3249 941 3304 Ecclesiae
989 3255 1195 3325 scitisjustum,
1210 3255 1333 3325 populus
1347 3269 1439 3319 meus,
1456 3252 1504 3308 lex
1527 3267 1591 3307 mea
1610 3252 1640 3306 in
1659 3253 1744 3308 eorde
1759 3268 1805 3308 eo·

124 3352 271 3425 judicetur
291 3348 398 3404 sedem.
414 3344 489 3400 Nihil
506 3345 584 3399 aliud
599 3347 651 3414 est,
664 3345 776 3411 iratres,
789 3343 853 3398 talis
866 3360 940 3415 prae-
989 3363 1065 3403 rum.
1080 3346 1170 3402 Nolite
1185 3346 1287 3402 timere
1310 3346 1495 3419 opprobrium
1518 3345 1669 3401 hominurn
1692 3348 1723 3400 et
1742 3345 1804 3401 bla-

130 3445 265 3518 snmptio‚
277 3443 333 3498 nisi
346 3439 542 3514 apostolorum
555 3453 729 3510 suorumque
749 3453 941 3494 successorum
990 3440 1133 3512 sphemias
1146 3456 1260 3506 eorum;
1282 3439 1355 3495 sicut
1377 3440 1455 3495 enim
1479 3438 1691 3508 vestimentum,
1706 3437 1746 3492 sic
1757 3454 1804 3493 co·

129 3538 266 3594 terminos
301 3532 470 3605 transgredi,
495 3547 653 3604 eorumque
684 3531 798 3586 decreta
824 3531 939 3586 violare.
991 3532 1088 3590 madet
1102 3549 1151 3589 eos
1163 3533 1279 3603 vermis,
1296 3537 1324 3588 et
1338 3533 1410 3589 sicut
1424 3533 1529 3601 lanam,
1546 3531 1585 3587 sic
1599 3531 1745 3588 devorabit
1760 3546 1806 3586 eos

129 3632 286 3705 Culpantur
299 3627 387 3695 enim,
404 3630 434 3681 ut
455 3625 591 3697 scriptum
612 3626 664 3694 est,
678 3624 789 3693 fratres,
809 3624 875 3696 quia
889 3623 941 3679 ali-
991 3627 1075 3682 tinea.
1093 3627 1173 3683 Salus
1185 3630 1283 3682 autem
1296 3641 1361 3682 mea
1373 3626 1403 3681 in
1419 3625 1626 3697 sempiternum
1640 3622 1704 3691 erit,
1719 3627 1750 3678 et
1757 3623 1805 3696 ju·

128 3731 173 3782 ter
187 3725 260 3779 cirea
274 3722 422 3795 episcopos
431 3718 560 3791 judicare
575 3722 753 3790 praesumunt
770 3733 858 3790 quam
872 3734 941 3789 apo·
991 3721 1069 3775 stitia
1080 3736 1144 3775 mea
1157 3721 1187 3775 in
1198 3719 1380 3791 generatione
1394 3723 1422 3774 et
1434 3718 1649 3790 generationem
1660 3718 1722 3787 (Iso.
1736 3733 1764 3787 n,
1777 3721 1805 3783 7,

127 3818 231 3875 stolicae
245 3815 321 3872 sedis
332 3830 415 3887 papae
427 3812 489 3868 fleri
502 3810 650 3884 placuerit.
665 3813 699 3867 Et
711 3813 775 3884 quis
789 3816 831 3866 est
843 3811 943 3881 quiju-
991 3818 1040 3884 2¹3
1055 3830 1091 3881 m,
1107 3818 1132 3881 l,
1147 3814 1184 3884 2).
1200 3834 1214 3862 »
1239 3811 1331 3867 llultis
1346 3811 1445 3867 mundi
1460 3812 1546 3884 hujus
1564 3809 1715 3879 illecebris,
1729 3809 1804 3864 mul-

129 3914 205 3969 dicat
217 3928 284 3967 eum
297 3925 385 3981 quem
398 3906 535 3963 Dominus
549 3905 602 3960 sibi
624 3909 654 3960 et
674 3905 741 3959 huic
763 3910 867 3959 saneta
882 3902 943 3958 sedi
991 3906 1027 3959 tis
1038 3904 1209 3960 vanitatibus
1222 3904 1412 3960 resistendum
1427 3908 1479 3971 est,
1490 3908 1523 3959 ut
1534 3918 1608 3958 verre
1620 3901 1767 3957 charitatis
1779 3904 1808 3956 et

128 4004 266 4064 reservari
280 4002 369 4058 voluit
382 3999 592 4072 judicandum?
606 3998 652 4052 sit
668 4013 793 4068 namque
807 3995 943 4051 Dominus
992 3996 1176 4054 continentie
1200 3996 1364 4054 obtineatur
1384 3996 1541 4069 integritas.
1560 3996 1701 4051 Dominus
1726 3994 1806 4050 enim

129 4117 182 4172 per
198 4097 366 4170 prophetam
390 4093 511 4147 isaiam:
528 4089 675 4145 «Domine
700 4090 773 4143 Deus
795 4087 944 4144 auxiliator
992 4091 1103 4146 nullum
1117 4091 1177 4146 vult
1198 4091 1302 4162 perire,
1318 4090 1367 4146 sed
1387 4107 1485 4147 omnes
1503 4090 1594 4145 salvos
1615 4087 1689 4144 fleri.
1705 4088 1807 4144 Certus

131 4207 223 4258 meus,
238 4188 303 4244 ideo
327 4202 386 4241 non
408 4200 471 4239 sum
491 4183 634 4249 contusus,
649 4182 714 4237 ideo
735 4182 818 4254 posui
840 4182 944 4238 taciem
993 4187 1089 4241 autem
1103 4201 1166 4240 sum
1177 4200 1226 4240 vos
1240 4184 1276 4239 ad
1291 4185 1351 4239 haee
1366 4183 1546 4239 emendanda
1560 4183 1604 4237 rel
1626 4177 1807 4237 defendenda

131 4299 227 4338 meam
242 4285 274 4336 ut
286 4284 396 4353 petram
409 4275 600 4344 durissimam,
614 4277 644 4331 et
657 4275 713 4330 scio
725 4275 790 4347 quin
803 4291 863 4330 non
875 4291 942 4330 eon·
993 4278 1110 4334 Domino
1122 4277 1277 4335 auxiliante
1290 4277 1438 4350 prolicere.
1455 4277 1523 4331 Data
1536 4291 1583 4332 xm
1599 4275 1660 4331 liat.
1673 4273 1805 4347 angusti,

131 4376 244 4448 fundar,
256 4375 339 4448 juxta
352 4375 394 4429 est
408 4371 456 4444 qui
467 4356 675 4442 justificat'me.
691 4369 760 4434 Quis
773 4369 945 4427 eenuadicit
992 4372 1148 4429 Commodo
1161 4377 1189 4429 et
1203 4372 1337 4429 Gratiano
1349 4372 1382 4427 lll
1395 4368 1567 4427 consulibus.

590 4663 708 4730 GUJUS
734 4661 864 4729 SUPRA
885 4659 1078 4729 EPISTOLA
1098 4660 1151 4726 AD
1173 4659 1343 4727 APHRDS.

762 4792 810 4856 De
825 4792 932 4855 causis
943 4790 1174 4875 superioribus.

165 4953 268 5008 Vrcron
291 4948 425 5007 Romanae
447 4944 577 5004 Ecclesiae
602 4946 679 5002 urbis
703 4944 1053 5031 archiepiscopus,Dnon
1067 4944 1236 5015 discrepare,
1252 4941 1301 4997 sed
1317 4934 1809 5008 concordesessc,quialicetpauci

21 5082 24 5087 ,
131 5046 269 5103 universis
276 5043 474 5118 episeopisper
481 5040 604 5098 Africam
613 5039 944 5096 constitutisinDomino
993 5038 1054 5095 sitis
1063 5038 1206 5094 malorum
1214 5032 1436 5106 comparatione,
1447 5031 1469 5086 si
1479 5035 1577 5086 tamen
1586 5026 1741 5085 concordes
1749 5027 1809 5083 lue·

130 5142 261 5197 salutmn.
994 5132 1064 5204 ritis,
1080 5132 1173 5201 facilc,
1188 5128 1342 5186 auxiliante
1354 5125 1485 5196 Domino,
1501 5127 1609 5180 vestros
1629 5120 1809 5177 insidiatores

167 5235 288 5306 Semper
301 5231 379 5288 enim
398 5232 429 5286 in
449 5234 557 5286 esterno
571 5227 686 5284 consilio
705 5226 756 5284 Dei
769 5228 876 5285 mansit
890 5228 942 5284 hu·
993 5225 1175 5299 superabitis.
1190 5223 1220 5280 Si
1232 5239 1299 5279 vero
1322 5219 1476 5287 discordas,
1490 5217 1568 5290 quad
1587 5215 1670 5284 absit,
1684 5212 1808 5282 fueritis,

130 5328 209 5386 mani
221 5325 336 5400 generis
347 5322 619 5381 incommutabiliter
630 5321 821 5394 praeordinata
830 5337 944 5394 repara·
993 5307 1809 5392 nonsuperabitis,sedsuperabimini.l‘erlatumestonim

131 5408 182 5492 tio,
198 5422 249 5479 sed
267 5420 338 5477 ordo
352 5435 450 5476 rerum
469 5434 522 5489 per
532 5416 683 5482 Dominum
702 5419 833 5473 nostrum
847 5417 944 5472 lesum
994 5416 1030 5471 ad
1042 5410 1330 5485 sedemapostolieam
1343 5408 1696 5479 aliquosvestrumnocere
1706 5400 1811 5456 iratres

131 5517 276 5572 Christum
306 5512 503 5586 temporaliter
534 5509 723 5584 gerendarum
761 5509 944 5583 dispositione
994 5509 1076 5577 velle,
1091 5510 1118 5564 et
1131 5504 1284 5569 uteadaut,
1299 5502 1453 5569 decertare,
1466 5496 1811 5556 similiterinsaeramen-

131 5611 210 5666 verbi
223 5609 310 5667 divini
328 5607 449 5681 sumpsit
464 5605 622 5663 exordium.
639 5600 816 5678 Quaprdpter
834 5608 947 5678 oportet
993 5602 1030 5658 tis
1041 5602 1213 5672 discrepare,
1224 5601 1253 5655 et
1268 5596 1305 5653 ob
1320 5595 1350 5651 id
1361 5591 1558 5650 contentiones
1570 5592 1599 5644 et
1614 5584 1812 5644 aemulationes

37 5738 42 5753 ·
133 5717 191 5772 vos,
201 5705 310 5774 fratres,
320 5702 471 5760 unanimes
481 5717 552 5769 esse,
563 5703 592 5758 et
604 5698 810 5756 adminiculum
822 5698 944 5755 vicissim
994 5693 1217 5762 interrasilem
1230 5708 1248 5748 a
1260 5689 1362 5763 quibus
1375 5684 1592 5744 dissensionibus
1606 5697 1654 5737 vos
1668 5682 1810 5747 avertere,

131 5795 207 5855 terre
223 5796 364 5856 :inrecta
376 5813 446 5872 ergo
464 5795 522 5853 lide
536 5801 564 5853 et
584 5795 615 5852 in
639 5794 819 5852 sacramentis
845 5792 946 5852 divmis
996 5789 1064 5847 etin
1076 5789 1121 5845 his
1129 5786 1262 5846 omnihus
1274 5782 1454 5852 concordare,
1464 5783 1494 5838 et
1503 5793 1588 5853 opem
1599 5775 1674 5837 terra
1685 5771 1811 5831 vicissim
