3870 6150
605 276 841 356 termnum
859 279 1054 354 territerio.

1616 292 1667 360 llo

103 404 241 459 ansatum
263 404 381 459 laudum
415 405 495 458 titulo
532 406 685 476 praelarus
708 408 807 461 auctor
818 416 845 490 Α
857 405 907 460 das
924 407 1061 460 versatim
1076 407 1179 461 utiliter
1198 409 1256 471 liat,
1280 414 1311 462 nt
1337 425 1401 462 cnm
1424 425 1507 464 mens
1523 411 1628 467 miuori
1643 419 1672 466 th

103 496 164 564 aus,
179 497 209 552 in
231 497 304 552 libro
321 498 356 552 de
380 496 484 554 officiis
505 499 610 569 primo,
631 500 749 570 hujusce
764 500 806 555 rei

103 590 129 646 ic
144 591 272 662 loquitur
288 610 294 645 :
311 592 359 645 Est
372 591 459 645 etiarn
479 598 577 647 contra
590 594 715 647 officium
732 611 804 648 nor.-

103 700 141 740 rm
164 685 337 755 promissum
369 690 578 740 sacramentum
599 687 751 751 custodire,
774 691 807 741 ut

103 794 133 847 s,
161 778 210 849 qni
232 778 338 847 jurarit
362 779 499 850 quoniam
523 779 662 850 quidquid
684 781 806 850 petitura

103 872 171 925 laret
185 870 251 925 llliae
265 871 433 927 herodiadis
446 877 475 927 et
487 889 584 927 necem
600 874 717 927 loannis
731 890 804 945 prar-

103 980 120 1018 e
133 964 304 1036 promissum
312 965 469 1036 denegaret
481 965 577 1035 (More.
591 983 629 1034 vr,
643 970 677 1022 22
691 971 716 1020 el
727 967 805 1037 seq).

103 1074 113 1111 e
130 1058 231 1128 lephte
246 1058 314 1128 quid
330 1058 450 1113 dicam?
465 1058 518 1123 Qui
535 1059 693 1114 immolavit
707 1060 805 1126 tiliam,

103 1150 129 1205 bi
157 1150 255 1205 victori
280 1151 406 1222 primum
432 1159 604 1216 occurrerat,
630 1170 686 1223 quo
709 1158 805 1208 retum

103 1247 123 1298 rt
136 1244 213 1316 quod
225 1245 421 1316 spoponderat
431 1250 463 1299 ut
472 1246 610 1317 quidquid
620 1246 671 1300 sibi
683 1246 805 1318 primum

103 1341 178 1405 sset,
205 1337 320 1392 ollerret
343 1339 401 1392 Deo
434 1340 530 1399 (Judic.
556 1357 592 1406 ιι,
622 1342 656 1394 3-1
678 1345 703 1395 et
727 1340 804 1410 serp).

103 1430 194 1485 luerat
216 1431 286 1484 nihil
313 1431 369 1485 lale
387 1432 564 1501 promittere,
581 1449 667 1504 quam
682 1433 805 1504 promis·

103 1525 176 1577 lvere
187 1523 349 1594 parricidio.
364 1525 432 1578 ltem
443 1524 472 1578 in
481 1524 554 1579 libro
565 1526 649 1580 tertio
660 1543 666 1579 :
680 1527 805 1580 Primum

103 1633 211 1671 rcerum
222 1621 333 1688 oportet
346 1634 406 1672 esse
419 1617 560 1683 allectum,
572 1620 600 1672 et
610 1620 805 1690 unusquisqne

103 1726 148 1765 em
163 1727 327 1765 sermonem
342 1711 476 1781 proferat,
493 1728 540 1765 vas
561 1713 686 1766 suumin
702 1713 804 1767 sancti-

857 501 982 555 maximo
996 507 1112 571 peceato
1122 502 1337 573 constringitur,
1350 503 1372 556 si
1383 503 1500 557 omnino
1512 505 1605 559 nullus
1615 507 1674 560 sine

856 596 972 664 peceato
987 592 1080 648 aditus
1101 594 1237 649 evadendi
1254 599 1340 664 patet,
1357 596 1469 650 minora
1492 612 1604 669 semper
1622 599 1671 653 eli·

857 691 970 756 gantur,
991 687 1058 759 quia
1083 691 1112 740 et
1134 687 1182 758 qui
1204 704 1352 742 murorum
1376 689 1486 744 ambitu
1512 708 1546 745 ne
1569 690 1670 760 fugiat,

857 779 1005 847 clauditur,
1022 779 1062 833 ibi
1083 797 1112 833 se
1135 780 1163 833 in
1186 781 1284 850 fugam
1306 781 1474 852 praecipitat,
1492 783 1539 837 nbi
1560 784 1674 840 brevior

857 888 956 926 murus
968 871 1122 927 invenitur.
1136 873 1229 927 Nostri
1243 889 1357 945 quoque
1370 875 1464 928 saculi
1479 876 1585 943 doctor,
1594 893 1673 948 egre·

858 965 921 1035 gius
940 965 1068 1021 Ecclesia,
1084 966 1230 1021 catholicae
1250 966 1432 1020 novissimum
1454 967 1547 1038 decus,
1564 987 1670 1041 praece-

857 1058 988 1113 dentibus
1005 1063 1088 1113 natale
1113 1064 1284 1131 postremus,
1306 1059 1442 1114 doctrinar
1458 1064 1671 1132 comparatione

856 1152 1673 1224 nonintimus,atque,etqnodmajusestjamsarcnlomm

856 1245 1004 1299 finitorum
1019 1245 1209 1304 doctissimus.
1224 1262 1289 1300 cnm
1304 1246 1464 1301 reverentia
1480 1248 1673 1303 nominandus

858 1337 978 1392 lsidorus
992 1337 1021 1392 in
1035 1338 1107 1392 libro
1123 1338 1342 1407 sententiarum,
1352 1340 1474 1394 secundo
1484 1341 1546 1395 haec
1558 1358 1610 1412 pro
1623 1343 1674 1397 tali

857 1437 954 1485 narrat
963 1431 1077 1499 negotio
1090 1448 1096 1484 :
1107 1432 1169 1486 Non
1179 1435 1223 1485 est
1232 1433 1455 1487 coraservandum
1466 1441 1673 1489 sacramentum

856 1523 932 1595 qnod
946 1523 1019 1578 male
1036 1530 1064 1578 et
1076 1525 1188 1578 incaute
1203 1524 1390 1595 promittitur,
1405 1527 1482 1581 relut
1496 1527 1519 1581 si
1533 1527 1673 1599 quispiam

856 1616 992 1671 adulterae
1001 1623 1171 1689 perpetuam
1180 1635 1246 1672 cum
1255 1620 1482 1688 eapermanendi
1495 1620 1580 1675 fidem
1589 1623 1672 1693 polli-

856 1717 964 1764 ceatur.
975 1711 1161 1765 Tolerabilius
1173 1717 1215 1766 est
1224 1711 1301 1764 enim
1312 1728 1370 1765 non
1382 1713 1499 1783 implere
1510 1730 1672 1770 sacramen-

103 1804 216 1869 ssideat,
232 1821 282 1858 nec
296 1805 411 1859 fratrem
429 1805 689 1877 circumscriptione
705 1807 803 1860 verbo·
815 1789 844 1860 Β
856 1808 917 1857 tum
931 1820 1018 1874 quam
1032 1804 1244 1874 permanerem
1262 1805 1351 1875 stupri
1363 1804 1480 1874 llagilio.
1493 1806 1629 1861 Similiter
1644 1809 1672 1862 in

103 1896 195 1964 ducat,
211 1897 281 1952 nihil
298 1899 444 1968 promittat
456 1899 653 1967 inhonestum,
664 1917 695 1953 ae
708 1899 729 1953 si
744 1916 807 1971 pre·
857 1896 1673 1972 Synouymis:lnmalispromissisrescindefideminlurpi

111 2032 120 2059 ,
152 1991 329 2045 tolerabilius
352 1997 393 2046 est
416 1993 588 2063 promissum
616 2010 672 2047 non
704 1993 805 2061 iacere,
856 1989 1675 2065 rotomutadecretnm,quodincanterovisti,impiaest

103 2100 186 2139 acere
200 2086 274 2155 quod
286 2090 370 2157 turpe
384 2085 429 2139 sit.
441 2086 520 2157 Srepe
530 2087 659 2157 plerique
670 2087 808 2142 constrin-
857 2081 1078 2155 promissioque
1087 2082 1193 2136 scelere
1201 2082 1496 2153 adimpleturilaecde
1504 2086 1674 2159 sacrispagi-

103 2204 104 2223 2
125 2177 290 2248 jusjurandi
305 2183 493 2246 sacramento,
507 2183 536 2232 et
549 2196 613 2233 cnm
631 2179 685 2250 ipsi
700 2196 805 2252 cogno·
856 2175 901 2230 nis
911 2175 1130 2247 auctoribusque
1140 2176 1464 2247 praecipuisltrerissime
1476 2178 1674 2251 sullieiatprae-

103 2271 329 2344 promittendum
344 2289 400 2326 non
414 2272 511 2341 luisse,
526 2273 698 2328 sacramenti
711 2277 807 2328 tamen
858 2269 1049 2324 libasse.Nnm
1064 2269 1187 2340 plurima
1198 2269 1331 2341 colligere
1341 2270 1443 2340 poterit
1453 2271 1502 2342 qni
1512 2273 1572 2326 baro
1584 2281 1673 2328 atten-
1715 2336 1724 2354 ο

103 2363 233 2436 piatione
245 2366 354 2420 faciunt
368 2366 443 2437 quod
457 2366 672 2438 spoponderint,
689 2366 761 2421 sieut
773 2368 808 2421 de
857 2364 913 2416 tius
928 2363 1047 2434 legendo
1062 2362 1215 2433 quesierit.
1225 2363 1365 2417 Caeterum
1381 2362 1484 2435 quibus
1495 2365 1556 2420 haec
1570 2383 1674 2438 neqrra·

103 2500 104 2507 ,
130 2459 399 2530 suprascripsimus,
426 2459 474 2531 qui
498 2460 632 2514 saltatrici
655 2461 807 2531 praemium
859 2454 1673 2527 quamsut'ficiunt,velhoecsumantcumruberesilentinm

103 2568 113 2607 r
133 2552 277 2624 promisit,
293 2553 447 2607 crudeliter
468 2554 558 2623 solvit,
574 2560 657 2624 turpe
678 2554 807 2625 estquod
858 2549 906 2620 qui
917 2553 997 2620 optat
1006 2549 1058 2602 Vas
1068 2547 1215 2602 electionis
1231 2549 1386 2604 anathema
1402 2567 1462 2605 esse
1472 2568 1489 2604 a
1501 2552 1612 2606 Christo
1623 2570 1673 2624 pro

103 2663 113 2700 ι
138 2663 191 2717 pro
217 2646 366 2701 saltatione
388 2647 576 2718 promittitur,
597 2649 710 2703 emdale
732 2649 808 2719 qnod
858 2642 995 2697 fratribus
1005 2643 1062 2700 suis
1075 2658 1162 2714 quam
1175 2643 1331 2714 perdurare
1342 2643 1542 2698 crudelibusin
1554 2646 1672 2702 delictis.

104 2756 156 2812 pro
191 2741 316 2813 professa
332 2741 518 2811 jurisjurandi
545 2741 683 2813 religione
715 2741 807 2797 datur.
896 2735 1040 2791 lll.Tertio
1051 2736 1278 2791 ratiocinationis
1289 2737 1675 2808 ulloquiodoluimuseootra

103 2860 105 2880 t
125 2833 301 2888 tolerabilius
324 2836 379 2888 tale
411 2834 509 2889 suisset
533 2835 691 2906 perjurium
715 2852 807 2891 sacm-
859 2830 956 2901 priora
970 2829 1079 2884 monita
1092 2832 1207 2885 Patl'um
1219 2830 1672 2904 tota,perniciosissimapostcro·

103 2928 156 2984 lEt
169 2944 260 2998 pauca
282 2928 316 2981 de
342 2929 443 2999 teplrte
462 2928 608 2999 disputans
623 2945 630 2982 ε
646 2929 809 2983 Miserabilis
859 2940 934 2991 rum,
950 2939 1016 2978 nam
1029 2927 1138 2995 quanto
1153 2923 1333 2994 frequentius
1348 2923 1387 2977 illi
1403 2924 1490 2979 noxia
1511 2929 1673 2995 vetuerunt,

103 3026 144 3076 tas
158 3038 223 3092 quae
234 3021 352 3076 solvitur
365 3022 525 3092 parricidio.
541 3021 637 3076 Melius
651 3028 693 3076 est
707 3026 806 3078 votum
859 3021 937 3071 tanto
949 3016 1099 3072 studiosius
1113 3016 1158 3070 isti
1171 3021 1335 3088 perpetrare
1348 3018 1433 3072 vetita
1444 3035 1501 3072 nou
1514 3019 1673 3090 quieseunt.

103 3115 176 3170 lvere
190 3132 276 3186 quam
302 3115 341 3183 id,
358 3115 435 3186 quod
450 3115 502 3170 sibi
526 3115 549 3169 is
565 3116 611 3170 cui
633 3116 810 3186 promittitur
860 3109 961 3181 Sicque
974 3126 1026 3181 per
1040 3109 1214 3165 centrarium
1228 3110 1303 3182 quod
1318 3110 1429 3182 penitus
1443 3112 1609 3168 occumbere
1625 3115 1675 3170 de·

103 3208 282 3279 olrtEtpost
293 3209 455 3280 paululum:
465 3159 846 3282 Nonsemperigilurpr0-C
859 3203 930 3271 buit,
946 3203 1080 3259 insultare
1095 3221 1152 3257 non
1169 3203 1283 3272 desinit,
1294 3211 1322 3260 et
1336 3223 1383 3259 res
1395 3223 1459 3278 quie
1473 3209 1514 3261 tot
1528 3208 1617 3263 excisa
1630 3210 1677 3263 de·

103 3302 421 3357 elrendaomniasunt.
437 3302 810 3374 Deniqneipsellens,sicut
860 3297 944 3352 cretis
962 3314 1088 3353 arescere
1113 3297 1364 3368 potnit,advicem
1380 3301 1488 3354 Lernaei
1516 3302 1614 3372 capitis
1637 3304 1676 3373 lut

103 3395 530 3467 raindicat,lrcquentermutot
540 3397 808 3452 suamsententiam.
859 3391 956 3446 lerunt
968 3391 1080 3461 fabulae)
1095 3395 1224 3445 truncata
1238 3391 1359 3447 virescit.
1374 3392 1503 3464 Denique
1519 3394 1595 3465 quod
1618 3413 1674 3450 non

103 3507 204 3562 proque
219 3489 413 3544 sanctissimus
423 3490 810 3562 Augustinus,vcstigotionis

103 3600 128 3639 re
150 3589 259 3653 cautus,
282 3583 444 3639 inveniendi
464 3589 524 3638 arte
543 3583 711 3655 praecipuus,
733 3602 809 3639 asse-

103 3677 182 3749 eopia
203 3677 346 3749 profluus,
371 3678 542 3749 eloquentiae
570 3679 640 3732 llere
665 3681 809 3743 venustus,

105 3772 141 3827 iae
156 3773 250 3825 fructu
265 3772 416 3839 fecundus,
432 3773 494 3826 haec
508 3773 538 3826 in
559 3773 616 3826 suis
633 3777 727 3827 narrat
743 3774 809 3827 ailla-

126 3865 188 3919 Duo
214 3871 280 3919 sunt
307 3865 425 3920 omnino
455 3883 560 3937 genera
584 3866 809 3934 mendaciorum,

103 3975 148 4014 >us
170 3976 227 4014 non
252 3977 359 4031 magna
380 3960 461 4031 culpa
489 3965 541 4027 est,
565 3960 614 4015 sed
635 3965 732 4015 lamen
754 3977 811 4015 uon

103 4054 217 4124 eculpa
239 4069 303 4107 cum
324 4058 371 4107 aut
391 4054 539 4124 jocamur„
564 4057 612 4107 aut
626 4053 812 4126 promisimus

103 4163 166 4216 rur3
187 4147 254 4201 illud
273 4147 400 4219 primum
421 4147 450 4201 in
468 4148 592 4218 jocando
614 4165 671 4201 non
687 4152 729 4202 est
747 4165 811 4219 per·

103 4240 228 4309 ssimum,
242 4241 310 4311 quia
328 4257 386 4294 non
412 4240 493 4309 fallit,
510 4242 588 4295 norit
602 4241 679 4295 enim
701 4241 748 4295 ille
768 4241 813 4295 cui

860 3485 920 3539 sine
933 3500 1039 3556 magno
1053 3485 1149 3538 dolore
1160 3484 1312 3538 dicendum
1324 3490 1377 3551 est,
1385 3485 1567 3556 reperiuntur
1579 3505 1676 3560 quam·

861 3578 977 3650 plurimi
993 3578 1109 3650 negotio
1125 3578 1251 3633 muneris
1264 3578 1385 3650 perituri
1398 3580 1518 3634 mercari
1532 3581 1601 3636 velle
1615 3599 1676 3654 gra·

860 3673 929 3726 tiam
941 3671 1061 3744 Spiritus
1070 3672 1169 3740 sancti,
1178 3672 1299 3726 dumille
1308 3674 1460 3743 praemium
1469 3674 1677 3748 donatutpon·

861 3766 972 3820 tihealis
984 3766 1091 3820 ordinis
1105 3765 1148 3819 sui
1172 3766 1293 3820 sublime
1307 3765 1420 3821 eulmen
1435 3768 1555 3838 accipiat
1571 3769 1676 3825 oblitus

861 3859 1010 3914 verborum
1021 3857 1096 3913 Petri
1109 3859 1157 3929 qui
1167 3857 1236 3913 dixit
1246 3858 1281 3912 ed
1294 3859 1456 3914 Simonem:
1470 3879 1483 3910 «
1495 3861 1617 3917 Pecunia
1627 3867 1677 3919 tua

861 3955 956 4007 tecum
967 3951 1256 4023 sitadperditionem,
1264 3952 1400 4024 quoniam
1409 3953 1571 4009 donumltei
1583 3957 1678 4012 existi·

864 4047 945 4102 masti
955 4062 1008 4118 per
1018 4046 1167 4118 pecuniam
1173 4045 1315 4117 possidere
1324 4047 1395 4118 (Act.
1407 4063 1465 4114 rm,
1475 4050 1548 4117 tot«
1559 4050 1677 4106 Proinde

863 4142 930 4212 qnia
940 4145 968 4195 et
978 4140 1113 4194 usitatum
1125 4144 1167 4194 est
1180 4144 1274 4194 tamen
1287 4141 1404 4210 malum,
1417 4147 1446 4196 ct
1461 4141 1604 4214 majorum
1619 4145 1676 4199 fre·

863 4237 1101 4307 quenterconstat
1111 4251 1247 4289 mucrene
1260 4235 1411 4303 succisum,
1423 4253 1475 4290 nos
1486 4253 1599 4310 quoque
1612 4238 1679 4294 huic

118 4335 177 4407 joci
201 4351 285 4389 causa
310 4351 369 4389 esse
397 4335 514 4400 dictum,
538 4335 694 4389 secundum
717 4338 813 4389 autem
863 4328 974 4383 vulneri
988 4345 1140 4383 canceroso
1154 4327 1278 4400 ignitum
1287 4326 1502 4401 quodsuperest
1511 4332 1604 4388 adhuc
1616 4332 1680 4404 inji-

105 4433 158 4495 εει,
180 4427 243 4482 ideo
258 4427 323 4499 quia
339 4429 622 4483 retinetnonnullam
643 4428 812 4483 benevolen-
863 4421 953 4476 cimus
975 4421 1093 4489 terrum,
1109 4422 1293 4478 decernentes
1317 4422 1443 4490 omniuo,
1465 4425 1679 4500 etquicunque

103 4519 172 4576 dem
187 4522 264 4594 ipse:
280 4523 340 4576 Non
354 4523 465 4577 auferat
477 4523 586 4594 (inquit)
598 4522 698 4577 veritas
708 4521 854 4601 miseri-D
866 4513 998 4586 deinceps
1005 4519 1123 4586 prepter
1132 4515 1326 4587 accipiendam
1338 4518 1487 4572 sacerdotii
1496 4517 1677 4592 dignitatem,

103 4632 190 4683 n,nec
198 4616 387 4671 misericordia
398 4616 534 4688 impediat
544 4616 728 4683 veritatem‚si
737 4617 814 4672 enim

103 4708 815 4781 itate‚autquasirigidaveritateoblitusluerismi-

103 4802 192 4871 dmm,
201 4820 259 4857 non
269 4804 429 4858 ambulabis
441 4804 470 4858 in
480 4804 754 4876 riallomini,inqua
764 4804 816 4859 mi·

103 4896 153 4952 *dia
162 4901 190 4951 et
200 4898 302 4951 veritas
310 4898 492 4953 obviaremnt
503 4898 557 4953 sibi
568 4899 651 4967 (Psel.
662 4915 752 4967 xxxix,
761 4899 814 4969 12).

112 4991 214 5047 Beatus
228 4992 314 5045 etiam
331 5008 404 5063 papa
417 4992 578 5063 Gregorius,
591 4992 696 5046 etrite
707 4991 816 5046 meritis

103 5084 194 5152 indus,
219 5090 302 5155 atque
328 5085 355 5138 in
381 5085 481 5139 ethicis
515 5085 719 5139 assertionibus
744 5100 816 5156 pene

103 5195 109 5231 t
123 5177 225 5233 merito
234 5178 441 5250 praeferendus,
454 5179 492 5231 sic
503 5178 531 5232 in
542 5179 620 5232 libris
632 5179 716 5232 insert
725 5193 817 5233 morn-

111 5271 183 5336 Quia
197 5288 266 5338 ergo
279 5272 416 5326 Beemoth
432 5273 484 5327 isle
499 5278 556 5326 tam
572 5272 817 5343 inexplicabilibus

106 5365 222 5438 ligatur,
231 5369 262 5419 nt
272 5365 440 5437 plerumque
453 5383 533 5420 niens
546 5367 573 5420 in
589 5366 674 5421 dubio
686 5365 816 5431 adducta,

103 5474 123 5513 e
135 5474 152 5512 a
166 5459 250 5529 cnlpa
269 5460 376 5513 solvere
400 5459 509 5526 nititur,
527 5459 592 5513 inde
607 5461 690 5530 culpa
714 5459 818 5514 arctius

103 5551 184 5616 ratur,
201 5551 278 5603 recte
298 5548 421 5602 dicitur:
444 5549 525 5601 Nerei
541 5549 734 5602 testiculorum
757 5548 818 5618 ejus

103 5641 129 5697 xi
148 5644 225 5708 sunt,
237 5648 405 5712 argumenta
428 5659 550 5712 narisque
573 5642 819 5695 machinationum

103 5750 158 5808 quo
170 5735 262 5806 magis
276 5736 439 5790 relaxantur
453 5741 482 5790 ut
494 5737 665 5808 relinquant,
679 5752 713 5790 ee
726 5735 819 5807 magis

103 5834 188 5885 ennii·
199 5834 232 5885 nt
242 5835 366 5885 teneant.
376 5831 422 5884 Est
434 5836 527 5884 tamen
540 5830 614 5903 quod
629 5832 662 5887 ad
675 5830 819 5887 destruen-

865 4608 1013 4682 quodlibet
1026 4608 1178 4680 praemium
1193 4608 1279 4663 luerit
1292 4609 1419 4664 detectus
1433 4610 1577 4683 obtulisse,
1587 4631 1621 4670 ex
1635 4634 1682 4672 eo·

866 4705 929 4759 dem
941 4708 1070 4773 tempore
1081 4718 1110 4755 se
1124 4701 1247 4770 noverit,
1255 4703 1443 4757 anathematis
1453 4706 1606 4777 opprobrio
1616 4727 1681 4767 con·

866 4797 1031 4853 demnatum
1046 4799 1132 4868 atque
1154 4795 1372 4867 participatione
1394 4797 1497 4853 Christi
1514 4805 1639 4874 corporis
1653 4811 1681 4861 ct

866 4888 1013 4962 sanguinis
1026 4890 1165 4959 alienum,
1178 4906 1213 4944 ex
1227 4906 1283 4960 quo
1299 4889 1380 4944 illum
1389 4897 1496 4947 constat
1511 4899 1681 4957 exsecrabile

866 4984 971 5041 Christi
979 4988 1159 5055 perpetrasse
1172 4983 1321 5055 flagitium.
1331 4984 1412 5052 Quod
1425 4986 1448 5040 si
1458 4988 1558 5060 aliquis
1565 4994 1680 5048 exstite-

866 5081 913 5148 rit,
923 5078 973 5150 qui
982 5082 1106 5145 accuset,
1116 5078 1164 5131 ille
1173 5077 1222 5149 qui
1232 5077 1307 5132 hunc
1319 5078 1447 5134 ordinem
1460 5098 1613 5140 munerum
1623 5088 1680 5141 lue·

867 5171 1681 5252 ratvacceptionelucratus,etsusceptohonorisgradupri·

867 5265 1028 5334 vetur,'etin
1036 5265 1209 5320 monasterio
1221 5264 1272 5319 snb
1280 5265 1682 5342 perennilimnitentiarelige·

866 5366 924 5427 tur,
934 5360 973 5414 illi
983 5375 1048 5414 vero
1058 5359 1105 5430 qui
1116 5359 1168 5414 hac
1179 5376 1261 5413 causa
1272 5376 1424 5415 munerum
1435 5367 1626 5433 acceptatores
1637 5386 1681 5424 ex-

868 5453 1001 5520 stiterint,
1009 5453 1031 5507 si
1044 5452 1136 5506 cleriei
1144 5451 1250 5506 luerint
1261 5453 1377 5507 honoris
1386 5453 1680 5518 amissionemulcten·

868 5545 1679 5617 turSiremlaiei,analliemateperpetuocondemnentur.

907 5641 947 5694 lv.
958 5640 1071 5704 Quartoe
1082 5639 1313 5710 congregationi-t
1327 5643 1429 5693 eventu
1443 5639 1541 5696 obrius
1556 5661 1616 5702 sese
1628 5667 1678 5706 no·

868 5733 912 5788 bis
925 5733 1020 5788 intulit
1033 5733 1202 5805 pontificalis
1216 5730 1348 5786 culminis
1359 5733 1699 5807 lapsusquon‘xamum

870 5826 940 5887 llere
958 5843 1046 5905 quam
1066 5827 1224 5905 disponere
1236 5825 1386 5899 compulsi
1400 5843 1442 5882 ex
1462 5826 1575 5887 ordine
1593 5848 1732 5906 summ
