3870 6150
653 265 890 322 DECRETALthl
909 266 1101 321 hirchhelle.
1659 267 1710 322 134

96 369 191 438 ieatio,
211 370 255 425 rel
277 370 435 441 damnatio,
459 388 510 427 nec
536 375 595 427 rata
617 372 681 441 crit,
698 390 748 429 nec
770 373 1070 460 viresAregnlariter.
1087 372 1116 427 Si
1127 372 1203 427 enim
1212 387 1246 427 eo
1254 373 1376 444 vivente,
1388 373 1468 429 alteri
1478 373 1616 444 nupserit,
1628 374 1707 429 adul·

105 463 236 532 babebit,
257 466 395 536 qnoniam
416 466 511 521 nullus
528 466 646 521 alterius
663 467 768 538 judicis
788 466 841 522 nisi
892 473 951 523 tera
960 466 1147 539 judicabitur.
1162 466 1298 522 Similiter
1313 471 1341 522 ct
1353 466 1410 535 illc,
1428 467 1452 522 si
1468 467 1587 523 alteram
1608 471 1708 538 sponte

97 559 227 614 ententia
249 559 402 628 tenebitur,
425 565 474 615 aut
496 560 688 630 damnabitur,
714 562 792 616 uude
814 566 843 617 ct
893 561 1016 630 duxerit,
1030 560 1141 616 adulter
1153 560 1339 616 aestimabitur
1351 566 1379 616 et
1397 560 1599 615 communione
1618 561 1710 633 priva·

97 651 161 706 iners
199 653 335 724 loquitur,
370 653 467 708 dicens
501 671 507 707 :
543 674 556 705 u
584 656 624 708 h'o
656 655 842 726 transgredia·
892 655 977 710 bitur.
1002 654 1030 711 Si
1053 658 1149 709 autem
1169 657 1333 726 persecutus
1352 654 1482 709 fueritin
1509 654 1640 724 Ecclesia,
1666 657 1710 710 fu·

97 745 226 802 ermines
250 747 381 818 antiquos
407 764 478 819 quos
502 751 663 819 posuerunt
683 751 778 821 patres
801 749 842 805 tui
893 748 1085 820 giendumilli
1105 748 1199 802 estad
1219 750 1337 803 alteram
1357 748 1439 819 eique
1460 747 1650 816 associandus,
1671 748 1711 804 di·

97 859 110 893 r.
133 856 203 908 1111,
219 841 274 911 28).
291 864 305 889 a
328 842 536 897 h'ullusautem
554 843 719 914 primaevel
741 846 843 898 metro
893 842 1105 898 cerrtellomino
1122 841 1173 896 :Si
1201 841 1343 913 persecuti
1363 858 1411 895 ros
1425 841 1532 896 fuerint
1551 843 1581 897 in
1600 858 1657 897 nna
1673 842 1711 896 ei·

97 948 166 989 snus
192 934 344 989 diecesani
365 935 517 991 Ecclesiam
543 936 585 992 vel
609 936 768 1008 parochiam
794 941 843 992 aut
893 937 988 1006 ritate,
1015 936 1105 1008 fugite
1131 935 1160 990 in
1184 935 1280 990 aliam.
1304 935 1332 990 Si
1355 939 1451 990 autem
1476 935 1603 991 utilitatis
1624 951 1709 992 causa

98 1027 194 1082 emde
205 1028 266 1099 ejus
277 1029 409 1100 parochia
422 1034 576 1102 praesumat
585 1031 841 1098 excommunicare,
892 1029 978 1084 fuerit
986 1030 1141 1085 mutandus
1155 1045 1214 1084 non
1228 1044 1321 1100 perse
1335 1028 1388 1082 hoe
1411 1029 1487 1098 agat,
1507 1026 1556 1082 sed
1573 1028 1710 1083 fratribus

97 1120 227 1189 udicare,
242 1122 286 1176 vel
302 1122 408 1194 aliquid
423 1140 510 1194 agere
524 1123 630 1196 absque
652 1124 712 1196 ejus
727 1123 842 1180 consilio
893 1123 1076 1178 invitantibus
1090 1129 1119 1178 et
1131 1122 1299 1178 auctoritate
1313 1121 1399 1193 hujus
1409 1125 1514 1176 sanctae
1531 1121 1603 1176 sedis
1615 1120 1709 1191 faeiat,

97 1212 189 1269 adicio
201 1231 208 1281 ;
231 1215 280 1271 sed
300 1215 353 1271 hoc
374 1216 514 1287 observet,
528 1217 604 1289 quod
616 1218 651 1272 ab
664 1217 799 1290 apostolis
811 1235 842 1272 ac
893 1233 949 1271 uon
962 1216 1084 1271 ambitus
1097 1233 1189 1285 eausa,
1207 1214 1258 1270 sed
1272 1214 1411 1270 utilitatis.

97 1306 151 1363 bns
168 1311 198 1363 et
213 1309 468 1381 predecessoribus
483 1311 589 1366 nostris
607 1316 649 1366 est
663 1314 801 1367 statutum
814 1315 843 1366 et
928 1309 1149 1380 conjunctiones
1163 1312 1261 1364 autem
1275 1307 1552 1379 consanguineorum
1565 1307 1628 1363 lieri
1640 1325 1709 1380 pro-

97 1395 135 1453 sis
149 1399 363 1470 confirmatum,
383 1399 411 1454 id
431 1404 473 1454 est
495 1399 517 1453 si
532 1400 596 1472 quis
610 1401 843 1472 metropolitanus
893 1403 999 1475 hibete,
1014 1403 1129 1476 qnando
1139 1403 1191 1458 has
1205 1407 1233 1457 et
1247 1402 1350 1457 divium
1360 1407 1388 1457 ot
1398 1401 1492 1457 sacculi
1506 1402 1662 1473 prohibent
1674 1403 1712 1458 lc-

98 1506 181 1565 opus,
194 1493 248 1547 nisi
265 1493 343 1564 quod
356 1492 392 1547 ad
405 1510 486 1548 suam
507 1493 685 1548 solummodo
698 1494 843 1566 propriam
894 1514 951 1568 ges.
966 1497 1054 1569 Leges
1067 1513 1136 1569 ergo
1150 1496 1253 1552 divinoe
1272 1497 1334 1550 hrec
1353 1500 1481 1567 agentes,
1500 1500 1529 1550 et
1549 1512 1598 1552 eos
1612 1497 1710 1568 quiex

97 1590 145 1641 net
165 1587 334 1657 parochiam
359 1586 418 1642 sine
437 1587 552 1642 consilio
571 1604 603 1642 ac
617 1589 762 1643 voluntate
784 1606 843 1643 om·
894 1591 945 1659 eis,
957 1591 1111 1662 prodeunt,
1125 1607 1183 1646 non
1196 1589 1427 1661 solumejiciunt,
1442 1589 1493 1644 sed
1506 1593 1534 1644 at
1547 1589 1710 1646 maledictos

98 1702 102 1733 ι
116 1680 405 1750 comprovincialium
422 1681 623 1753 episcoporum
643 1687 722 1737 extra
734 1681 843 1754 aliquid
894 1684 1048 1756 appellant.
1063 1684 1150 1756 Leges
1166 1700 1235 1755 ergo
1250 1683 1345 1738 saeculi
1370 1683 1492 1738 infames
1510 1683 1579 1739 tales
1595 1686 1708 1753 vocant,

98 1772 288 1841 stentarerit,
302 1773 408 1844 gradus
430 1774 474 1829 sui
493 1774 618 1846 periculo
630 1775 798 1846 subjacebit,
814 1780 843 1830 et
853 1759 881 1832 B
893 1783 921 1833 et
933 1779 967 1833 ab
988 1777 1151 1834 haereditate
1172 1777 1323 1849 repellunt.
1346 1777 1400 1831 Nos
1413 1793 1478 1832 vere
1499 1780 1649 1848 sequentes
1661 1792 1712 1848 pa·

106 1867 216 1939 egerit,
232 1867 344 1922 irritum
357 1867 497 1924 habeatnr
509 1874 537 1924 et
548 1885 680 1925 vaenum.
695 1869 749 1925 Sed
762 1869 843 1941 quid·
893 1875 950 1926 tres
963 1874 1085 1940 nostros,
1099 1874 1239 1927 eteorum
1252 1869 1375 1941 vestigiis
1391 1869 1573 1937 inhorrentes,
1590 1869 1709 1925 infamia

102 1958 141 2016 de
153 1960 372 2033 provincialium
382 1951 615 2034 coepiscoporum
625 1963 716 2019 causis
729 1979 843 2019 eornm·
893 1982 939 2021 eos
951 1968 1093 2032 notamus,
1116 1969 1144 2020 et
1164 1964 1283 2019 infames
1295 1979 1355 2018 esse
1376 1979 1533 2030 censemus,
1555 1962 1621 2034 quia
1638 1963 1708 2017 infa-

98 2053 276 2110 eoclesinrum
300 2059 329 2111 et
351 2056 529 2127 elericorum,
553 2061 638 2129 atque
662 2058 842 2113 secularium
892 2060 959 2115 miae
971 2060 1090 2115 maculis
1105 2064 1170 2114 sunt
1183 2056 1301 2130 aspersi.
1318 2057 1375 2112 Nee
1386 2073 1433 2111 eos
1447 2056 1521 2111 viros
1535 2056 1579 2111 vel
1595 2072 1707 2111 accusa-

98 2146 240 2204 ssitatibns
253 2165 350 2221 agere,
366 2155 415 2205 ant
433 2150 595 2222 disponere,
611 2167 724 2208 necesse
739 2152 840 2221 fuerit,
892 2158 966 2209 tores
979 2169 1050 2226 quos
1062 2152 1142 2225 leges
1154 2151 1251 2206 saeculi
1261 2149 1395 2221 rejiciunt
1406 2149 1547 2221 suscipere
1562 2149 1706 2205 debemus.

99 2256 170 2297 cum
193 2242 326 2297 omnium
345 2259 483 2299 consensu
504 2245 720 2316 provincialium
741 2250 842 2317 agatur
892 2248 959 2313 Quis
977 2247 1055 2303 enim
1069 2246 1178 2301 dubitat
1200 2246 1278 2316 leges
1297 2244 1436 2298 humanas
1455 2243 1557 2298 rationi
1571 2248 1599 2298 et
1624 2243 1710 2300 hone-

98 2332 203 2406 fflcnm,
211 2352 264 2391 nee
275 2338 370 2409 aliquo
380 2338 582 2394 dominationis
591 2339 674 2408 fastu,
687 2340 843 2396 sedhumil·
892 2341 958 2397 stati
966 2356 1025 2396 nen
1034 2342 1230 2412 repugnantes
1242 2353 1302 2394 esse
1312 2336 1541 2410 amplectendas?
1551 2336 1710 2409 praesertim

98 2430 273 2485 etconcordi
289 2432 542 2502 administratione,
554 2433 626 2488 sicut
637 2433 773 2490 Dominus
782 2434 840 2489 ait:
893 2435 941 2490 nbi
954 2434 997 2490 rel
1010 2433 1129 2506 publice
1142 2432 1292 2488 consulunt
1314 2430 1439 2499 utilitati,
1459 2429 1502 2486 vel
1518 2429 1710 2486 ecclesiastiea

98 2523 165 2579 seni
179 2525 346 2595 ministrari,
363 2527 413 2582 sed
436 2527 616 2597 ministrare;
630 2531 659 2583 et
671 2528 736 2583 alibi
759 2545 765 2583 :
789 2528 840 2593 Qui
893 2529 1038 2600 dignitatis
1047 2527 1241 2583 anctoritatem
1253 2523 1421 2591 defendunt,
1430 2539 1463 2579 ac
1474 2540 1526 2595 pro
1538 2523 1709 2579 adminiculo

99 2633 162 2673 rem
176 2618 323 2687 virtutem,
338 2621 394 2675 erit
408 2621 539 2677 minister
556 2626 658 2689 vester,
678 2628 706 2677 ot
721 2623 840 2694 rehqna.
891 2622 1029 2678 tuentur?
1044 2623 1097 2676 Eos
1110 2623 1205 2674 autem
1216 2617 1446 2690 consanguineos
1459 2616 1592 2685 diximus,
1603 2622 1710 2689 quoset

99 2711 160 2767 iter
173 2712 228 2784 ipsi
243 2715 495 2785 comprovinciales
509 2715 635 2788 episcopi
645 2732 710 2771 cum
721 2715 761 2771 eis
774 2734 840 2771 eon·
893 2716 994 2772 dirinae
1003 2715 1219 2787 imperatorum,
1235 2728 1267 2768 ac
1274 2713 1482 2778 Romanorum,
1496 2714 1581 2782 atque
1597 2710 1709 2766 Gracco·

99 2805 163 2875 [nisi
177 2809 319 2877 quantum
340 2807 376 2862 ad
398 2808 529 2881 proprias
543 2808 668 2881 pertinet
680 2810 841 2881 parochias)
893 2826 958 2865 rum
971 2809 1049 2881 leges
1063 2806 1288 2880 consanguineos
1296 2805 1452 2878 appellant,
1467 2809 1497 2860 et
1506 2803 1535 2859 in
1544 2803 1709 2860 hereditate

99 2904 108 2954 t
137 2900 224 2971 juxta
256 2907 417 2956 sanctorum
453 2903 606 2959 constituta
635 2907 759 2976 patrum,
793 2904 843 2975 qui
893 2903 1061 2977 suscipiunt,
1077 2919 1128 2958 nec
1143 2902 1282 2974 repehere
1291 2903 1418 2973 possunt.
1436 2897 1548 2954 Talium
1559 2898 1712 2954 enimcon·

99 2992 150 3048 ivis
164 2993 261 3066 aliquo
277 2999 439 3068 temporum
453 2997 603 3052 intervallo
618 3014 669 3053 nos
683 3001 841 3053 antecesse-
889 2998 1061 3070 junctiones,
1078 3013 1129 3051 nec
1139 2993 1273 3067 legitimae
1287 2997 1363 3060 sunt,
1380 3008 1432 3047 nec
1446 3007 1562 3047 manere
1579 2994 1709 3064 possunt,

99 3086 135 3142 ab
145 3103 208 3142 nno
219 3093 312 3144 tamen
323 3090 481 3163 eodemque
490 3091 620 3163 puritatis
627 3091 706 3148 fonte
715 3092 843 3148 veritatis
853 3134 881 3209 C
893 3091 943 3147 sed
955 3089 1209 3162 suntrepellendoe,
1218 3087 1346 3160 etsiquae
1355 3103 1426 3142 ausu
1434 3084 1711 3142 temerariotoutatae

99 3181 129 3236 ei
142 3181 244 3237 lumen
260 3183 423 3253 hauserunt,
436 3186 573 3240 eteodem
582 3184 753 3241 illustratore
767 3189 795 3241 et
805 3187 844 3242 di·
894 3185 960 3255 sint,
988 3184 1155 3240 auctoritate
1186 3181 1338 3255 apostoliea
1360 3179 1556 3236 rescindendae
1580 3179 1709 3235 veniunt.

99 3292 129 3332 rc
145 3267 260 3347 spiritu,
282 3277 412 3333 Ecclesia
428 3279 477 3334 llei
496 3279 720 3336 stabilimentum
740 3286 768 3337 et
780 3298 842 3336 om·
894 3278 1025 3352 Quisquis
1037 3295 1106 3351 ergo
1121 3277 1171 3350 qui
1189 3293 1246 3333 non
1267 3277 1308 3332 est
1327 3274 1454 3348 legitime
1475 3273 1652 3346 conjunctus,
1668 3274 1712 3330 vel

99 3415 102 3422 .
122 3369 354 3426 Christianorum
373 3389 556 3428 communem
581 3373 753 3445 quaesierunt
772 3375 844 3431 utili·
893 3374 999 3447 absque
1015 3373 1103 3430 dotati
1115 3372 1209 3442 titulo,
1224 3388 1256 3427 ac
1270 3369 1467 3426 benedictione
1482 3368 1633 3424 sacerdotis
1645 3383 1712 3424 con·

99 3479 121 3534 r,
134 3466 168 3518 et
190 3480 247 3519 uno
262 3465 368 3533 animo,
397 3483 452 3521 uno
480 3484 529 3523 ore
550 3467 728 3525 concorditer
746 3472 843 3525 sancta
895 3470 949 3523 stat
958 3468 1113 3540 copulatus,
1128 3465 1285 3522 sacerdotes
1295 3464 1338 3519 vel
1347 3463 1474 3536 legitime
1483 3462 1652 3534 conjunctos
1660 3461 1712 3516 cri·

99 3556 201 3615 fcetur
214 3558 336 3614 Trinitas
349 3560 378 3616 in
391 3562 504 3618 sarcula.
895 3561 1010 3631 minari,
1022 3560 1065 3616 vel
1077 3561 1107 3614 in
1122 3576 1170 3615 eos
1179 3557 1321 3614 testificari
1336 3556 1445 3612 minine
1457 3559 1562 3629 potest,
1573 3553 1711 3628 qnoniam

100 3652 158 3708 llus
171 3652 290 3725 primas,
312 3654 406 3710 nullus
428 3658 672 3729 metropolitanus,
694 3658 844 3730 nullusque
895 3653 989 3710 omnis
1003 3653 1103 3710 incesti
1117 3653 1227 3708 macula
1239 3652 1364 3724 pollutus
1383 3650 1497 3705 infamis
1516 3653 1567 3718 est,
1588 3651 1710 3705 etacen·

100 3761 205 3803 nomm
229 3748 425 3820 episcoporum
448 3751 564 3807 alterius
585 3752 667 3808 adeat
690 3753 842 3821 civitatem,
894 3765 957 3803 sare
970 3746 1148 3819 supradictos
1167 3762 1226 3801 non
1247 3742 1439 3816 permittitur,
1465 3759 1522 3797 non
1536 3743 1627 3797 solum
1641 3757 1710 3813 erge

100 3838 119 3897 d
132 3842 344 3913 possessionem
358 3843 472 3899 accedat
482 3862 546 3916 qum
560 3847 594 3901 ad
604 3862 669 3902 eum
679 3863 739 3902 non
752 3847 842 3920 perti·
895 3842 924 3897 hi
938 3839 1086 3914 rejiciendi
1101 3843 1176 3908 sunt,
1193 3840 1222 3893 et
1234 3837 1355 3893 infames
1367 3834 1541 3905 efficiuntur,
1557 3833 1710 3889 sedetiam

100 3934 251 3989 etalterins
258 3935 380 4008 episcopi
386 3939 844 4013 estparochiaesupercujusquam
895 3933 1042 3991 omnescis
1053 3933 1272 3989 consentientes.
1285 3928 1424 3986 Similiter
1434 3927 1470 3983 de
1481 3927 1653 3999 raptoribus,
1666 3927 1711 3982 vel

100 4027 228 4098 sitione,
239 4028 412 4086 nisivoeatus
421 4032 456 4087 ab
467 4049 499 4088 eo
510 4034 736 4106 cujusjurisesse
745 4035 844 4106 digno
895 4027 998 4102 eisqui
1012 4027 1137 4083 seniores
1156 4025 1299 4097 impetunt
1315 4022 1377 4079 lieri
1398 4037 1556 4078 censemus.
1571 4023 1627 4076 llos
1642 4036 1711 4093 ergo

100 4138 121 4193 r,
127 4121 274 4194 quidquid
285 4123 323 4178 ibi
334 4124 473 4196 disponat,
486 4129 529 4182 vel
540 4128 661 4199 ordinet,
672 4134 721 4184 aut
724 4129 843 4201 judicet,
895 4122 1075 4194 soeculileges
1083 4119 1264 4188 interficiunt,
1271 4118 1321 4173 sed
1328 4114 1576 4173 nosmisericerdia
1583 4129 1711 4187 praeeun-

100 4217 229 4288 lgradus
252 4217 357 4274 honore
377 4220 463 4291 potiri
480 4221 609 4277 voluerit.
628 4222 655 4277 Si
675 4223 758 4278 aliter
769 4239 843 4294 prae-
896 4207 1712 4285 tesubinfamirenotaadpoenitentiamrecipimus,ipsam

100 4310 191 4380 uerit,
200 4309 392 4368 damnabitur.
403 4315 436 4368 Et
446 4331 504 4369 non
514 4316 607 4370 solum
616 4317 673 4385 ille,
685 4317 733 4371 sed
742 4333 843 4388 coope-
895 4327 1007 4385 quoque
1017 4309 1166 4366 infamiam
1176 4324 1232 4380 qua
1239 4311 1305 4361 sunt
1311 4304 1429 4377 aspersi,
1442 4302 1536 4358 delere
1547 4319 1604 4358 non
1615 4317 1712 4375 possu-

100 4418 134 4460 α
143 4408 234 4476 atque
242 4407 462 4476 consentientes,
477 4409 544 4481 quia
556 4409 627 4464 sicut
640 4410 791 4479 ordinatio,
806 4411 845 4466 ita
895 4423 969 4474 mus,
980 4404 1246 4461 sedanimaseornm
1256 4415 1307 4471 per
1315 4396 1514 4471 poenitentiam
1522 4396 1673 4469 pubhcam,
1683 4397 1713 4451 et

100 4499 108 4552 t
116 4490 270 4570 judicatio,
281 4501 436 4556 etaliarnm
446 4519 542 4558 rerum
557 4503 702 4576 dispositio
715 4504 885 4587 prohibe-1)
896 4501 1024 4557 Ecclesiae
1049 4494 1270 4553 satisfactionem
1293 4508 1392 4548 sanare
1408 4490 1549 4563 cupimus,
1573 4489 1642 4563 quia
1654 4505 1713 4545 ma·

100 4592 163 4647 lam
171 4593 360 4664 quiordinare
368 4613 425 4650 non
436 4598 550 4669 poterit,
562 4598 846 4670 qualitcrjndicabit‘l
896 4595 999 4651 nifesta
1020 4595 1135 4664 peccata
1158 4605 1218 4645 non
1239 4592 1305 4644 sunt
1328 4586 1437 4643 occulta
1453 4583 1626 4641 correctione
1645 4599 1712 4657 pur·

100 4688 386 4759 rlcnrrsproculdubio
394 4690 533 4762 judicabit
542 4693 845 4767 autjudirarepoterit,
897 4686 999 4761 ganda.
1013 4686 1117 4742 Omnes
1137 4699 1206 4756 ergo
1221 4681 1313 4755 quiin
1327 4683 1405 4735 recta
1425 4677 1482 4733 fide
1497 4677 1620 4749 suspecti
1633 4682 1710 4747 sunt,

101 4779 250 4836 &micul
260 4783 374 4839 alterius
384 4801 464 4854 uxor,
476 4787 730 4842 necadulterarinh
740 4787 845 4860 aliquo,
896 4782 925 4837 in
938 4781 1114 4837 accusatione
1127 4777 1305 4833 sacerdotum
1323 4779 1352 4830 et
1370 4789 1469 4829 eorum
1486 4788 1573 4844 super
1590 4786 1712 4845 quorum

101 4873 218 4943 rdicari,
234 4880 284 4930 aut
298 4876 422 4949 disponi,
445 4880 500 4934 nisi
514 4897 531 4935 a
554 4881 669 4952 proprio
687 4881 746 4936 viro
760 4899 793 4937 eo
806 4881 845 4936 vi·
896 4877 1019 4932 lidenon
1031 4873 1187 4942 hmsitstur,
1202 4869 1320 4925 minime
1337 4866 1522 4939 recipiantur,
1537 4869 1566 4921 ct
1587 4864 1619 4920 in
1632 4864 1711 4920 testi·

101 4969 312 5043 rpermittitur,
335 4972 374 5026 sic
399 4989 452 5028 nee
471 4991 542 5029 uror
560 4975 685 5048 episcopi
707 4992 771 5048 qum
787 4976 847 5047 ejus
897 4968 993 5027 monio
1003 4964 1213 5026 humanodubii
1222 4963 1395 5019 habeantur.
1405 4959 1545 5016 lufirmari
1555 4975 1624 5030 ergo
1632 4975 1713 5032 opor-

101 5062 150 5119 sia
163 5063 209 5119 vel
224 5066 359 5137 parochia
373 5066 567 5123 indubitanter
579 5069 759 5142 intelligitur,
772 5069 848 5125 eori·
897 5068 938 5121 tet
953 5079 1052 5120 eornm
1062 5076 1161 5117 vocem
1176 5059 1210 5115 de
1224 5074 1348 5131 quorum
1369 5055 1424 5110 lide
1439 5053 1593 5121 dubitatur,
1607 5069 1659 5109 nec
1673 5053 1714 5108 eis

101 5174 109 5214 t
121 5156 234 5232 absque
248 5160 309 5232 ejus
316 5160 423 5232 judicio
436 5165 464 5217 et
477 5163 619 5218 voluntate
633 5163 713 5220 alteri
722 5163 849 5236 iudicari
898 5158 1014 5216 omnino
1029 5172 1088 5212 esse
1102 5153 1278 5211 credendum
1288 5151 1338 5224 qui
1353 5152 1460 5206 rectam
1473 5147 1561 5204 fidem
1570 5147 1712 5218 ignorant.

101 5252 210 5327 ispani,
226 5256 276 5307 aut
290 5254 352 5326 ejus
372 5254 525 5311 concubitu
540 5256 606 5325 frui,
622 5257 651 5312 id
670 5260 713 5312 est
732 5257 847 5313 ordina·
897 5250 1089 5320 Quaerendum
1105 5251 1148 5305 est
1167 5263 1236 5319 ergo
1249 5246 1278 5300 in
1291 5242 1408 5316 judicio,
1425 5241 1505 5313 cujus
1517 5241 1553 5296 sit
1564 5255 1711 5296 conversa·

101 5374 115 5419 =,
135 5346 304 5403 nullatenus
322 5350 497 5420 conceditur,
519 5349 594 5405 unde
612 5350 651 5406 ait
675 5352 846 5423 Apostolus:
898 5346 985 5404 tionis
999 5349 1030 5401 ct
1050 5342 1117 5398 fidei
1136 5341 1160 5396 is
1181 5339 1231 5413 qui
1252 5342 1372 5405 accusat,
1395 5342 1424 5393 et
1441 5336 1465 5391 is
1488 5335 1539 5408 qui
1556 5335 1711 5398 accusatur,

101 5443 150 5497 ata
175 5444 221 5497 est
244 5459 318 5498 uxor
338 5443 394 5515 legi
416 5444 545 5516 quandiu
565 5444 608 5499 vir
630 5445 691 5517 eius
714 5444 790 5513 vivit,
816 5462 849 5502 eo
898 5422 1712 5515 qrroniamhiquinonsnntrectacconversationisaclldei,

116 5534 265 5607 aaronem,
288 5538 379 5594 soluta
395 5543 438 5594 cst
458 5557 475 5594 a
493 5540 556 5612 lege
576 5538 639 5595 riri.
661 5539 797 5595 Simihtcr
823 5544 851 5596 et
899 5539 928 5592 et
939 5549 1063 5608 quornm
1075 5531 1132 5587 vita
1144 5532 1186 5586 est
1198 5525 1362 5583 accusabilis
1371 5539 1429 5580 non
1437 5521 1712 5595 permittunturma·

101 5630 270 5705 aepiscopi
280 5631 357 5704 (qnia
370 5649 474 5706 sponsa
483 5650 557 5690 uror
573 5634 634 5706 ejus
644 5633 748 5689 dieitur
760 5633 851 5690 Ecclc·
896 5630 973 5704 jores
982 5632 1054 5684 natu
1066 5639 1207 5692 accusare,
1224 5637 1276 5679 nec
1288 5634 1411 5694 quorum
1425 5615 1504 5684 fides,
1519 5614 1575 5669 vita
1587 5615 1616 5667 ct
1625 5611 1713 5718 liber·

102 5724 140 5784 llo
154 5727 272 5782 visente
287 5726 313 5781 ei
325 5732 367 5782 est
381 5728 506 5801 alligata.
521 5730 559 5803 Eo
572 5728 792 5796 aerodefuncto,
802 5745 849 5785 so·
899 5727 941 5780 tas
954 5722 1089 5790 nescitur,
1099 5734 1193 5793 neque
1206 5717 1414 5788 rilespersonoe
1423 5710 1454 5765 in
1467 5723 1566 5766 eorum
1575 5722 1716 5782 remitum·

102 5822 155 5897 at,
170 5822 219 5879 cni
232 5821 357 5880 soluerit
371 5821 851 5898 nubattantuminltomino,idest
899 5822 947 5877 tur
960 5815 1179 5877 accumberem.
1201 5808 1346 5871 Rimandoe
1367 5821 1432 5865 vero
1455 5808 1521 5864 sunt
1545 5803 1717 5865 enucleatim
