3870 6150
602 266 840 327 omnnrmluu
857 268 1053 326 collectio.
1611 266 1665 326 7³0

106 383 140 436 ut
148 379 323 436 doctissimos
334 379 497 435 sacerdotes
508 378 731 446 cunctadinisse,
745 394 799 433 nec
809 380 1038 462 Arifieabuntur
1061 378 1130 448 (Cor.
1156 394 1202 447 xv,
1217 378 1272 448 22).
1286 398 1300 428 u
1324 374 1360 433 Ut
1382 393 1452 449 erge
1475 376 1531 431 alia
1557 377 1665 432 emitta-

104 474 189 531 ederc
202 490 252 530 ros
262 472 369 546 aliquid
384 472 460 545 qnod
471 472 507 527 ad
518 489 632 527 causam
646 471 799 544 possitsui-
849 489 991 546 musque
1006 475 1107 528 contra
1128 472 1286 543 Scripturas
1308 473 1421 526 sanetas
1435 469 1558 543 plurima
1575 470 1665 525 disse-

103 567 241 623 acterisse.
250 570 286 623 Et
295 568 354 622 etio
366 583 466 622 mena:
483 567 558 621 Dene
572 565 672 634 valete,
685 565 797 620 tratres.
848 574 925 637 runt,
939 568 1000 624 haec
1013 567 1130 621 interim
1151 566 1208 621 duo
1228 565 1331 638 quibus
1344 563 1463 619 omnino
1480 566 1574 619 totum
1589 563 1666 635 quod

103 661 241 715 oconulir'
254 661 409 717 Mtteottent
422 660 459 715 ad
472 661 657 715 innocentium
665 673 779 728 paparo.
848 661 1000 719 Christiani
1028 677 1126 716 sumus
1153 663 1294 715 conantur
1318 663 1454 727 evertere,
1483 673 1545 729 quae
1570 656 1666 713 tidelia

103 770 138 811 ne
162 753 337 822 beatissime,
360 753 520 824 meritoque
540 751 703 819 venerabili,
727 753 756 806 sl
769 750 800 805 in
848 757 935 813 corda
948 756 1125 811 sustineant:
1141 769 1267 809 nonesse
1279 751 1441 824 rogandum
1453 752 1667 818 Deum,utcon·

103 847 263 903 uenerando
277 864 358 919 papae
370 847 548 916 Innocentio,
561 846 689 901 Silvanus
702 860 798 911 senex,
848 856 893 905 tra
903 848 1012 922 peccati
1025 849 1136 904 malum
1149 846 1280 919 atquead
1292 845 1466 917 operandam
1477 844 1617 916 iustitiam
1630 845 1667 901 sit

103 958 155 1012 rus,
181 941 321 1011 Aurelius,
348 942 484 1008 Donatus,
509 939 677 1005 destitutus,
699 937 797 996 Lucia·
849 942 1080 1014 nosteradjutor,
1097 946 1126 998 et
1143 959 1202 998 non
1221 939 1354 1012 opitulari
1374 939 1496 1010 parvulis
1511 940 1547 995 ad
1564 956 1665 996 eonse-

103 1035 239 1107 dippius,
279 1035 473 1106 AugustinuS,
509 1033 687 1100 Placentina,
718 1032 799 1088 Seve-
848 1037 991 1109 quendam
1008 1036 1095 1094 vitam
1117 1040 1254 1091 aeternam
1269 1032 1437 1089 Christianae
1457 1033 1557 1104 gratiae
1575 1050 1666 1089 sacra·

103 1132 227 1195 tunatns,
241 1126 393 1196 Possidius,
402 1128 536 1194 Novatus,
551 1127 708 1193 Secundus
720 1125 799 1181 Mau·
848 1135 989 1187 mentum.
1002 1131 1066 1185 Haec
1076 1129 1254 1185 insinuantes
1265 1126 1420 1200 apostolico
1432 1125 1540 1198 pectori
1552 1129 1599 1180 tuo
1609 1142 1667 1181 non

106 1223 170 1290 Leo,
192 1221 401 1291 Faustinianus,
421 1219 596 1287 Cresconius,
614 1219 726 1288 Lucius,
750 1220 799 1273 llo
848 1223 991 1279 habemus
1005 1239 1077 1295 opus
1092 1222 1183 1278 mulla
1195 1222 1300 1287 dicere,
1322 1226 1350 1276 el
1365 1225 1476 1276 tantam
1490 1218 1667 1290 impietatem

121 1315 294 1383 adeodatus,
330 1316 488 1383 Processus,
524 1312 678 1380 Secundus,
712 1311 798 1380 Felix,
849 1332 1037 1389 exaggerare,
1059 1332 1124 1371 cum
1142 1314 1330 1386 proculdubio
1351 1317 1378 1370 te
1398 1313 1451 1369 ista
1470 1318 1666 1384 permoveant,

103 1425 127 1479 s,
146 1409 277 1477 Rufinus,
302 1408 462 1477 Faustinus,
494 1407 626 1475 ldulchus,
653 1405 798 1471 bicturius,
846 1411 929 1466 utab
946 1409 987 1467 eis
1008 1408 1197 1482 corrigendis,
1213 1424 1249 1464 ne
1264 1408 1349 1462 latius
1361 1411 1487 1480 serpant,
1505 1406 1668 1478 multosque

103 1505 161 1569 tus,
176 1502 313 1568 Donatus,
329 1501 492 1570 Pontianus,
508 1499 669 1566 Saturnius,
681 1501 797 1555 Cresco·
849 1503 1056 1571 contaminent,
1071 1504 1113 1558 vel
1126 1499 1669 1575 potiusinterimant‚dumsubnominc

103 1594 187 1664 scius,
204 1593 354 1664 Honorius,
379 1594 504 1662 Servius,
527 1591 706 1661 Therentius,
731 1594 797 1648 Cre·
848 1597 952 1656 christi
965 1597 1082 1669 agratia
1096 1595 1199 1653 Christi
1209 1595 1323 1667 penitus
1333 1595 1468 1662 alienant,
1480 1594 1598 1649 omnino
1613 1593 1669 1648 dis·

103 1732 105 1748 .
126 1688 302 1760 Sperantius,
319 1687 493 1756 Quadratae,
516 1686 648 1754 Lucillus,
665 1685 798 1753 Sabinus,
850 1687 1670 1762 simularenonpossisllujuseutempemiciosissimierro·

103 1781 203 1847 ibinus,
226 1781 401 1848 0¹¹0⁵⁰⁰1ll¹¹⁵2
423 1781 530 1848 V10l⁰ss
553 1782 722 1847 honoratus,
742 1780 798 1834 De·
809 1754 838 1829 B
851 1785 891 1841 ris
903 1790 1031 1841 auctores
1046 1801 1106 1840 esse
1119 1784 1309 1856 perhibentur
1325 1781 1455 1853 Pelagius
1470 1784 1499 1835 et
1513 1781 1667 1848 Caelestius,

103 1876 204 1944 ,³etrus,
230 1873 390 1943 Prasidins,
410 1873 589 1943 Cresconius,
619 1871 800 1945 lampadius,
852 1894 924 1950 quos
942 1877 1058 1951 quidem
1082 1878 1121 1933 in·
1140 1876 1262 1932 Ecclesia
1286 1874 1382 1930 sanari
1406 1874 1561 1929 maluimus
1581 1891 1669 1947 quam

106 1985 139 2023 us
148 1984 181 2024 ex
192 1967 527 2037 concilioldilevitano,in
537 1967 658 2022 Domino
667 1966 800 2021 salutem.
853 1972 1000 2043 desperata
1018 1971 1106 2026 salute
1128 1970 1164 2025 ah
1181 1969 1303 2025 Ecclesia
1325 1967 1455 2035 resecari,
1472 1967 1496 2021 si
1516 1967 1669 2022 necessitas

114 2064 143 2116 le
164 2062 302 2117 Dominus
323 2061 423 2133 gratioe
442 2077 501 2116 suae
521 2059 665 2132 praecipuo
683 2075 802 2114 munere
852 2066 911 2121 ulla
922 2064 1085 2137 compellat.
1095 2066 1222 2129 Quorum
1231 2080 1315 2132 unus,
1327 2062 1408 2118 idest
1417 2061 1571 2128 Caelestius,
1582 2060 1669 2116 etiam

105 2154 260 2227 apostolica
270 2154 417 2226 talemque
430 2153 535 2210 nostris
545 2152 721 2225 temporibus
730 2169 802 2225 prae·
852 2158 886 2214 ad
902 2157 1110 2232 presbyterium
1123 2158 1154 2212 in
1176 2157 1241 2213 Asia
1252 2155 1415 2228 pervenisse
1436 2154 1549 2223 dicitur,
1565 2155 1600 2209 de
1613 2171 1669 2226 quo

103 2249 201 2305 ‚nobis
213 2249 308 2321 potius
319 2248 356 2303 ad
372 2249 486 2320 culpam
500 2247 684 2319 negligentiae
696 2247 800 2314 valcat,
852 2257 916 2308 ante
930 2268 1035 2323 paucos
1058 2267 1147 2307 annos
1160 2250 1230 2323 quid
1244 2253 1357 2322 gestum
1376 2248 1464 2305 luerit
1476 2248 1609 2303 sanctitas
1621 2251 1671 2303 tua

109 2346 190 2399 tuam
206 2342 421 2398 venerationem
436 2357 500 2414 quae
521 2358 574 2414 pru
591 2340 715 2396 Ecclesia
736 2345 803 2395 suut
852 2347 888 2401 de
899 2345 1116 2417 Carthaginensi
1132 2343 1257 2400 Ecclesia
1271 2343 1373 2399 melius
1397 2343 1563 2397 instruetur.
1589 2341 1669 2396 Pela·

103 2436 163 2491 inda
177 2436 348 2491 mcrrcrimus
364 2452 451 2507 quam
465 2451 500 2490 ea
514 2440 545 2491 tu
563 2434 653 2505 possis
664 2435 708 2489 vel
723 2433 800 2489 lasti·
853 2439 917 2511 gius
923 2455 1003 2509 vero,
1018 2437 1090 2494 sicut
1102 2455 1119 2493 a
1131 2436 1301 2510 quibusdam
1316 2435 1452 2491 tratribus
1461 2435 1565 2490 nostris
1577 2435 1670 2490 missae

103 2529 124 2584 el
141 2530 319 2600 negligenter
332 2528 461 2599 accipere
481 2527 594 2600 magnis
608 2527 741 2599 periculis
755 2527 800 2582 iu·
851 2534 1008 2605 loquuntur
1028 2529 1166 2603 epistolae,
1181 2530 1379 2602 Hierosolymis
1395 2530 1575 2595 constitutus,
1597 2544 1669 2584 neu·

103 2639 130 2677 m
151 2622 347 2677 nrembrorum
361 2620 464 2677 Christi
490 2621 663 2692 pastoralem
676 2619 800 2692 diligen·
851 2627 946 2682 nulles
960 2625 1058 2681 fallere
1079 2624 1225 2679 asseritur.
1240 2625 1442 2679 Verumtamen
1468 2621 1671 2693 multoplures

103 2732 253 2783 uaesumuS,
274 2715 411 2770 adbibere
436 2713 572 2785 digneris·
600 2715 675 2769 Nutu
694 2713 801 2785 quippe
851 2720 900 2792 qui
914 2719 976 2790 ejus
990 2734 1089 2775 sensus
1102 2717 1269 2789 diligentius
1282 2716 1420 2788 indagare
1436 2719 1602 2787 potuerunt,
1619 2715 1669 2769 ad·

115 2812 144 2866 et
156 2809 277 2864 nimium
300 2808 460 2880 perniciosa
475 2810 568 2862 tentat
580 2822 731 2878 assurgere
744 2805 800 2861 ini·
851 2828 949 2867 sersus
964 2828 1030 2866 eurn
1045 2828 1096 2883 pro
1108 2810 1210 2867 Christi
1226 2810 1327 2882 gratia,
1344 2812 1373 2864 et
1386 2808 1532 2864 catholicae
1542 2806 1610 2863 lidei
1622 2823 1669 2862 ve·

103 2918 124 2957 n
137 2901 237 2974 gratiae
247 2902 360 2968 Christi,
372 2902 421 2973 qui
434 2900 517 2956 nubis
530 2899 708 2955 Dominicum
717 2899 801 2955 etium
851 2905 935 2961 ritate
956 2904 1124 2977 confligunt,
1141 2904 1192 2959 sed
1213 2903 1358 2976 praecipue
1371 2906 1487 2958 sanctus
1505 2901 1580 2956 lilius
1595 2905 1670 2970 tuus,

103 3012 141 3051 nn
153 2995 249 3067 impiis
264 2994 505 3067 disputationibus
520 2998 662 3049 conantur
679 2993 799 3049 auferre.
851 2999 952 3068 irater,
975 3002 1005 3054 et
1028 2998 1244 3070 compresbyter
1270 3002 1367 3053 noster
1390 2996 1591 3067 Hieronymus.
1618 2995 1673 3051 Sed

105 3089 146 3144 im
156 3089 291 3144 [lominus
304 3089 446 3144 docuerit:
465 3109 480 3141 u
488 3088 603 3143 Dimitte
613 3085 799 3143 uubisdcbilu
851 3091 1035 3160 arbitremur,
1045 3092 1197 3163 adiuvante
1213 3089 1407 3146 misericordia
1423 3088 1538 3145 Domini
1556 3088 1604 3142 Dei
1617 3104 1671 3143 no-

111 3182 183 3239 sieut
198 3189 226 3238 et
246 3200 299 3238 nos
313 3182 482 3239 dimittimus
502 3180 678 3237 debitoribus
695 3179 800 3236 nostris
849 3185 899 3240 stri
922 3187 989 3242 iesu
1016 3185 1130 3251 Christi,
1156 3200 1220 3256 quae
1242 3190 1270 3239 te
1292 3200 1394 3255 regere
1421 3183 1615 3238 consulentem
1644 3188 1673 3238 et

104 3293 143 3345 rr,
160 3278 214 3347 ll),
229 3296 243 3329 s
267 3277 312 3330 isti
328 3276 428 3331 meunt
442 3292 525 3348 posse
540 3275 689 3330 hominem
703 3273 733 3329 in
747 3274 800 3328 huc
850 3283 980 3335 orantem
998 3278 1133 3334 exaudire
1147 3277 1315 3349 dignitatus,
1340 3276 1503 3333 auctoritati
1518 3275 1672 3332 sanctitatis

103 3370 212 3443 eceptis
225 3370 413 3442 Deicognitis,
427 3368 464 3423 ad
475 3367 800 3440 tentamperfectionem
850 3377 907 3428 tuae
916 3373 951 3428 de
961 3371 1254 3444 claroScripturarnm
1262 3370 1370 3426 lumine
1377 3370 1554 3441 depromptae
1560 3369 1672 3424 facilius

121 3462 183 3519 eine
199 3463 341 3535 adjutorio
355 3463 454 3534 gratie
478 3462 631 3518 vaateris
643 3477 696 3535 per
708 3462 801 3517 solum
851 3466 958 3538 eosqui
968 3470 1028 3521 tam
1040 3481 1174 3536 perversa
1187 3468 1215 3519 et
1227 3468 1285 3519 taur
1298 3463 1458 3535 perniciosa
1470 3461 1598 3517 sentiunt
1611 3478 1672 3517 esse

103 3557 248 3614 loluntatis
261 3557 411 3613 arbitrium
423 3557 584 3628 pervenire,
600 3559 633 3610 ut
643 3555 729 3610 etium
741 3570 801 3610 nun
851 3576 989 3627 cessuros,
1001 3564 1033 3614 ut
1045 3558 1080 3614 de
1095 3556 1268 3614 correctione
1282 3557 1374 3628 potius
1387 3572 1485 3612 eorum
1496 3555 1672 3628 gratulemur

103 3651 232 3708 essarium
246 3651 352 3721 dicere,
368 3651 513 3706 «Dimitte
533 3648 728 3705 nobisdebita
750 3665 800 3704 uo·
851 3670 938 3727 quarn
964 3651 1167 3710 contristemur
1192 3651 1319 3718 interitu,
1349 3649 1466 3705 domine
1497 3649 1671 3706 beatissime.

103 3746 168 3801 lllud
181 3762 248 3801 vero
262 3745 494 3818 qnodsequitur:
511 3766 525 3793 «
540 3744 579 3798 h'e
589 3760 642 3798 nos
653 3742 802 3798 inierasin
851 3746 1015 3812 Quamlibet
1034 3749 1131 3801 autem
1146 3745 1200 3817 ipsi
1222 3745 1328 3816 eligant
1345 3746 1423 3799 certe
1438 3743 1482 3799 vel
1497 3743 1566 3798 alios
1579 3743 1671 3815 pluri·

104 3856 170 3896 nem
197 3839 287 3902 treta,
316 3839 369 3910 13),
401 3860 414 3888 >1
443 3854 501 3893 non
524 3837 564 3892 ita
582 3836 801 3909 intelligendum
852 3857 914 3895 mos
924 3844 1129 3912 qrrospessnut,
1140 3838 1164 3894 si
1176 3837 1212 3893 ab
1224 3837 1265 3893 eis
1275 3837 1479 3905 dissimuletur,
1494 3836 1552 3891 suis
1561 3836 1672 3908 laqueis

103 3949 123 3988 n
135 3931 264 3987 divinum
273 3932 449 4003 adjutorium
460 3947 579 4002 poscere
589 3929 754 3998 debeamus
765 3944 801 3984 ne
852 3933 1009 4006 implicare,
1023 3933 1115 3988 cernit
1127 3931 1326 3988 venerabilitas
1342 3933 1390 3985 tua
1402 3931 1542 3986 instanter
1557 3932 1586 3984 et
1598 3929 1671 3985 cele·

103 4030 180 4082 etum
204 4027 306 4081 tentati
325 4025 497 4093 decidamus,
519 4023 568 4079 sed
589 4025 643 4080 hoc
660 4023 802 4079 innostra
852 4029 922 4083 riter
928 4026 1149 4099 providendum.
1163 4028 1227 4082 Haec
1235 4025 1272 4080 ad
1282 4024 1460 4080 sanctitatem
1473 4028 1553 4080 tuam
1561 4025 1596 4081 de
1606 4040 1673 4080 con·

103 4141 108 4176 ι
121 4136 182 4176 esse
198 4122 346 4191 potestate,
361 4122 390 4174 et
401 4118 438 4173 ad
449 4119 503 4174 hoe
516 4117 697 4189 implendum
712 4116 803 4172 selam
852 4121 915 4177 cilio
928 4120 1067 4177 Numidiae
1081 4120 1187 4192 scripta
1206 4119 1373 4185 direximus,
1389 4118 1535 4174 imitantes
1557 4118 1671 4176 Cartha-

103 4213 446 4281 ehomiuisvoluntatem,
460 4212 803 4284 tanquamlrustrahpo·
853 4215 1003 4286 mnensem
1024 4214 1180 4271 Ecclesiam
1207 4217 1235 4268 et
1260 4212 1493 4284 Carthaginensis
1518 4212 1673 4284 provincie

103 4308 212 4365 lixerit:
229 4330 242 4358 a
258 4309 318 4362 lton
335 4306 458 4363 volentis
476 4322 570 4378 neque
583 4304 734 4373 currentis,
753 4302 803 4358 sed
853 4308 1036 4380 coepiscopos
1058 4311 1168 4363 nostros
1193 4323 1265 4379 ques
1293 4306 1329 4361 ad
1353 4306 1452 4362 sedem
1474 4306 1672 4379 apostolicam,

103 4402 146 4459 rtis
158 4405 200 4457 est
210 4401 260 4457 Dei
275 4403 358 4469 (nom.
375 4418 413 4468 rx,
427 4401 469 4473 le)
477 4418 486 4470 3
502 4422 515 4450 »
531 4403 560 4454 et
572 4416 578 4455 :
591 4397 717 4454 «Fidelis
729 4398 804 4453 Deus
854 4418 942 4474 quam
954 4401 1054 4457 beatus
1069 4402 1194 4457 illustras
1209 4400 1244 4456 de
1258 4400 1310 4455 hac
1332 4416 1416 4455 causa
1431 4400 1574 4472 scripsisse
1599 4416 1674 4456 eom·

112 4513 172 4552 non
186 4495 324 4568 permittit
332 4495 438 4550 tentari
449 4511 535 4565 super
548 4492 577 4548 id
590 4492 842 4571 quodpotestis,1)
853 4495 992 4567 perimus.
1002 4497 1037 4550 Et
1047 4496 1105 4550 etto
1116 4510 1218 4550 manu:
1228 4493 1335 4549 Memor
1345 4493 1435 4549 nostri
1447 4494 1476 4548 in
1491 4493 1602 4548 Domini
1612 4510 1674 4564 gra-

105 4593 133 4646 el
155 4606 222 4646 eum
238 4588 391 4645 unedone
407 4588 493 4643 etiem
506 4587 627 4654 exitum,
648 4589 677 4640 nl
691 4585 802 4657 possitis
852 4589 893 4644 tia
906 4587 1047 4661 augearis,
1062 4587 1177 4642 dominc
1188 4585 1360 4655 beatissime,
1372 4586 1474 4641 merito
1489 4585 1671 4655 venerabilis,

103 4701 127 4739 e
146 4683 171 4754 (l
190 4686 250 4742 Cor.
271 4700 297 4750 x,
323 4684 376 4753 13).
398 4703 412 4733 »
435 4683 549 4737 Frustra
567 4680 645 4736 enim
665 4679 803 4735 Dominus
853 4687 881 4738 et
893 4681 924 4736 in
936 4680 1048 4737 Christo
1061 4681 1240 4749 honorande,
1254 4678 1430 4734 sanctissime
1444 4695 1531 4751 papa.

104 4779 234 4851 apostolo
248 4779 344 4832 Petro:
367 4798 381 4825 «
396 4776 503 4848 Rogavi
517 4791 570 4846 pro
589 4778 627 4843 le,
643 4789 679 4829 ne
693 4772 805 4829 deficiat
853 4800 1022 4868 Ram-ptum
1051 4799 1201 4854 mmmm
1223 4811 1304 4866 papae
1321 4796 1359 4851 Μ
1384 4797 1575 4852 mmmmm
1603 4799 1673 4856 007„

103 4869 206 4934 ethus.
229 4887 294 4938 nris,
310 4872 365 4942 32),
383 4892 396 4920 s
416 4873 444 4925 et
457 4869 590 4924 omnibus
605 4867 677 4923 suis:
694 4887 709 4916 «
723 4866 803 4938 vigi·
1214 4867 1317 4921 citium.

103 4968 190 5035 orate,
207 4981 243 5019 ne
261 4962 371 5020 intretis
388 4964 418 5019 in
437 4963 620 5019 tentationem
634 4960 728 5033 (llere.
748 4975 803 5029 srv,
892 4963 1071 5019 lsuocsuuus
1093 4960 1214 5017 Srerano
1238 4959 1311 5029 seni,
1336 4960 1502 5031 Vinearum,
1519 4963 1549 5016 et
1563 4962 1675 5018 ceteris

103 5058 118 5114 ti
132 5059 187 5115 hoc
206 5062 298 5113 totum
313 5064 356 5115 est
374 5058 522 5130 potestatis
543 5056 688 5122 humanae,
702 5070 806 5126 pucros
855 5056 905 5129 qui
928 5056 957 5111 in
969 5054 1130 5111 hlileritana
1148 5054 1257 5126 synodo
1272 5054 1467 5123 interfuerint,
1483 5055 1675 5112 dilectissimis

103 5153 248 5226 ,parvulos
254 5153 278 5208 si
288 5152 374 5208 nullis
387 5151 550 5207 imbuantur
563 5149 730 5207 Christiane
743 5165 807 5220 gra·
857 5149 1002 5221 tratribus,
1015 5149 1045 5205 in
1057 5147 1179 5205 Domine
1193 5148 1325 5205 salutern.

103 5247 241 5303 ¹sumentis
260 5246 404 5302 habituros
424 5245 510 5300 vitam
534 5247 681 5311 artemam,
695 5259 805 5315 neque·
892 5245 969 5301 luter
993 5247 1109 5300 ceteras
1135 5243 1264 5300 Ecclesia
1288 5243 1426 5298 Romanas
1451 5258 1534 5297 curas
1559 5244 1589 5298 et
1603 5258 1673 5314 apo·

104 5339 244 5396 hristiena
252 5340 476 5413 presumptione
484 5339 808 5405 contenduntevacuan·
857 5338 964 5394 stolicae
983 5337 1059 5393 sedis
1079 5336 1277 5409 occupationes
1290 5336 1394 5409 quibus
1413 5334 1586 5391 diversorum
1606 5350 1675 5391 con⁴

104 5432 377 5505 ddicitapostolus:
391 5455 404 5483 o
424 5435 475 5489 Per
490 5430 808 5504 unumhominempec·
857 5432 930 5488 sulla
960 5431 1026 5487 ildei
1063 5447 1096 5486 ac
1125 5430 1238 5488 modica
1272 5428 1474 5501 disceptatione
1511 5431 1675 5496 tractamus,

103 5527 217 5583 intrarit
233 5524 263 5583 in
277 5527 430 5597 mundum,
446 5533 475 5582 et
491 5543 542 5599 per
556 5527 704 5598 peceatum
718 5541 807 5594 mors,
857 5525 944 5581 trater
985 5528 1014 5582 et
1040 5523 1223 5597 coepiscopus
1266 5525 1362 5580 noster
1391 5520 1480 5576 tulius
1516 5520 1677 5578 dilectionis

103 5638 229 5679 somnes
250 5621 379 5678 homines
392 5619 565 5693 pertransiit,
582 5620 611 5675 in
634 5635 690 5692 quo
709 5635 809 5675 omnes
859 5622 959 5676 vestras
986 5618 1106 5685 litteras,
1128 5634 1198 5690 quas
1220 5634 1255 5673 ex
1281 5614 1440 5673 llilevitano
1462 5619 1560 5670 nostra
1584 5622 1678 5672 aucto-

103 5720 186 5772 erunt
204 5716 286 5787 (Deru.
304 5733 329 5784 v,
344 5717 386 5788 2t3
403 5738 416 5765 »
434 5718 463 5770 ct
481 5715 537 5770 alio
560 5715 638 5769 loce:
657 5736 671 5763 α
685 5713 763 5770 Sicut
779 5711 810 5768 in
859 5712 943 5769 ritate
965 5712 1083 5769 concilio
1104 5727 1173 5767 eura
1187 5709 1254 5766 lldei
1273 5707 1458 5782 propensiore
1481 5707 1613 5776 misistis,
1623 5709 1680 5764 mi·

103 5826 196 5867 amnes
211 5811 383 5882 moriuntur,
398 5810 437 5865 sic
453 5814 482 5864 et
493 5809 522 5865 in
533 5807 644 5865 Christo
657 5823 758 5865 omues
767 5806 808 5862 vi·
859 5806 890 5864 hi
915 5806 1101 5883 inopinanter
1125 5803 1263 5879 ingessit,
1273 5800 1523 5874 Carthaginensem
1544 5800 1711 5869 stames-
