3870 6150
133 247 179 304 tal
577 251 719 306 APPEND.
740 250 785 305 nb
804 251 885 305 SAEC.
905 250 950 304 lll.
966 277 1000 290 —
1015 248 1138 306 lstnoul
1155 248 1366 305 unucuuouls

132 352 265 423 asseruit;
281 357 356 426 quod
368 355 426 411 illic
440 356 595 428 relegendo
608 358 750 429 praeridit.
760 359 883 413 Rursum
895 357 947 412 sub
957 369 987 442 Α
1206 360 1343 412 Decretum
1358 359 1598 412 testamentorium.

133 446 220 501 divini
234 448 361 503 nominis
375 449 582 507 contestatione
600 451 676 506 laune
691 451 854 521 adjurantes
868 450 945 505 obte—
1034 450 1160 505 Vidimus
1172 449 1338 505 tractatibus
1360 448 1488 504 invenire
1501 448 1579 520 quod
1588 447 1703 518 Justum
1720 452 1773 516 est,
1786 467 1804 504 e·

133 540 199 594 stati
214 557 319 608 sumus,
335 544 367 595 ut
381 557 416 597 an
430 542 465 597 da
479 559 507 597 se
521 549 620 615 sponte
634 544 816 599 mendacium
831 544 946 612 diceret,
998 543 1172 615 experientia
1185 559 1243 597 esse
1255 541 1448 613 judicantium
1461 541 1688 613 comprobatum,
1697 545 1727 596 et
1736 542 1796 612 juxt
1808 576 1851 615 q

132 638 181 687 aut
194 631 313 705 alicujus
328 634 460 691 violentia
472 640 653 708 premeretur
665 640 694 690 et
706 636 872 707 perterritus
880 636 948 692 talia
997 636 1209 708 summijudicii
1223 639 1328 691 statuta
1340 635 1450 706 plenior
1459 635 1568 690 invenit
1578 635 1743 690 auctoritas.
1753 635 1851 708 ldeq

133 731 289 795 enarraret,
304 728 444 783 veraciter
456 728 606 786 indicaret.
621 730 674 795 Qui
693 746 760 785 mox
779 728 866 784 flebili
881 746 947 785 voce
998 730 1102 786 mentis
1123 729 1314 784 intentionem
1334 728 1447 801 orisque
1462 728 1544 783 simul
1566 727 1663 783 studia
1676 727 1841 795 deducet-1.

131 819 342 892 luminibusque
351 822 464 893 ploratu
477 821 668 890 madentibus,
680 826 709 877 et
719 823 832 894 fragore
843 823 948 894 singul·
998 827 1049 890 tes,
1064 822 1094 878 in
1107 822 1301 894 cognitionem
1313 821 1448 877 audiendi
1460 821 1568 894 negotii
1581 821 1713 876 delatum
1728 826 1769 876 est
1778 832 1830 886 ad

131 919 223 981 tuum,
237 931 302 969 cum
317 913 401 969 unius
421 915 470 971 Dei
489 915 613 971 nominis
625 917 800 986 juramento,
818 917 949 972 clamarit
997 932 1048 971 nos
1059 918 1231 972 conventum
1245 915 1335 971 sancti
1346 915 1459 970 concilii
1469 931 1504 970 ex
1517 915 1626 970 directo
1640 914 1756 986 gloriosi
1767 914 1817 975 dn

132 1024 162 1061 se
175 1010 204 1062 et
223 1024 289 1063 vera
309 1008 409 1063 eadam
429 1009 504 1064 mala
522 1010 556 1065 de
578 1025 607 1064 se
627 1009 766 1079 confiteri,
783 1013 811 1064 et
831 1009 867 1065 ad
887 1011 948 1066 hac
997 1010 1069 1065 mini
1091 1008 1178 1064 nostri
1193 1008 1391 1064 Receesiunthi
1406 1008 1481 1080 regis
1497 1024 1551 1080 per
1566 1008 1710 1063 illustrem
1722 1008 1805 1067 virum

132 1099 293 1154 confitenda
304 1102 382 1156 nulla
392 1117 421 1156 se
436 1101 567 1158 violentia
581 1103 764 1174 pregravari,
775 1102 850 1158 unde
859 1102 947 1157 etiarn
999 1102 1196 1158 vuambanem
1210 1104 1411 1157 testamentum
1419 1101 1551 1172 gloriosae
1565 1100 1801 1157 memorioesancti

131 1193 223 1247 ferme
234 1210 286 1264 per
294 1211 399 1249 novem
408 1211 521 1251 menses
531 1201 630 1266 sponte
644 1196 803 1251 deseruisse
817 1197 948 1266 regimen
996 1195 1109 1250 Martini
1124 1195 1253 1252 Ecclesia
1275 1194 1452 1249 Bracarensis
1467 1193 1602 1265 episcopi,
1619 1193 1671 1265 qui
1685 1198 1716 1248 et
1729 1195 1800 1248 liuni-

132 1287 261 1341 Ecelesice
275 1304 342 1355 suae,
356 1292 385 1343 et
396 1289 541 1361 ergastulo
554 1288 680 1360 quodam
694 1306 747 1361 pro
762 1290 885 1344 admisso
898 1289 947 1345 lla-
997 1289 1072 1343 leuse
1095 1287 1298 1343 monasterium
1312 1287 1388 1341 visus
1408 1290 1452 1341 est
1472 1287 1675 1354 construxisse,
1689 1290 1723 1341 ut
1744 1302 1800 1341 rese

133 1378 201 1449 gitio
214 1385 328 1435 acturus
340 1382 536 1453 poenitentiam
560 1399 590 1436 se
612 1383 782 1437 conclusisse
804 1381 946 1454 praedixit.
997 1386 1060 1436 rato
1074 1398 1109 1437 eo
1123 1397 1196 1453 quoe
1219 1381 1265 1435 hic
1282 1385 1459 1436 memoratus
1472 1379 1653 1435 beatissimus
1666 1379 1710 1433 vir
1722 1379 1802 1434 decre·

131 1472 208 1526 Tunc
232 1473 416 1544 perfidelem
441 1475 646 1531 confessionem
668 1478 710 1531 est
728 1475 848 1546 agnitio,
869 1474 947 1546 quod
996 1475 1081 1529 visset
1094 1480 1200 1529 nostrae
1214 1474 1367 1545 cognitioni
1389 1477 1556 1544 patesceret.
1568 1474 1632 1538 Quo
1645 1476 1803 1527 testamento

131 1567 209 1620 tactu
230 1565 356 1623 femineo
382 1568 538 1624 sorduisset
553 1568 700 1624 deflorata.
716 1568 793 1624 Licet
809 1568 885 1623 hunc
900 1585 947 1639 pa·
996 1569 1026 1623 in
1042 1566 1172 1623 omnium
1188 1569 1322 1622 convectu
1337 1566 1451 1635 relecto,
1465 1565 1657 1637 comperimus
1669 1581 1706 1620 ex
1716 1565 1819 1620 ordina.

130 1664 212 1712 terna
229 1659 382 1732 antiquitas
397 1661 483 1715 sacris
504 1663 609 1731 regulis
632 1662 754 1733 dejicere
777 1662 812 1716 ab
839 1663 946 1716 honore
997 1663 1184 1718 amemorato
1194 1659 1324 1732 principe
1337 1660 1372 1714 ad
1382 1675 1433 1714 nos
1448 1675 1510 1715 esse
1517 1658 1806 1730 directum,quoniam

131 1750 335 1819 decernat,n0s
348 1758 444 1808 taman
459 1753 651 1810 miserationis
657 1755 722 1826 jura
734 1760 877 1810 servantes
888 1771 945 1810 non
956 1735 984 1808 Β
995 1756 1072 1811 idem
1085 1753 1213 1825 gloriosae
1226 1752 1371 1808 memoria
1393 1755 1507 1807 sanetus
1520 1751 1564 1806 vir
1582 1752 1624 1806 ita
1638 1751 1805 1820 decreverat,

131 1844 301 1900 abstulimus
314 1863 421 1902 nomen
439 1847 564 1914 honoris,
578 1848 655 1920 quud
676 1849 736 1919 ipse
760 1848 813 1903 sibi
831 1848 874 1902 sui
895 1848 947 1902 cri·
998 1851 1028 1903 ut
1041 1846 1257 1902 succedentibus
1274 1861 1327 1917 per
1349 1845 1480 1900 ordinem
1500 1844 1616 1915 regibus
1635 1844 1673 1900 ad
1692 1845 1808 1916 comple

1763 250 1851 320 aa&

128 1937 215 1992 minis
226 1938 404 1994 confessione
414 1941 474 2011 jam
490 1942 652 2011 abstulerat,
660 1942 711 1996 sed
724 1941 814 1996 aulida
826 1941 947 1996 auctori·

128 2033 187 2085 tate
196 2031 374 2087 decrevimus
384 2040 529 2105 perpetuae
538 2035 715 2107 poenitentia
725 2034 801 2089 hune
810 2034 947 2089 inservire

129 2123 228 2179 ciliciis
240 2128 268 2179 et
283 2127 619 2198 erumnis‚pr0videntes
633 2128 733 2182 melius
749 2127 828 2182 illum
844 2144 894 2199 per
905 2143 947 2181 as·

128 2233 229 2288 peram
251 2218 292 2271 ire
314 2219 488 2289 poenitentioe
509 2219 704 2286 solitudinem,
724 2224 756 2275 ut
775 2220 946 2292 quandoque

129 2310 295 2380 perveniret
307 2311 343 2365 ad
350 2311 489 2382 refrigerii
495 2313 672 2368 mansionem
681 2330 768 2385 quam
775 2313 905 2368 relictum
916 2313 945 2367 in

129 2402 946 2478 voluntatissualatitudineadpraeipitiumdejiciaterna

129 2495 324 2553 damnatione.
331 2499 408 2553 Tunc
417 2499 606 2555 venerabilem
616 2500 802 2555 Fructuosum
813 2499 945 2554 Ecclesiae

128 2589 285 2645 liunilensis
298 2591 464 2664 episcopum
477 2592 622 2647 communi
637 2593 767 2648 omnium
781 2598 945 2648 nostrorum

128 2682 266 2738 electione
279 2684 477 2739 constituimus
497 2686 628 2740 Ecclesiae
650 2686 827 2740 Bracarensis
841 2685 943 2757 guber-

127 2776 228 2830 nacula
240 2777 397 2846 continere,
406 2778 443 2832 ita
453 2782 485 2831 ut
498 2794 614 2833 omnem
630 2779 814 2849 metropolim
827 2778 943 2849 pruvin-

996 1943 1128 1996 mentum
1141 1940 1201 2011 ejus
1214 1939 1304 2010 ipsius
1317 1937 1480 1994 constitutio
1494 1938 1698 1993 commendata
1714 1953 1807 1992 mane·

996 2037 1048 2088 ret.
1059 2034 1137 2087 Tunc
1151 2032 1254 2088 deinde
1264 2032 1381 2087 allatum
1395 2035 1438 2086 est
1449 2030 1531 2086 nobis
1544 2033 1754 2086 testamentum
1769 2030 1809 2085 ui-

996 2125 1272 2192 cuuiri,memoratae
1282 2124 1413 2179 Ecclesiae
1422 2123 1582 2178 Dunilensis
1592 2123 1808 2195 episcopi,quod

995 2220 1030 2275 de
1042 2218 1127 2275 rebus
1139 2219 1196 2273 suis
1207 2219 1238 2273 in
1250 2218 1351 2273 eadem
1360 2217 1483 2274 Ecclesia
1492 2215 1656 2272 decreverat
1670 2217 1809 2272 examina·

995 2311 1072 2367 tione
1083 2310 1208 2366 veridica
1220 2311 1422 2366 dirimendum.
1437 2311 1496 2375 Quo
1508 2309 1613 2365 relecto
1627 2309 1808 2380 cognorimus

996 2406 1130 2461 eumdem
1146 2407 1293 2459 auctorem
1308 2419 1391 2458 suum
1410 2403 1450 2457 illi
1471 2401 1589 2458 diversae
1602 2403 1808 2457 constitutionis

995 2498 1116 2554 edidisse
1129 2497 1317 2566 conditiones,
1332 2496 1407 2551 inter
1425 2511 1494 2566 quas
1514 2512 1603 2551 uuam
1624 2495 1750 2551 validam
1768 2512 1808 2550 ce

995 2596 1077 2646 natus
1091 2593 1134 2646 est
1146 2589 1320 2661 relegatione
1335 2588 1541 2660 constringere,
1555 2588 1699 2660 deputans
1711 2593 1739 2643 et
1751 2590 1808 2644 illa-

994 2684 1084 2739 tiones
1102 2683 1284 2751 tributorum,
1307 2684 1334 2736 et
1350 2681 1442 2753 pretia
1460 2682 1577 2753 frugum
1596 2681 1705 2754 absque
1717 2682 1807 2754 aliqua

994 2775 1183 2830 diminutione
1189 2773 1536 2845 annuavocepauperibus
1543 2774 1807 2846 erogare,nihilque

994 2885 1055 2925 esse
1069 2869 1175 2940 absque
1189 2866 1394 2923 deliberatione
1407 2866 1548 2933 relictum,
1562 2866 1639 2937 quod
1652 2866 1751 2921 usibus
1763 2868 1807 2922 Er-

993 2962 1086 3018 clesiae
1108 2964 1205 3032 posset
1223 2960 1345 3031 quadam
1364 2958 1536 3014 liberalitate
1557 2959 1674 3014 servire.
1685 2962 1763 3014 Tunc
1776 2976 1805 3015 ex

127 2867 178 2921 cire
193 2867 315 2922 Gallicios
331 2873 502 2941 cunctosque
517 2870 663 2941 episcopos
679 2871 857 2941 populosque
876 2886 941 2925 eou-

128 2963 230 3015 ventus
244 2961 334 3032 ipsius
355 2962 543 3034 omniumque
554 2979 651 3018 euram
666 2965 827 3018 animarum
841 2963 942 3018 Braca-

128 3053 219 3107 rensis
244 3053 375 3109 Ecclesiae
403 3055 442 3109 sic
473 3056 690 3127 gubernandam
721 3056 876 3127 suscipiens
903 3056 943 3110 ita
953 3070 1059 3168 Caeca
1072 3054 1160 3126 patris
1173 3052 1336 3109 dunilensis
1353 3051 1493 3120 Ecclesiae,
1505 3056 1666 3107 astructum
1681 3052 1805 3125 estquod

127 3150 282 3218 componat
293 3149 378 3218 atque
392 3153 547 3217 conservet,
562 3152 594 3203 ut
608 3153 637 3203 et
649 3149 800 3204 Dominum
812 3152 941 3203 nostrum
994 3148 1138 3204 universas
1152 3147 1261 3219 species
1273 3146 1385 3218 generis
1399 3149 1428 3201 et
1437 3146 1574 3218 corporis,
1587 3161 1686 3201 rerum
1699 3163 1764 3218 quae
1777 3146 1804 3201 in

128 3237 163 3292 de
173 3239 343 3294 rectitudine
351 3240 444 3311 operis
454 3241 497 3295 sui
513 3240 651 3312 glorificet
661 3247 690 3297 et
703 3241 827 3296 nobisde
837 3242 943 3296 incolu-
992 3241 1119 3311 ejusdem
1132 3239 1263 3295 Ecclesia
1275 3239 1361 3294 domo
1369 3238 1540 3293 intrinsecus
1548 3238 1585 3293 ad
1596 3255 1663 3293 usus
1678 3239 1805 3295 domesti-

127 3329 225 3386 mitate
242 3332 370 3387 Ecclesiae
385 3333 446 3406 ejus
462 3334 595 3405 gaudium
607 3336 732 3405 praestet.
745 3335 814 3397 Quia
827 3351 893 3389 vero
907 3334 941 3388 ad
992 3351 1039 3390 cos
1053 3338 1081 3389 et
1090 3338 1221 3404 tempore
1236 3348 1294 3387 suae
1310 3331 1496 3388 ordinationis
1510 3331 1589 3386 idem
1604 3332 1805 3405 episcopuslli·

126 3423 224 3479 futura
237 3425 401 3496 prospicere
414 3427 554 3496 convenil,
563 3442 599 3481 ne
610 3426 754 3482 exoriatur
766 3427 796 3482 in
811 3431 884 3482 statu
895 3443 942 3498 pa·
992 3427 1108 3483 cimirus
1122 3425 1241 3493 invenit,
1256 3429 1284 3480 et
1298 3440 1363 3497 ques
1377 3425 1436 3497 ipse
1451 3428 1500 3480 aut
1512 3425 1546 3480 de
1564 3440 1652 3496 opere
1664 3426 1851 3498 utriusque:

127 3515 166 3570 cis
178 3517 308 3588 quaedam
320 3520 476 3574 commotio
485 3519 675 3589 litis‚Patrum
688 3521 942 3591 sententiamque.
992 3536 1075 3575 sexus
1087 3518 1228 3574 artificum
1246 3517 1422 3573 familiarum
1448 3517 1577 3573 Ecclesiae
1596 3518 1692 3588 potuit
1705 3518 1851 3574 habexn

123 3608 184 3679 jam
191 3609 296 3665 dietum
303 3613 942 3685 Potamiumepiscopumrectitudinedamnat,
991 3613 1121 3668 confecta
1140 3615 1226 3683 atque
1243 3610 1331 3680 illata,
1349 3614 1399 3666 aut
1412 3627 1476 3684 qnae
1492 3627 1541 3665 sua
1565 3610 1744 3682 professione
1758 3612 1848 3666 ba-

126 3701 318 3759 huicdecreto
334 3708 503 3761 connectere
527 3710 625 3761 nostra
640 3706 785 3777 vigilantia
799 3710 940 3776 procurat.
990 3706 1084 3761 baisse
1098 3705 1172 3759 visus
1192 3709 1235 3759 est
1247 3703 1416 3776 conquisita,
1431 3703 1528 3759 omnia
1542 3703 1671 3759 moriens
1692 3704 1851 3775 jussissr=

296 3800 340 3853 Ec
353 3800 464 3854 canalio
482 3800 634 3862 Volcaniae,
651 3800 730 3854 tituto
744 3800 771 3853 4.
849 3790 855 3800 '
991 3798 1164 3870 pauperibus
1185 3813 1315 3869 erogare.
1340 3796 1478 3861 Quadam
1498 3813 1566 3852 vero
1588 3796 1626 3852 ita
1647 3797 1696 3852 vili
1719 3797 1851 3869 pretic:

161 3892 216 3946 Nee
236 3891 317 3959 illud,
341 3891 452 3958 fratres,
469 3892 591 3948 scribere
608 3892 733 3948 alienum
753 3891 789 3946 ob
810 3892 941 3947 Ecclesiae
991 3892 1117 3947 vendere
1130 3889 1322 3946 ordinassent
1335 3888 1492 3960 negotiatio
1513 3889 1619 3945 barum
1633 3906 1733 3946 rerum
1748 3906 1851 3962 per-

126 3983 278 4039 utilitatem
292 3985 464 4051 censuimus,
480 3988 514 4039 ut
527 3985 635 4039 sciretis
650 3970 815 4056 quicunque
829 3984 880 4039 sub
895 4000 940 4038 or·
991 3985 1060 4040 ditio
1072 3984 1166 4055 potius
1178 3999 1266 4055 quam
1275 3983 1412 4038 mercatio
1422 3987 1595 4038 censeretur.
1605 3983 1733 4039 Edidisse
1742 3999 1851 4056 quo-

126 4075 281 4142 dinatione,
296 4077 339 4130 vel
367 4076 540 4145 diaconatus,
555 4077 599 4132 vel
618 4076 801 4148 presbyterii,
820 4076 862 4132 vel
881 4076 940 4147 epi·
991 4094 1047 4150 que
1061 4077 1201 4149 quosdam
1218 4075 1321 4131 liberos
1342 4093 1378 4130 ex
1393 4075 1521 4147 ejusdem
1534 4076 1667 4131 Ecclesia
1683 4076 1793 4131 familiis
1806 4110 1851 4139 9

126 4172 255 4237 scopatus
269 4168 383 4223 mortali
403 4168 523 4223 crimine
547 4169 671 4224 dixerint
689 4186 719 4224 se
732 4184 793 4223 esse
808 4168 939 4240 pollutos,
991 4170 1093 4242 quibus
1107 4170 1193 4225 etiam
1207 4185 1272 4225 cum
1283 4169 1344 4223 aliis
1360 4169 1437 4224 adse
1451 4169 1662 4240 pertinentibus
1676 4168 1851 4225 omnibu*

127 4258 325 4327 usupradictis
347 4260 494 4314 ordinibus
512 4260 731 4325 submovendos,
752 4277 816 4315 reos
834 4261 940 4316 scilicet
990 4261 1847 4334 ampliusquamquinquagintareperilurutriusquesexu9

125 4350 168 4404 vel
182 4350 241 4405 vari
254 4351 441 4420 confessione,
454 4353 500 4407 vel
515 4352 664 4407 mendacio
687 4352 827 4408 falsitatis.
844 4354 940 4425 Neque
991 4356 1101 4412 dedisse
1115 4354 1270 4426 mancipia3
1281 4353 1384 4426 quibus
1396 4355 1509 4409 damnis
1518 4354 1557 4408 ita
1567 4354 1697 4426 cognitis,
1705 4354 1771 4426 quia
1777 4350 1851 4411 eff·

126 4443 203 4499 enim
230 4445 335 4500 absolvi
358 4450 451 4516 potest
469 4447 499 4500 in
520 4445 573 4512 bis,
593 4445 615 4499 si
635 4446 664 4500 in
681 4446 788 4517 seipsos
805 4446 1090 4528 dixerint,[)cuncta
1111 4447 1240 4503 remedia
1259 4446 1428 4502 intrinsecus
1451 4448 1553 4502 domus
1572 4452 1634 4503 tam
1652 4447 1841 4504 induentes

124 4538 200 4608 quod
216 4537 323 4593 dietum
337 4538 366 4593 in
380 4538 622 4610 aliospuniretur,
633 4538 771 4610 quoniam
784 4538 876 4594 omnis
889 4539 939 4610 qui
989 4542 1092 4612 largita
1111 4540 1235 4609 fuerant,
1249 4556 1285 4594 ne
1307 4540 1385 4612 quod
1404 4539 1440 4594 ad
1462 4540 1659 4611 integritatem
1677 4541 1851 4597 Ecclesia

125 4628 178 4683 sibi
191 4630 278 4687 fuerit
292 4632 392 4687 mortis
411 4648 496 4687 eausa
508 4631 600 4702 major
621 4630 762 4687 homicida
783 4631 828 4686 sit.
846 4631 939 4686 uulsa
989 4629 1131 4700 reliquum
1157 4632 1328 4700 superesset,
1353 4643 1419 4682 cum
1441 4627 1519 4682 nulla
1544 4629 1703 4687 imminens
1723 4638 1851 4686 caussa*

124 4720 242 4792 quidm
261 4728 289 4778 et
301 4725 365 4779 alia
379 4725 531 4780 sententia
546 4725 611 4780 huie
626 4727 760 4797 poterant
772 4724 878 4779 innecti
894 4723 940 4779 de
989 4737 1148 4794 pauperum
1161 4720 1336 4776 necessitatis
1350 4721 1493 4788 existeret,
1507 4737 1572 4793 quae
1585 4721 1640 4777 hoc
1653 4726 1716 4778 hm
1739 4723 1851 4779 inte‘

125 4817 212 4879 creto,
221 4832 284 4887 quae
298 4817 465 4886 praedictum
476 4818 638 4875 Potamium
648 4819 815 4890 episcopum
824 4817 940 4873 severis-
990 4819 1078 4886 great
1089 4814 1212 4886 perfecte
1222 4813 1396 4869 examussim
1409 4829 1528 4884 erogare
1537 4813 1851 4889 deposceretatqnfi

124 4906 195 4961 sima
215 4909 384 4964 auctoritate
406 4909 530 4980 abjicere
550 4911 664 4981 jubent,
682 4911 732 4966 sed
754 4927 788 4966 ex
806 4910 939 4965 omnibus
989 4925 1041 4980 pro
1054 4907 1164 4963 libertis
1178 4907 1232 4963 illis
1244 4906 1316 4963 nihil
1328 4907 1487 4962 secundum
1500 4906 1671 4963 canonicam
1684 4910 1851 4965 muctie‘

124 4999 198 5054 hanc
212 4999 399 5072 conscriptam
412 5018 518 5073 ponere
533 5004 703 5059 sententiam
716 5003 937 5072 maluimus,ue,
989 5017 1056 5057 nem
1073 5000 1172 5056 datum
1194 4999 1224 5055 in
1245 4999 1477 5055 communionem
1497 5002 1667 5071 patesceret,
1686 5001 1739 5058 sed
1755 4999 1851 5057 ned

124 5092 147 5146 si
162 5091 247 5147 totius
268 5092 460 5150 damnationis
483 5095 573 5150 edicta
593 5096 818 5167 replicassemus,
833 5096 939 5167 gravis·
988 5109 1040 5166 pro
1052 5092 1205 5165 mancipiis
1219 5094 1248 5146 et
1259 5091 1376 5163 reliquis
1388 5092 1473 5148 rebus
1486 5091 1594 5147 eisdem
1603 5091 1846 5151 libertiseollv

124 5184 202 5239 sima
221 5184 337 5240 ultionis
359 5190 487 5242 auctores
502 5187 620 5244 existere
633 5188 803 5243 videremur.
823 5189 938 5244 Factum
987 5186 1142 5259 tisaliquid
1157 5185 1186 5241 in
1204 5184 1432 5256 repensationem
1447 5184 1570 5241 ecclesia
1585 5186 1719 5244 relictum
1727 5191 1797 5245 note

123 5277 271 5333 decretum
287 5277 338 5332 sub
352 5278 398 5334 die
413 5280 604 5335 Kalendarum
628 5279 798 5351 Decembris,
809 5297 886 5336 anuo
895 5280 937 5336 fe·
988 5285 1089 5347 sceret,
1098 5294 1198 5334 verum
1211 5281 1240 5333 et
1250 5293 1334 5333 suam
1349 5292 1410 5332 rem
1424 5277 1462 5331 ita
1475 5277 1505 5332 in
1517 5278 1634 5334 nomine
1646 5278 1851 5353 pauper-nr!

123 5369 215 5425 liciter
229 5373 329 5426 oetam
338 5371 421 5443 regni
436 5371 632 5443 gloriosissimi
647 5372 759 5428 Domini
771 5373 936 5428 Recessiun·
987 5372 1153 5443 relegasset,
1168 5387 1205 5427 ne
1218 5370 1327 5443 aliquid
1339 5369 1459 5426 remedii
1475 5386 1510 5426 ex
1524 5371 1577 5426 huc
1600 5371 1851 5429 ecclesiastem

122 5462 165 5517 tlri
176 5463 262 5535 regis.
276 5464 430 5536 Eugenius,
443 5464 735 5536 indignus'loletanae
749 5465 824 5521 sedis
837 5469 939 5521 metro
988 5482 1055 5520 usus
1071 5465 1237 5536 attingeret,
1261 5463 1340 5520 ducti
1363 5479 1461 5519 sumus
1482 5467 1543 5521 tam
1561 5462 1681 5521 rationis
1702 5461 1851 5523 inruit

123 5553 267 5622 politanus
292 5556 452 5629 episcopus,
471 5557 526 5612 hoc
548 5556 648 5628 judieii
673 5558 764 5614 nostri
792 5558 938 5614 decretum
987 5573 1075 5629 quam
1087 5560 1276 5630 paternarum
1291 5557 1471 5613 unctionum
1495 5556 1580 5627 dicto,
1602 5557 1695 5631 ipsius
1719 5562 1851 5616 tested

124 5643 288 5718 subscripsi.
305 5648 443 5705 Similiter
454 5652 483 5704 et
501 5649 548 5707 alii
564 5649 687 5725 episcopi
711 5650 939 5722 subscripserunt
987 5650 1078 5706 menti
1090 5650 1204 5719 seriem,
1219 5650 1272 5705 etsi
1287 5666 1345 5705 non
1360 5666 1561 5725 usquequaque
1582 5650 1613 5708 in
1628 5650 1747 5711 irritam
1760 5647 1851 5709 dd

115 5748 243 5791 numero
256 5742 299 5795 17.
988 5758 1099 5813 vocare,
1122 5743 1152 5797 in
1175 5743 1302 5815 quodam
1329 5746 1424 5801 umen
1445 5744 1611 5802 rationabili
1636 5732 1851 5805 auetoritatd
