3870 6150
735 270 972 330 recantantur
991 270 1184 330 COLOECTIO.

414 590 702 684 lNGlPlUNT
748 591 1009 684 natanta
1054 588 1294 684 JOANNlS
1338 587 1520 682 PAPAE.

159 945 280 1001 massas
296 945 373 1001 urbis
388 947 488 1003 ilomae
510 946 660 1021 episcopus
680 949 824 1007 Zacnanra
844 948 941 1005 archi·
950 958 1050 1036 Aaou
1069 950 1154 1003 exeat
1165 946 1337 1019 impunitus,
1351 946 1401 1002 sed
1414 963 1480 1002 curn
1494 946 1730 1020 multiplicatione
1741 962 1805 1003 om·

123 1038 259 1111 episcopo
274 1039 404 1096 salutem.
889 1066 893 1075 ·
989 1039 1038 1097 nia
1051 1040 1198 1111 restituat,
1214 1041 1292 1097 unde
1309 1044 1339 1096 et
1357 1039 1386 1094 in
1411 1039 1566 1113 Evangelio
1587 1041 1724 1112 scriptum
1741 1044 1805 1096 est:

160 1131 255 1203 Exigit
276 1133 387 1188 dilectio
400 1138 459 1202 tua,
472 1135 750 1208 fratercharissime,
765 1139 941 1210 praeceptum
991 1134 1106 1199 «Quod
1128 1134 1152 1189 si
1175 1134 1281 1207 aliquid
1304 1133 1480 1204 defraudavi,
1502 1132 1590 1190 reddo
1612 1133 1806 1207 quadruplum

122 1225 380 1298 apostolicaesedis,
389 1226 417 1282 in
430 1243 487 1300 quo
496 1229 613 1285 Petrum
624 1228 739 1287 decreta
748 1230 940 1299 consentiunt,
990 1227 1065 1300 (buc.
1089 1245 1148 1297 xrx,
1169 1229 1238 1300 8).»
1259 1230 1293 1284 Et
1314 1228 1345 1283 in
1367 1227 1480 1301 legibus
1503 1227 1599 1283 sacculi
1621 1230 1737 1283 cautum
1759 1228 1808 1283 ha·

122 1319 200 1392 quod
220 1337 274 1376 nec
288 1320 350 1389 tibi,
365 1337 418 1378 nec
433 1322 483 1377 ulli
498 1328 575 1379 recte
596 1323 761 1395 viventium,
777 1329 807 1381 et
820 1324 940 1381 creden·
990 1321 1095 1378 betur:
1110 1322 1165 1387 Qui
1177 1338 1239 1377 rem
1253 1321 1377 1393 subripit
1398 1321 1536 1389 alienam,
1551 1320 1593 1376 illi
1607 1320 1688 1393 cujus
1708 1337 1753 1378 res
1768 1320 1808 1376 di·

123 1413 197 1468 bum
209 1414 388 1471 sacerdotum
409 1431 518 1489 negare
531 1416 573 1471 ias
586 1432 647 1473 esse
665 1417 816 1474 credimus.
831 1418 942 1474 Etlicet
990 1416 1376 1488 reptaest,innndecuplum
1386 1414 1807 1488 quaesublatasunt,restitnat,
1870 1473 1875 1478 ,

122 1506 358 1579 tibipromerito
374 1509 527 1565 ethonore
549 1510 700 1567 sacerdotii
715 1528 771 1584 quo
784 1511 941 1584 plurimum
990 1510 1065 1565 Etin
1079 1510 1143 1583 lege
1163 1509 1260 1566 divina
1279 1509 1387 1583 legitur
1403 1526 1410 1565 :
1429 1531 1443 1560 «
1458 1509 1621 1565 Maledictus
1644 1508 1739 1565 omnis
1758 1509 1808 1581 qui

121 1601 216 1674 polles
228 1600 351 1671 vivendi,
364 1606 395 1658 et
407 1603 527 1660 docendi
538 1604 738 1662 ecclesiastice
752 1605 859 1678 regulae
871 1609 942 1662 nota
990 1604 1127 1659 transfert
1148 1604 1289 1660 terminos
1308 1603 1432 1675 proximi
1453 1604 1507 1659 sui.
1521 1604 1556 1658 Et
1575 1602 1650 1658 dicet
1673 1603 1807 1676 populus,

122 1694 183 1751 sint
194 1695 301 1766 omnia,
316 1699 413 1753 tamen
427 1697 497 1770 quia
509 1697 646 1755 llomanae
660 1699 791 1756 Ecclesiae
805 1716 940 1757 normam
990 1700 1079 1753 Amen
1092 1697 1181 1771 (licut.
1195 1714 1279 1768 xxvrr,
1293 1698 1345 1770 lt).
1358 1696 1462 1752 »Talia
1477 1712 1548 1769 ergo
1559 1713 1617 1753 nen
1633 1712 1809 1768 presuman-

121 1794 210 1863 atque
233 1791 430 1848 auctoritatem
457 1808 634 1865 magnopore
660 1794 809 1866 postulasti
830 1794 942 1868 scriptis
989 1796 1038 1849 tur
1064 1790 1171 1864 absquo
1197 1791 1315 1861 aldone,
1338 1808 1390 1848 nec
1413 1793 1604 1847 exerceantur
1625 1790 1732 1862 absque
1756 1806 1808 1846 sue

122 1883 181 1939 tuis
188 1883 312 1941 breviter
320 1885 495 1958 respondere
505 1887 677 1943 curavimus.
688 1888 727 1944 lle
736 1889 854 1946 occultis
863 1888 941 1945 enim
991 1886 1185 1943 damnatione.
1205 1887 1247 1942 Tu
1269 1902 1347 1956 vero,
1361 1886 1450 1942 trater
1471 1883 1647 1954 charissime,
1663 1883 1723 1939 haec
1743 1882 1807 1940 vide

122 1977 220 2035 cordis
237 1978 323 2034 alieni
339 1982 447 2036 temere
464 1980 596 2052 judicare
608 1981 740 2054 iniquum
751 1988 815 2039 est:
835 1983 941 2039 etenim
990 1995 1027 2036 ne
1049 1979 1279 2053 transgrediaris,
1301 1983 1329 2036 et
1350 1979 1474 2052 reliquos
1495 1978 1642 2050 episcopos
1666 1980 1726 2034 tarn
1748 1981 1808 2034 tute

121 2071 206 2142 cujus
219 2087 277 2127 non
289 2071 423 2130 videntur
434 2089 521 2146 opera
534 2074 589 2130 uisi
606 2075 683 2132 bona
700 2082 885 2149 peccatorum
899 2080 943 2134 est
991 2089 1068 2129 curte
1086 2074 1263 2145 commissos,
1286 2076 1316 2129 et
1335 2073 1407 2129 alios
1429 2072 1552 2129 tirmiter
1574 2076 1672 2128 tenere
1696 2070 1807 2139 doceto,

122 2181 160 2221 ex
172 2165 333 2239 suspicione
346 2168 571 2240 reprehendere,
587 2169 659 2227 Oves
671 2185 741 2244 ergo
754 2186 820 2242 qnae
833 2172 942 2242 pastori
991 2167 1060 2241 quia
1085 2168 1249 2240 transgredi
1279 2167 1434 2241 apostolica
1463 2170 1568 2223 statrrta
1586 2165 1692 2238 absque
1717 2169 1807 2221 trans

121 2275 178 2315 sno
190 2259 349 2316 commissae
360 2261 488 2330 fuerunt,
503 2278 571 2318 cnm
589 2280 643 2319 nec
661 2264 873 2337 reprehendere
887 2264 942 2320 nisi
992 2262 1130 2335 grasseris
1142 2261 1248 2335 gradus
1259 2262 1388 2334 periculo
1399 2261 1561 2317 nullatenus
1572 2262 1703 2332 possnm.
1713 2259 1810 2316 inimi-

122 2369 142 2408 a
153 2358 230 2410 recta
243 2354 300 2410 fide
315 2355 527 2425 exorbitaverit,
541 2356 658 2426 debent,
672 2362 700 2414 et
717 2359 880 2414 nullatenus
893 2375 939 2414 ac-
950 2334 980 2408 B
991 2356 1031 2411 cis
1051 2373 1120 2412 vero
1144 2355 1363 2427 accusatoribus,
1380 2355 1424 2411 vel
1446 2355 1481 2411 de
1504 2353 1615 2410 inimici
1634 2353 1720 2410 domo
1739 2369 1808 2427 pro·
1913 2380 1917 2385 ·

122 2464 224 2504 casare
237 2452 370 2522 possunt,
385 2450 452 2522 quia
469 2449 544 2506 iacta
556 2454 703 2522 pastorum
715 2451 771 2507 oris
787 2451 883 2524 gladio
897 2453 940 2508 fc·
991 2450 1155 2519 deuntibus,
1171 2465 1220 2506 seu
1234 2450 1285 2523 qni
1299 2466 1365 2505 cum
1377 2448 1502 2506 inimicis
1514 2453 1665 2505 morantur
1676 2463 1736 2504 non
1747 2463 1808 2502 cre·

123 2542 226 2597 riende
247 2559 303 2599 non
326 2548 402 2612 sunt,
421 2559 587 2618 quanquam
608 2548 686 2602 recte
706 2546 941 2617 reprehendenda
991 2544 1085 2614 datur,
1107 2560 1144 2600 ne
1164 2543 1228 2599 irati
1250 2560 1355 2600 nocere
1377 2543 1505 2616 cupiant,
1529 2558 1566 2598 ne
1587 2541 1647 2598 laesi
1669 2557 1698 2597 se
1720 2541 1809 2596 velint

122 2635 287 2691 videantur.
304 2636 369 2693 ideo
378 2637 432 2694 isla
443 2637 578 2708 dicimus,
590 2638 658 2712 quia
671 2638 700 2695 iu
715 2639 828 2712 scriptis
841 2639 943 2697 vestris
992 2637 1090 2693 ulcisci
1104 2637 1134 2693 hi
1146 2653 1260 2712 quoque
1279 2636 1428 2710 rejiciendi
1443 2641 1519 2704 sunt,
1536 2652 1596 2692 non
1619 2635 1807 2708 approbandi.

124 2730 288 2800 reperimus
308 2731 448 2803 quosdam
466 2732 612 2805 episcopos
623 2733 723 2789 vestris
741 2732 772 2788 in
784 2733 943 2806 partibusa
993 2733 1068 2802 llaec,
1083 2731 1261 2801 charissime,
1283 2735 1360 2802 tene,
1376 2736 1405 2786 et
1428 2730 1573 2804 prohibita
1594 2746 1709 2802 semper
1732 2745 1807 2785 cavo.

124 2823 249 2895 propriis
262 2824 360 2879 ovibus
370 2829 526 2896 accusatos,
539 2825 649 2898 aliquos
664 2826 794 2884 videlicet
807 2844 843 2883 ax
855 2827 943 2901 suspi-
992 2825 1065 2882 lllud
1079 2825 1237 2898 adimplere
1251 2826 1343 2893 stude,
1358 2824 1433 2897 quod
1451 2825 1526 2880 bene
1546 2824 1582 2880 ad
1599 2825 1696 2880 lesum
1717 2823 1809 2878 illium

124 2917 222 2985 cione,
236 2920 266 2972 et
279 2918 390 2989 aliquos
403 2934 435 2973 er
448 2922 525 2974 certa
543 2919 653 2976 ratione
670 2936 677 2974 :
694 2920 840 2977 etidcirco
854 2937 942 2993 quos·
993 2919 1100 2992 Syrach
1113 2919 1223 2976 dictum
1237 2924 1280 2976 est
1295 2936 1302 2974 ε
1319 2920 1413 2992 Usque
1427 2919 1462 2975 ad
1475 2922 1600 2975 mortem
1614 2920 1689 2973 certa
1698 2933 1750 2990 pro
1759 2934 1809 2972 vc-

125 3010 193 3066 dam
214 3011 272 3065 suis
292 3027 352 3067 esse
373 3011 459 3067 rebus
482 3013 664 3085 exspoliatos,
680 3014 817 3085 quosdam
838 3031 904 3071 vero
926 3031 943 3069 a
993 3014 1088 3081 ritate,
1104 3019 1132 3071 et
1150 3030 1263 3087 semper
1275 3013 1414 3069 Dominus
1428 3014 1502 3070 Dens
1521 3016 1587 3067 tuus
1599 3010 1738 3084 pugnabit
1757 3027 1810 3083 pro

125 3104 246 3176 propria
271 3105 339 3160 sede
356 3105 461 3177 pulsos.
484 3106 560 3171 Quos
581 3107 651 3162 scias
672 3123 726 3162 nec
744 3108 781 3163 ed
801 3108 943 3180 synodum
992 3114 1032 3163 te.
1048 3108 1136 3180 Hujus
1152 3124 1221 3180 ergo
1235 3108 1276 3163 rei
1291 3108 1381 3180 gratie
1394 3107 1474 3162 vobis
1487 3109 1515 3162 et
1529 3106 1610 3161 nobis
1623 3109 1721 3163 sancta
1732 3121 1809 3161 com-

125 3197 405 3271 comprovincialem,
413 3200 507 3255 necad
517 3201 942 3274 generalemposseconvocare,
993 3201 1080 3257 missa
1109 3205 1153 3256 est
1174 3201 1306 3269 Ecclesia,
1329 3204 1361 3256 ut
1383 3217 1436 3272 pro
1459 3200 1591 3256 omnibus
1614 3200 1760 3256 laboribus
1783 3205 1812 3256 et

125 3308 181 3347 nec
192 3291 299 3365 aliquid
309 3293 440 3365 judicare
448 3297 606 3367 antequam
619 3301 721 3352 cuncta
729 3312 794 3369 quae
802 3295 944 3353 eisablata
993 3295 1102 3351 cunctis
1119 3311 1203 3368 opem
1216 3296 1293 3351 ferre
1307 3311 1366 3351 non
1381 3294 1578 3367 negligamus3
1593 3294 1728 3368 qnoniam
1742 3294 1811 3350 dum

126 3391 196 3443 sunt
212 3386 325 3459 legibus
344 3388 477 3459 potestati
496 3404 598 3445 eornm
619 3389 841 3463 reintegrentur.
866 3389 944 3446 Prius
992 3389 1075 3445 fortis
1089 3392 1216 3444 armatus
1227 3388 1351 3444 custodit
1371 3388 1477 3444 atrium
1499 3403 1596 3456 suum,
1610 3386 1640 3441 in
1653 3403 1723 3459 pace
1744 3394 1812 3443 sunt

126 3496 199 3552 ergo
212 3485 325 3554 oportet
338 3482 436 3537 omnia
446 3482 494 3538 illa
506 3482 617 3555 legibus
629 3483 810 3556 reintegrari,
821 3488 850 3540 et
859 3484 945 3540 eccle
994 3483 1091 3538 omnia
1105 3499 1169 3555 qnae
1184 3481 1319 3555 possidet.
1335 3481 1461 3554 ideoque
1482 3485 1563 3537 tanta
1574 3483 1697 3554 urgente
1710 3497 1810 3537 neces·

126 3574 184 3630 aias
194 3590 259 3646 quoe
274 3575 327 3631 sibi
341 3575 459 3632 sublatae
471 3581 547 3644 sunt,
561 3593 628 3632 cum
640 3577 722 3633 omni
733 3577 883 3651 privilegio
893 3595 944 3634 suo
994 3577 1076 3634 sitate
1089 3592 1271 3649 summopere
1284 3581 1377 3632 vestra
1396 3575 1611 3650 apostolicaque
1632 3575 1810 3643 auctoritate,

126 3669 255 3739 restitui,
276 3674 305 3724 et
325 3671 507 3742 postmodum
522 3688 582 3727 non
604 3671 657 3727 sub
672 3671 787 3744 angusti
804 3673 945 3745 temporis
954 3674 1023 3784 cet
1044 3670 1169 3743 reliquos
1190 3670 1339 3743 episcopos
1365 3672 1480 3742 oportet
1503 3669 1660 3741 reprimere
1683 3669 1810 3737 infestos,

126 3762 230 3834 spatio,
241 3762 412 3820 sedtantum
422 3765 560 3837 temporis
574 3764 700 3838 spatium
713 3766 753 3822 eis
763 3765 946 3838 indulgeatur
994 3766 1120 3821 relevare
1139 3780 1298 3838 oppressos,
1312 3769 1346 3821 nt
1363 3764 1470 3837 absque
1493 3763 1574 3836 gravi
1589 3762 1710 3820 Domino
1729 3764 1810 3819 auxi·

126 3859 270 3929 quantum
283 3857 434 3931 exspoliati
448 3860 491 3915 vel
505 3859 613 3932 expulsi
630 3876 692 3916 esse
706 3859 849 3929 videntur,
863 3866 944 3917 antc-
994 3858 1083 3914 liante
1091 3858 1270 3929 difficultate,
1278 3858 1334 3931 ipsi
1344 3861 1492 3930 gratanter
1501 3856 1720 3929 omnitempore
1729 3857 1812 3913 sacri·

125 3966 216 4022 quam
230 3950 267 4007 ad
279 3952 421 4024 synodum
433 3957 634 4024 convocentur,
644 3959 672 4010 et
681 3953 717 4009 ab
730 3954 946 4027 omnibusqnis·
994 3952 1080 4008 licere
1101 3967 1267 4008 mereamur
1280 3951 1370 4007 illesi.
1385 3950 1428 4007 dd
1450 3968 1499 4006 vos
1516 3966 1629 4024 quoque
1647 3967 1694 4007 me
1709 3952 1812 4007 reverti

128 4060 188 4117 que
199 4061 257 4101 suae
270 4043 425 4119 provinciae
434 4047 572 4121 episcopis
583 4047 726 4105 audiatur.
736 4049 807 4104 llam
817 4064 871 4105 nec
880 4065 946 4104 con·
995 4046 1073 4119 cogit
1084 4044 1226 4126 propositi⁴
1232 4044 1327 4118 operis
1336 4045 1429 4100 amica
1438 4045 1577 4113 conditio,
1589 4044 1640 4117 qui
1648 4044 1812 4101 melioribus

127 4138 224 4194 vocari
236 4138 273 4193 ad
285 4156 411 4211 causam,
424 4156 478 4197 nec
493 4140 642 4214 dijudicari
661 4144 754 4215 potest
771 4141 947 4215 exspoliatus
994 4141 1135 4198 hactenns
1145 4156 1232 4213 opera
1241 4139 1317 4196 volui
1330 4155 1437 4196 novare
1450 4138 1639 4208 sermonibus,
1647 4139 1717 4196 dum
1727 4141 1811 4195 talem

127 4234 172 4288 vel
183 4233 326 4304 expulsus,
336 4235 403 4307 quia
415 4239 525 4291 nonest
533 4236 714 4308 privilegium
725 4252 784 4308 quo
794 4236 946 4308 exspoliari
995 4236 1139 4292 rationem
1148 4234 1239 4307 exigit
1250 4233 1375 4290 toxicata
1383 4234 1547 4304 necessitas,
1555 4233 1684 4290 mandati
1695 4234 1814 4290 coelcstis

128 4326 368 4399 possitnndatus;
382 4327 461 4386 unde
470 4334 500 4385 et
509 4329 667 4403 antiquitus
681 4330 826 4391 decretum
835 4335 877 4386 eet
887 4346 947 4386 om·
996 4329 1136 4386 habitatio
1149 4345 1200 4384 nos
1221 4333 1271 4384 ant
1285 4328 1395 4399 miscet,
1412 4333 1463 4385 aut
1484 4331 1614 4402 separat3
1628 4345 1682 4384 nec
1696 4327 1814 4385 interest

127 4437 183 4476 nes
193 4421 393 4492 possessiones,
404 4426 434 4479 et
445 4423 542 4479 omnia
554 4423 608 4480 sibi
623 4423 732 4480 sublata
742 4427 827 4497 atquc
837 4425 948 4481 fructus
996 4439 1062 4498 quae
1082 4423 1231 4479 intervalla
1253 4439 1304 4479 nos
1328 4427 1491 4496 segregent,
1507 4422 1532 4479 si
1555 4439 1611 4477 una
1632 4422 1663 4477 in
1682 4437 1814 4494 supernae

129 4517 249 4570 cunctos
264 4518 330 4571 ante
344 4516 422 4572 litem
440 4521 638 4586 contestatam,
653 4521 812 4590 preceptor
825 4519 868 4574 vel
886 4518 946 4591 pri·
997 4517 1153 4573 mansionis
1173 4517 1251 4572 clave
1265 4517 1442 4583 retinentur;
1457 4532 1511 4572 nec
1526 4515 1606 4571 vobis
1625 4515 1696 4572 tales
1711 4532 1814 4572 nocere

128 4624 195 4663 mas
206 4610 359 4680 possessori
376 4611 516 4668 restituat.
528 4613 562 4667 Et
573 4612 640 4668 alibi
655 4611 792 4684 scriptum
806 4612 946 4669 babetur:
997 4610 1161 4680 maluerint,
1172 4611 1196 4665 si
1210 4609 1333 4666 invicem
1344 4610 1519 4681 adjutorium
1529 4609 1623 4666 iacere
1634 4626 1692 4666 non
1701 4609 1815 4667 distule-

136 4701 244 4774 llleqni
253 4703 417 4760 violentiam
427 4690 547 4777 pertulit
555 4705 686 4761 universa
694 4705 725 4762 in
737 4709 813 4762 statu
822 4723 881 4779 quo
889 4707 949 4763 iue-
997 4706 1083 4762 ritis:
1102 4703 1267 4761 inauditum
1295 4703 1372 4759 enim
1399 4719 1490 4776 genus
1517 4703 1656 4776 sacrilegii
1676 4708 1815 4779 estquod

130 4800 209 4867 rant,
222 4797 351 4870 recipiat,
368 4804 396 4854 et
415 4815 480 4872 qum
503 4799 631 4872 possedit
651 4816 766 4857 securus
784 4804 889 4858 teneat.
915 4802 949 4857 Et
999 4799 1127 4856 mentitae
1136 4798 1432 4870 religionishonorem
1444 4797 1556 4871 praefixi
1567 4799 1814 4858 temnlicolorant.

131 4890 202 4946 alibi
214 4891 245 4946 in
256 4892 439 4964 synodalibus
451 4895 567 4949 Petrum
582 4894 713 4962 decretis,
728 4900 756 4951 et
770 4911 873 4968 regum
887 4895 948 4950 edi·
999 4893 1171 4950 [lehonestat
1196 4892 1276 4949 enim
1297 4892 1452 4949 venemndi
1474 4893 1666 4950 reverentiam
1690 4896 1815 4953 nominis

131 4984 950 5061 ctislegiturstatntum:lleintegrandasnntomniaexspo·
999 4987 1048 5061 qui
1061 4987 1223 5059 adjutorem
1237 5002 1268 5042 se
1283 4986 1314 5042 in
1331 4986 1455 5059 hisquae
1473 4987 1503 5042 in
1517 4987 1606 5044 ileum
1620 4988 1719 5062 jactat,
1734 5008 1814 5047 com·

131 5078 209 5134 liatis
221 5079 265 5135 vel
279 5079 376 5152 ejectis
385 5080 535 5154 episcopis,
546 5083 763 5154 presentialiter
772 5082 951 5139 ordinatione
960 5084 990 5158 D
1000 5081 1087 5138 missa
1099 5081 1258 5155 pollicetur.
1273 5080 1461 5137 Contumelie
1473 5097 1564 5154 genus
1576 5087 1620 5140 est
1631 5084 1714 5156 quasi
1725 5083 1756 5138 in
1769 5101 1814 5140 so-

132 5172 315 5245 pontiflcnm,
329 5175 400 5230 etin
414 5191 515 5231 eorum
528 5176 606 5232 unde
619 5177 817 5233 abscesserunt
827 5181 948 5250 potesta·
999 5175 1068 5232 latio
1080 5192 1141 5233 esse
1154 5175 1270 5231 sublimi
1280 5176 1364 5248 juxta
1375 5177 1561 5248 Apostolum:
1577 5198 1592 5228 α
1604 5176 1645 5232 Tu
1656 5176 1706 5248 qui
1719 5192 1749 5231 es
1765 5178 1815 5250 qui

133 5270 197 5322 tem
206 5266 335 5324 innffitus
348 5269 518 5338 revocanda,
529 5286 698 5343 quacunque
709 5271 872 5329 conditione
881 5274 952 5327 tem·
997 5270 1109 5344 judicas
1128 5269 1256 5326 alienum
1276 5270 1410 5326 servum?
1422 5292 1436 5321 »
1451 5269 1525 5336 Quid
1545 5269 1662 5326 auribus
1675 5268 1817 5341 imperitis

132 5359 221 5434 poris,
231 5366 282 5417 ant
293 5361 368 5433 dolo,
379 5367 429 5418 aut
440 5363 614 5437 captivitate,
624 5367 674 5420 aut
685 5365 789 5421 virtute
798 5365 950 5437 majorum,
1000 5364 1124 5421 illudunt
1138 5367 1168 5420 et
1182 5363 1342 5437 graviorem
1355 5363 1489 5421 vindictae
1503 5363 1627 5436 speciem
1637 5363 1746 5419 famant
1756 5382 1817 5422 esse

133 5458 186 5511 ant
205 5471 258 5527 per
279 5472 464 5529 quascunque
488 5457 609 5529 injustas
631 5474 738 5528 musas,
756 5475 801 5515 res
821 5458 952 5515 Ecclesiae
1001 5457 1346 5531 quamculptetSiodinm
1356 5455 1816 5526 habent,excessibnsemendent.

133 5548 179 5604 vel
190 5549 331 5622 proprias,
341 5555 390 5606 aut
400 5551 575 5608 substantias
587 5568 651 5607 snas
663 5552 822 5624 perdidisse
833 5568 953 5609 noscun-
1000 5553 1057 5609 Cur
1072 5569 1140 5624 argo
1154 5552 1273 5608 liberius
1285 5552 1481 5608 condemnant
1493 5549 1598 5606 scelera
1608 5567 1696 5623 quam
1709 5551 1818 5610 vitenti

134 5647 194 5713 tur,
204 5647 271 5700 ante
284 5645 503 5717 accusationem,
516 5651 566 5702 aut
581 5646 745 5718 regularem
759 5646 795 5703 ad
809 5646 952 5719 synodum
1001 5646 1050 5702 Sui
1063 5647 1191 5719 proiecto
1204 5646 1391 5720 impugnator
1402 5647 1444 5700 est
1457 5643 1552 5699 omnis
1563 5643 1613 5717 qui
1630 5645 1728 5702 Patres
1740 5646 1816 5704 inse·

134 5737 315 5795 vocationem
329 5755 441 5812 eorum,
452 5744 480 5796 et
492 5740 610 5813 reliqna.
625 5742 673 5797 Est
685 5741 772 5797 etiam
783 5739 814 5796 in
828 5741 954 5814 antiquis
1002 5741 1111 5814 quitur,
1126 5743 1177 5797 aut
1188 5740 1339 5797 donabere
1352 5754 1410 5793 non
1429 5736 1578 5795 formidat.
1594 5738 1668 5795 Nihil
1684 5745 1727 5798 est
1740 5742 1817 5798 enirn

134 5831 267 5891 Ecclesire
294 5833 405 5890 statutis
427 5834 582 5903 decretum,
597 5837 629 5891 ut
647 5833 697 5909 qui
717 5834 812 5892 aliena
832 5835 952 5904 invadit,
1003 5835 1183 5892 inimicorum
1197 5834 1227 5890 in
1246 5850 1304 5907 quo
1326 5833 1381 5889 tela
1400 5832 1522 5888 Domino
1533 5848 1620 5905 opem
1634 5834 1743 5895 terente
1757 5852 1816 5894 non
