3870 6150
203 274 271 328 tlt-27
651 269 793 326 APPEND.
812 271 857 327 AD
875 270 955 329 SAEG.
978 271 1021 327 lx.
1036 297 1070 312 -·
1089 269 1212 327 tsluolu
1229 271 1442 328 llEllCh'l'DlllS
1825 273 1884 332 ιθιι

204 377 385 450 negligentia
399 376 589 433 sacerdotum.
604 379 679 434 Sane
697 384 779 434 reatu
798 379 907 452 majore
926 379 1017 435 delin·
1028 393 1058 467 Α
1069 377 1203 433 omnibus
1224 394 1404 451 summopere
1424 379 1560 436 convenit
1580 377 1738 435 observare
1763 384 1797 435 ιι
1817 380 1885 436 ohla-

201 472 265 544 quit
280 471 331 543 qui
343 470 454 543 potiore
467 470 576 528 honore
589 472 749 544 perfruitur
763 476 792 530 et
804 474 936 546 graviora
951 473 1020 529 lacit
1068 471 1162 528 tiones
1181 471 1307 527 fidelium
1325 472 1473 529 anemine
1493 476 1722 546 presumantur,
1737 475 1770 528 et
1790 472 1885 547 absque

201 565 272 620 vitia
280 565 477 637 peccaminum
488 565 647 622 sublimitas
657 566 840 638 dignitatum.
851 568 915 623 ldeo
925 571 1020 624 tacere
1068 581 1208 622 consensu
1219 567 1398 623 atvoluutate
1410 566 1538 640 episcopi
1547 567 1578 622 in
1590 566 1676 639 cujus
1685 566 1886 639 dignoscuntur

203 676 260 715 non
273 659 409 715 debemus
422 660 471 716 sed
484 676 593 733 eaque
616 661 777 717 necessaria
792 661 853 717 fore
867 661 1017 734 agnoveri·
1069 675 1129 716 esse
1150 659 1288 732 parochia
1310 663 1339 716 et
1359 664 1499 732 potestate
1522 660 1672 733 possidere
1688 661 1736 716 vel
1757 661 1884 718 dominari

203 770 279 820 mus,
293 753 411 809 viriliter
429 754 574 827 corrigere
588 759 617 810 et
630 756 785 813 emendare
806 762 977 830 salaminus,
991 759 1021 812 et
1069 757 1230 822 tententur;
1243 754 1383 826 quoniam
1403 754 1536 811 nonnulli
1557 770 1713 811 memores
1726 755 1772 810 sui
1786 772 1836 829 pro
1848 773 1883 812 re-

203 863 237 904 ea
250 863 314 919 que
327 847 428 903 nociva
449 852 516 904 sunt
537 848 702 921 exstirpare,
716 855 803 922 prout
816 850 954 906 Dominus
969 850 1017 906 de·
1070 847 1206 902 missione
1229 848 1430 920 peccaminum
1450 865 1570 906 suorum
1587 853 1618 905 ct
1632 852 1780 922 paterne,
1792 850 1884 907 vitain

204 941 289 1011 derit,
307 958 367 997 non
388 942 580 1013 negligamus.
605 943 645 996 llh
668 943 809 998 universis
832 943 972 1016 episcopis
992 946 1021 1000 et
1070 941 1213 998 creatione
1228 942 1263 998 de
1277 942 1458 999 facultatibus
1479 943 1538 999 suis
1552 946 1614 998 tam
1636 959 1744 1000 rerum
1768 943 1883 1000 immobi-

203 1035 378 1108 presbyteris
417 1036 604 1090 acclamatum
641 1042 682 1092 est
708 1054 714 1091 :
744 1037 864 1107 Exaudi,
898 1037 1019 1106 Christe,
1069 1035 1886 1109 liumquedamveroperscripturasEcclesiistradidemnt

204 1129 376 1202 Symmacho
400 1145 483 1201 pape
505 1130 576 1200 vita,
602 1130 710 1186 dictum
742 1135 784 1187 est
816 1131 932 1204 septies.
956 1133 1021 1188 llec
1070 1134 1100 1185 ιι
1108 1130 1167 1184 Deo
1180 1131 1301 1186 creatori
1310 1147 1361 1187 suo
1372 1132 1577 1203 perpetualiter
1589 1131 1733 1188 habenda
1743 1131 1883 1192 dederunt:

204 1225 417 1290 confirmamus,
432 1227 461 1278 et
480 1223 540 1278 hec
558 1224 710 1292 docemus:
726 1224 836 1280 dictum
857 1230 899 1282 est
921 1226 1019 1282 octies.
1070 1238 1128 1295 quo
1142 1226 1244 1279 contra
1257 1224 1381 1280 adversis
1400 1224 1493 1281 Deum
1511 1225 1610 1280 minus
1625 1225 1810 1293 timentibus,
1822 1230 1884 1281 cate

204 1317 345 1374 Doctrinae
368 1322 467 1373 vestre
488 1317 593 1389 gratias
616 1318 729 1391 agimus
752 1319 898 1391 ingentes;
913 1319 1021 1376 dictum
1071 1333 1126 1373 nus
1158 1318 1307 1375 mortifera
1340 1318 1493 1375 calliditate
1522 1322 1676 1390 tenentur,
1715 1322 1750 1374 ut
1780 1318 1883 1374 abarum

204 1416 247 1467 est
260 1410 361 1467 decies.
385 1412 438 1466 lsta
457 1413 610 1466 teneantur
621 1417 650 1467 et
663 1412 715 1467 ista
736 1412 921 1469 observentur
934 1429 1020 1486 roga·
1071 1411 1178 1467 oblatio
1200 1411 1255 1468 illis
1273 1412 1415 1485 pertineat
1428 1412 1463 1468 ad
1476 1412 1602 1468 ruinam.
1619 1415 1680 1470 Nec
1695 1412 1803 1469 intueri
1815 1415 1885 1470 corde

205 1523 269 1562 mus
276 1523 284 1575 ;
304 1505 412 1562 dictum
436 1510 479 1561 est
499 1505 659 1562 duodecies.
685 1506 795 1579 Dignus
816 1523 900 1579 papa,
918 1507 1022 1579 dignus
1071 1511 1190 1577 possunt
1210 1505 1286 1562 diem
1304 1506 1416 1579 judicii,
1431 1507 1501 1562 dum
1514 1506 1615 1563 nimie
1629 1507 1805 1580 cupiditatis
1821 1507 1884 1563 dele·

205 1601 312 1656 doctor.
344 1601 379 1653 Et
410 1598 483 1655 lactc
508 1599 633 1669 silentio,
657 1601 844 1672 Symmachus
875 1601 1022 1675 episcopus
1071 1603 1184 1655 ctantur
1195 1600 1307 1656 ardore.
1328 1601 1409 1657 Unde
1422 1609 1573 1673 precamur
1587 1606 1621 1657 nt
1644 1601 1836 1674 antiquorum
1848 1604 1886 1657 la·

204 1694 276 1750 dixit
291 1710 298 1749 :
317 1693 484 1751 Communis
506 1693 586 1749 dolor
601 1698 629 1749 et
653 1694 796 1766 generalis
820 1698 864 1751 cst
888 1697 1022 1769 gemitus,
1072 1696 1149 1748 trum
1161 1694 1276 1766 regulas
1288 1711 1353 1767 que
1370 1694 1457 1750 modo
1473 1700 1593 1768 propter
1604 1695 1752 1768 injuriam
1766 1713 1885 1769 quorum

206 1789 282 1860 qrrod
291 1787 526 1843 intraEcclesiam
536 1788 643 1843 nostris
652 1792 681 1844 et
688 1789 836 1844 retroactis
846 1780 1061 1861 temporibusB
1072 1787 1138 1842 dam
1160 1788 1242 1860 quasi
1256 1788 1353 1844 oblite
1367 1788 1520 1860 habentur,
1534 1789 1699 1857 renovetis,
1713 1794 1750 1845 ut
1762 1790 1817 1845 tale
1826 1789 1888 1861 judi·

206 1882 241 1938 de
263 1880 410 1937 invasione
431 1897 529 1936 rerum
553 1880 807 1939 ecclesiasticarum
826 1888 854 1938 et
873 1884 1022 1940 vexatione
1072 1880 1149 1936 cium
1162 1897 1249 1954 super
1261 1882 1302 1938 eis
1314 1882 1373 1952 liat,
1386 1885 1418 1937 ut
1429 1880 1526 1956 25ss
1537 1887 1590 1938 aut
1602 1884 1767 1939 manifeste
1777 1883 1887 1939 haretici

205 1975 385 2032 sacerdotum
400 1975 594 2047 cognovimus,
607 1992 727 2048 queres
740 1993 798 2033 non
813 1994 864 2033 nos
878 1978 961 2047 solos,
972 1978 1023 2034 sed
1072 1976 1122 2048 qui
1137 1975 1288 2031 Ecclesiam
1300 1977 1351 2033 Dei
1363 1976 1505 2045 scindunt,
1523 1983 1551 2033 et
1564 1976 1807 2034 anathematizati
1816 1982 1887 2050 atque

205 2087 306 2127 omnes
331 2069 447 2124 Domini
472 2069 565 2142 tangit
589 2070 757 2127 sacerdotes.
779 2072 823 2142 Et,
838 2071 905 2128 licet
924 2073 986 2128 hec
1006 2089 1023 2128 a
1071 2069 1107 2125 ab
1119 2069 1241 2125 Ecclesia
1255 2070 1305 2126 Dei
1318 2073 1448 2127 extorres
1465 2071 1640 2143 habeantur,
1656 2078 1713 2128 aut
1724 2088 1780 2144 per
1797 2071 1888 2127 satisle

204 2163 461 2237 predecessoribus
477 2163 581 2218 nostris
593 2164 656 2234 jam
667 2164 814 2236 prohibita
829 2168 905 2234 sunt,
916 2167 1023 2223 ettales
1072 2162 1197 2219 chonam
1210 2163 1341 2220 Ecclesia
1358 2165 1394 2221 ad
1406 2163 1619 2237 poenitentiam,
1632 2170 1666 2222 et
1685 2165 1809 2227 demum
1820 2166 1888 2237 juxa

205 2258 574 2332 presumptoresdamnati,
589 2261 645 2313 eta
661 2259 765 2314 sanctis
780 2260 938 2316 canonibus
952 2278 1022 2317 ana·
1071 2258 1187 2328 regulas
1215 2258 1418 2314 ecclesiasticas
1449 2260 1485 2315 ad
1517 2259 1792 2321 reconciliationem
1826 2259 1886 2314 reci·

205 2352 1023 2425 thematizati‚netamendenuopresumantur,esteliam
1072 2351 1198 2424 piantur.

205 2447 348 2521 supcrhis
363 2447 521 2520 promenda
537 2446 689 2515 sententia,
702 2451 736 2503 ut
750 2447 799 2520 qni
815 2464 915 2505 eorum
927 2466 1023 2506 casum
1108 2446 1292 2518 Symmachus
1313 2446 1464 2519 episeopus
1486 2447 1620 2504 Ecclesiae
1649 2447 1804 2504 catholice
1823 2447 1887 2503 mbis

205 2558 264 2598 non
278 2541 390 2612 timent,
400 2541 520 2597 timeant
533 2542 633 2597 saltem
648 2558 748 2597 eorum
763 2547 931 2615 perpetuam
946 2544 1024 2600 dam·
1073 2540 1173 2596 llorne
1185 2540 1278 2597 dixit:
1294 2540 1342 2595 llis
1355 2557 1424 2613 ergo
1445 2541 1499 2597 rite
1511 2541 1680 2614 perpensis,
1696 2559 1735 2598 ne
1751 2543 1792 2597 illi
1803 2543 1830 2598 in
1842 2542 1888 2597 mi·

206 2636 361 2705 nationem,
384 2638 414 2690 et
439 2635 516 2708 quod
541 2651 616 2709 sepe
644 2636 839 2708 presumitur,
864 2637 967 2710 sepius
992 2640 1024 2692 ut
1072 2650 1142 2689 nam
1153 2633 1281 2690 incidant
1294 2637 1323 2689 et
1334 2637 1476 2707 perpetuo
1491 2635 1673 2690 damnentur
1690 2635 1790 2705 exitio,
1801 2641 1888 2691 etsen-

206 2730 371 2785 inhibeatur
389 2745 503 2785 necesse
517 2733 569 2784 est.
586 2729 687 2785 Sancta
709 2730 836 2802 synodus
850 2731 941 2786 dixit:
958 2732 1023 2787 llec
1072 2730 1119 2783 cte
1143 2726 1267 2783 Ecclesia
1292 2728 1418 2800 pretioso
1444 2727 1547 2783 Christi
1576 2729 1726 2801 sauguine
1754 2730 1888 2801 redemph

205 2840 242 2879 ne
255 2823 327 2878 flant
340 2822 434 2878 denuo
448 2822 576 2894 synodali
591 2827 733 2878 conventu
746 2824 865 2895 provida
874 2825 1024 2881 beatudini
1073 2824 1260 2889 restauretur,
1269 2822 1353 2894 eique
1363 2822 1411 2895 pie
1424 2822 1598 2879 famulantes
1611 2839 1676 2879 non
1687 2823 1887 2897 opprimantur.

206 2920 307 2971 vestre
323 2916 464 2971 sententia
485 2915 614 2973 enervari
637 2917 778 2987 convenit,
793 2920 822 2972 et
834 2934 869 2974 ne
881 2918 911 2974 in
926 2935 1022 2975 exem·
1074 2915 1130 2971 Sed
1144 2916 1308 2978 releventur
1321 2933 1458 2972 mensura
1473 2932 1539 2971 cum
1555 2916 1607 2971 Dei
1619 2918 1719 2973 nostri
1735 2917 1888 2974 considera·

147 3075 153 3079 ,
206 3011 287 3082 plum
315 3015 462 3066 remaneat
487 3010 680 3082 presumendi
708 3010 835 3066 funditus
863 3012 1021 3085 exstirpari.
1073 3009 1413 3065 tionennacumnostro
1429 3008 1539 3081 judicio
1558 3009 1722 3079 sancimus,
1736 3014 1772 3066 ut
1787 3011 1889 3083 quiana

207 3103 396 3177 Symmachus
412 3104 562 3176 episcopus
578 3103 650 3160 dixit
664 3121 671 3159 :
686 3105 766 3161 llcdo
785 3105 852 3178 quia
864 3108 938 3162 Deus
952 3123 1024 3179 pre·
1074 3118 1129 3174 que
1143 3101 1297 3159 immemor
1309 3108 1359 3160 aut
1371 3119 1481 3159 memor
1501 3103 1636 3159 interitus
1655 3105 1702 3160 sui
1715 3121 1766 3160 res
1780 3104 1888 3161 ιιιιιιίε

207 3197 329 3254 sentiam
339 3203 461 3253 vestram
472 3197 597 3254 votivam
610 3198 683 3254 mihi
698 3199 845 3268 concessit,
856 3216 972 3257 necesse
981 3156 1062 3256 estC
1074 3197 1217 3269 delegatas
1227 3200 1256 3252 et
1266 3197 1386 3253 Domino
1399 3198 1517 3267 oblatas,
1526 3197 1640 3270 absque
1650 3199 1769 3272 proprii
1779 3196 1889 3272 episcopi

207 3308 270 3349 rem
285 3291 348 3348 lieri
363 3291 486 3362 firmam,
503 3309 589 3366 quam
614 3294 700 3350 credo
723 3293 919 3351 ecclesiasticis
939 3294 1026 3351 facul·
1071 3290 1152 3361 jussu
1166 3291 1315 3363 possidens
1328 3291 1544 3364 presumpserit
1558 3291 1701 3365 deinceps
1712 3295 1889 3364 tenereque

207 3387 312 3444 tatibus
332 3387 542 3456 convenirent
556 3393 712 3460 agnoscant
731 3405 830 3444 omnes
849 3406 922 3461 quos
938 3406 1026 3445 vanus
1074 3399 1186 3456 cunque
1208 3384 1238 3438 in
1253 3384 1316 3440 loco
1330 3386 1358 3440 et
1372 3384 1491 3441 veritate
1511 3388 1665 3456 comperta
1685 3402 1734 3442 res
1754 3386 1805 3441 Dei
1817 3384 1889 3441 serris

207 3480 288 3537 furor
300 3484 328 3537 et
340 3481 461 3537 avaritia
478 3480 620 3552 excitavit,
637 3481 707 3537 talia
720 3482 827 3555 absque
850 3483 955 3540 ultione
967 3500 1025 3540 non
1075 3477 1888 3548 suisdissimulaverit,autrenueritreformare,liminibus

209 3592 293 3649 posse
307 3574 451 3647 presumi.
467 3575 568 3631 Sancta
581 3576 707 3648 synodus
728 3576 799 3633 dixit
815 3593 822 3632 ι
836 3576 945 3633 Scimus
959 3595 1024 3651 pro·
1075 3572 1198 3628 ecclesie
1217 3573 1402 3645 abepiscopo
1423 3573 1553 3644 ejusdem
1577 3573 1633 3628 loci
1652 3574 1738 3647 prius
1753 3578 1886 3640 arcem:

209 3669 346 3725 visionem
367 3671 493 3724 vestram
516 3669 683 3725 necessariis
705 3669 831 3726 studere.
856 3673 890 3728 Et
912 3670 977 3727 ideo
996 3672 1025 3727 in
1074 3666 1193 3740 indigne
1208 3667 1286 3723 enim
1308 3668 1343 3722 ad
1362 3669 1450 3724 altare
1465 3668 1517 3722 Dei
1537 3683 1703 3739 properare
1727 3667 1887 3742 permittitur

209 3768 302 3820 vestra
318 3765 517 3835 estpotestate
538 3763 685 3835 sequenda
709 3763 871 3836 disponere.
895 3767 1025 3838 Symma-
1076 3760 1124 3833 qui
1137 3777 1182 3817 res
1194 3762 1397 3818 ecclesiasticas
1410 3762 1496 3817 audet
1510 3761 1662 3833 invadere,
1678 3768 1733 3818 aut
1747 3758 1885 3835 injurata

210 3857 437 3930 chusepiscopus
446 3856 593 3912 catholice
600 3857 732 3913 Ecclesie
743 3857 820 3915 urbis
830 3859 926 3915 ltome
937 3859 1024 3915 dixit:
1077 3859 1129 3925 est,
1146 3854 1208 3910 sine
1223 3855 1337 3912 licentia
1354 3856 1481 3928 episcopi
1496 3855 1656 3928 possidere,
1672 3861 1728 3912 aut
1750 3856 1843 3928 iniqua
1852 3853 1885 3908 ret

210 3954 313 4025 llagna
337 3950 454 4023 quidem
478 3951 642 4006 venerando
666 3957 695 4008 et
715 3952 884 4008 sacerdotali
908 3952 1028 4009 debetur
1075 3948 1182 4020 injusta
1196 3948 1362 4006 defensione
1379 3951 1409 4005 in
1425 3950 1465 4006 eis
1486 3949 1637 4023 perduret.
1654 3950 1810 4007 Necatores
1822 3949 1885 4005 euin

212 4047 323 4102 cultura
332 4044 483 4120 proposito
498 4061 564 4101 cum
579 4044 712 4102 imminet
721 4045 757 4101 de
770 4045 863 4101 studio
877 4052 1028 4119 querceta
1077 4058 1235 4115 pauperum
1252 4043 1401 4115 judicandi
1420 4046 1487 4100 sunt
1499 4043 1617 4116 prefixa
1635 4048 1751 4116 tenore,
1765 4048 1795 4101 et
1807 4043 1829 4100 si
1840 4056 1884 4096 nou

212 4143 280 4196 sunt
290 4156 348 4196 non
361 4138 397 4194 de
412 4138 579 4194 necessitate
603 4138 765 4213 disponere.
779 4140 833 4196 Sed
846 4140 983 4212 quoniam
997 4141 1027 4197 in
1078 4137 1295 4193 emendaverint
1308 4137 1409 4193 vitium
1421 4136 1609 4210 exstirpandi.
1622 4137 1719 4194 Debet
1733 4142 1827 4194 ιιιιιι
1836 4150 1884 4192 esse

211 4232 353 4304 aliquibus
366 4232 460 4287 aliena
471 4232 691 4303 postulantibus,
708 4232 842 4288 vitiorum
854 4238 947 4290 mater
960 4252 1027 4291 ava·
1077 4231 1201 4303 provisio
1213 4236 1244 4288 ut
1253 4231 1407 4288 vindictam
1422 4231 1581 4288 admonitio
1594 4232 1751 4289 manifeste
1759 4229 1884 4307 precedat

213 4325 291 4395 ritia,
306 4324 462 4398 repudiatis
483 4325 644 4380 honestatis
664 4325 820 4398 repagulis,
834 4331 925 4384 totum
948 4331 1030 4401 putat
1079 4329 1108 4380 et
1117 4342 1163 4381 res
1177 4332 1327 4399 usurpatas
1336 4326 1441 4399 injuste
1456 4325 1505 4398 qui
1514 4325 1635 4381 obstulit
1645 4332 1697 4383 aut
1709 4327 1815 4400 injuste
1824 4324 1883 4380 able

213 4419 350 4493 expedire
371 4417 530 4491 quodlibet:
547 4417 628 4474 etita
649 4419 720 4474 dum
741 4420 846 4491 prede
866 4421 966 4492 inhiat,
982 4438 1029 4494 pa·
1078 4423 1123 4475 tas
1135 4419 1249 4488 retinet,
1264 4420 1395 4492 equitate
1410 4419 1608 4492 patrocinante
1630 4419 1748 4493 legibus
1762 4420 1881 4477 ratem

213 4515 315 4572 tiantia
340 4528 472 4587 superne
502 4512 620 4568 civitatis
646 4513 774 4569 abutitur
801 4515 1068 4608 exspectantibusD
1080 4514 1160 4578 Quod
1174 4514 1197 4569 si
1210 4514 1376 4586 neglexerit,
1389 4518 1418 4570 et
1429 4513 1581 4571 necessitas
1592 4516 1773 4589 compulerit
1785 4515 1881 4571 demun

213 4609 421 4665 correctionem
435 4607 505 4663 coelo
521 4607 686 4663 moderante
696 4607 811 4679 judiciis
825 4625 854 4664 se
869 4609 1030 4666 existimant
1079 4608 1246 4680 predonem
1256 4607 1439 4665 sacerdotalis
1452 4606 1590 4663 districtio
1601 4615 1750 4666 maturata
1760 4606 1881 4683 percellit

214 4720 272 4758 non
287 4703 387 4771 teneri,
401 4718 467 4757 cum
481 4703 590 4757 clarum
604 4701 640 4756 sit
654 4703 732 4774 quod
747 4703 823 4774 apud
836 4709 926 4760 certos
938 4705 968 4759 in
981 4720 1029 4759 oc·
1079 4717 1173 4773 neque
1194 4702 1343 4775 quisquam
1358 4718 1410 4775 per
1424 4702 1552 4758 internas
1573 4718 1621 4757 res
1644 4704 1738 4760 Deum
1757 4703 1881 4759 deensu

215 4796 327 4851 cesione
345 4795 474 4868 rapiendi
498 4796 634 4866 procedat
655 4794 756 4852 divine
771 4812 851 4851 mora
869 4798 1029 4854 sententie.
1079 4795 1198 4865 nitatur,
1213 4796 1280 4869 quia
1295 4797 1344 4851 Dei
1354 4796 1481 4869 potentia
1491 4800 1667 4852 cunctorum
1679 4798 1882 4870 regnorumter

215 4890 271 4946 Sed
297 4889 378 4944 nohis
406 4905 479 4961 quos
512 4889 661 4960 pastoralis
694 4906 761 4945 cura
789 4895 817 4946 et
841 4891 1031 4948 ecclesiastica
1080 4889 1175 4945 minos
1184 4890 1323 4962 singulari
1333 4889 1527 4946 dominatione
1538 4890 1699 4946 concludit
1710 4890 1822 4958 Quodsi
1829 4901 1882 4961 pnr

217 4983 360 5054 astringit,
381 4999 434 5055 pro
456 4982 666 5054 dispensatione
691 4987 768 5041 certa
791 4985 863 5041 ratio
885 4986 1031 5042 reddenda
1081 4978 1883 5057 sumpseritetipsiusoffensametpreuicredammone

216 5077 382 5133 substantie
395 5091 467 5147 opus
480 5080 533 5145 est,
547 5081 580 5133 ut
596 5076 816 5134 sollicitudinem
831 5085 957 5136 nostram
972 5096 1031 5135 non
1080 5078 1240 5149 periculum
1247 5079 1410 5136 sustinebit.
1419 5078 1660 5151 competitoribus
1672 5080 1767 5136 etiam
1775 5079 1883 5150 hvxjusce

216 5172 310 5228 solum
321 5171 357 5226 ad
370 5169 534 5241 presentia,
545 5170 594 5226 sed
603 5172 691 5227 etiam
700 5172 737 5226 ad
748 5173 845 5228 lutura
855 5176 1032 5246 seculapor·
1082 5171 1160 5227 modi
1179 5172 1260 5229 frena
1279 5172 1464 5230 districtionis
1485 5172 1667 5246 imponimus
1683 5175 1738 5248 qui
1758 5172 1883 5230 tacuere

216 5267 352 5339 rigamus,
364 5280 401 5319 ne
412 5263 450 5318 ad
458 5262 563 5319 anime
573 5268 678 5319 nostre
691 5264 865 5322 detrimenta
874 5268 1032 5339 contingat,
1082 5266 1207 5322 ecclesie
1218 5268 1271 5322 suh
1283 5267 1377 5340 specie
1391 5267 1531 5340 largitatis
1543 5267 1636 5338 regie
1647 5268 1696 5324 vel
1707 5269 1883 5342 cujuscunque

216 5360 240 5416 si
250 5360 281 5416 hi
291 5358 341 5433 qui
351 5362 472 5431 possunt
480 5357 594 5414 statutis
603 5357 707 5414 debere
720 5359 917 5416 innocentiam
926 5376 1033 5431 presu-
1081 5360 1229 5432 potestatis
1251 5361 1383 5434 improba
1408 5361 1590 5434 subreptione
1620 5362 1813 5434 pervaserint
1832 5359 1883 5414 sm

215 5459 324 5510 mentes
339 5453 373 5509 de
386 5453 516 5509 libertate
529 5450 722 5522 deliquerunt,
738 5468 803 5509 cum
818 5453 951 5524 religiosa
967 5471 1032 5526 pos·
1082 5470 1206 5527 namque
1219 5455 1306 5512 dehis
1318 5456 1404 5512 rebus
1413 5453 1589 5528 penitudine
1600 5463 1884 5522 commemorem

217 5552 284 5603 sunt
297 5552 326 5603 et
346 5552 440 5603 nostru
459 5561 635 5602 successores
657 5546 747 5602 nostri
767 5551 907 5618 potestate
928 5549 1032 5618 hrlciri,
1079 5549 1140 5621 jam
1159 5549 1305 5605 transactis
1317 5549 1494 5622 temporibus
1505 5549 1789 5623 contrahujusmodi
1804 5558 1883 5623 prm·

218 5642 329 5714 logibus
359 5640 551 5698 ecclesiasticis
584 5635 745 5696 servie‘ntes.
780 5641 881 5697 Sancta
910 5643 1034 5714 synodus
1084 5659 1134 5698 nas
1149 5660 1291 5700 canonum
1308 5628 1558 5717 sullultipresidio
1571 5658 1601 5699 ee
1615 5634 1884 5702 emmeramum

218 5733 290 5793 dixit
304 5752 310 5791 :
324 5735 435 5791 Scimus
455 5734 587 5808 spiritum
606 5734 654 5790 Dei
669 5751 719 5790 cor
738 5739 863 5791 vestrum
888 5753 949 5793 esse
970 5755 1034 5794 suc·
1083 5738 1194 5810 erigere
1207 5738 1382 5807 debuissent,
1391 5744 1424 5795 ut
1434 5754 1495 5795 non
1510 5737 1705 5795 mansuetudo
1715 5731 1884 5810 indulgenti!

216 5843 343 5898 censum,
361 5831 388 5883 et
410 5829 545 5885 instinctu
567 5829 616 5884 Dei
628 5845 679 5886 vos
691 5829 731 5887 ita
752 5831 840 5906 loqui.
855 5833 1034 5905 Quapropter
1083 5832 1120 5888 ad
1133 5832 1236 5888 similia
1250 5831 1656 5907 perpetrandaimprohorum
1672 5832 1793 5890 sudwic
1807 5827 1884 5886 adlit
