3870 6150
205 267 234 326 il
650 270 792 326 APPEND.
812 272 857 325 AD
874 271 955 326 SAEC.
975 270 1019 326 lx.
1031 296 1066 312 -
1085 268 1205 326 lSlDORl
1224 268 1438 326 aurearoma
1851 272 1887 327 72

203 381 330 434 recurrat
339 375 482 432 charitatis
492 376 597 446 studio,
605 380 638 433 ut
648 377 781 434 familiari
794 378 934 451 colloquio
944 394 1019 434 com·
1028 378 1181 464 Alloysen
1197 395 1204 434 :
1220 399 1235 429 ι(
1252 378 1354 450 Accipe
1374 376 1483 449 (inqiut)
1502 379 1599 432 Aaron
1620 380 1649 431 et
1670 375 1746 431 illios
1768 375 1841 447 ejus,
1860 382 1888 433 et

203 471 306 528 moniti
321 487 356 526 ea
370 476 472 526 sanent
484 487 547 543 qua
563 471 689 526 sananda
711 476 784 542 sunt,
804 477 833 528 et
853 471 1018 527 charitative
1068 471 1224 544 applicabis
1235 471 1272 526 ad
1283 472 1387 526 ostium
1395 469 1569 526 tabernaculi
1579 468 1747 525 testimonii.
1758 470 1886 541 Cumque

204 565 357 621 emendent
364 563 694 636 quaejusteemendanda
701 565 879 636 agnoverint.
887 565 916 621 Si
922 568 1019 621 autem
1067 565 1169 620 laveris
1182 568 1293 636 patrem
1308 579 1374 619 cum
1389 563 1455 618 filiis
1476 579 1561 634 aqua,
1575 562 1677 618 indues
1690 565 1784 619 Aaron
1804 564 1886 618 vesti·

204 658 292 730 aliqui
310 673 368 725 eos,
386 657 554 730 priusquam
577 658 690 728 egerint
711 658 781 727 haec,
794 659 926 728 lacerare,
940 674 1018 713 accu-
1068 657 1172 713 mentis
1185 657 1253 725 suis,
1263 657 1292 712 id
1303 661 1355 726 est,
1364 657 1472 710 lineam
1481 655 1607 710 tunicam
1616 655 1887 727 etsuperbumorale

183 785 191 845 3
202 767 276 821 sare,
284 753 334 805 aut
339 750 474 806 infestare
484 751 727 822 presumpserint,
736 750 1019 807 excommunicentur
1068 754 1098 806 et
1106 749 1247 807 rationale
1257 749 1334 822 quod
1342 749 1519 820 constringes
1527 747 1634 816 balteo,
1642 751 1672 805 et
1683 764 1774 819 pones
1784 747 1887 804 ueram

182 848 188 899 l
203 847 233 900 et
243 843 554 899 minimeabsolvantur
562 848 715 916 antequam
724 859 776 916 per
784 844 1016 913 satisfactionem,
1066 843 1098 898 in
1112 844 1204 914 capite
1219 843 1290 914 ejus,
1300 847 1330 899 et
1341 842 1482 898 laminam
1495 845 1624 898 sanctam
1636 856 1723 912 snper
1735 840 1852 909 tiaram,
1860 845 1888 897 et

202 940 236 993 ut
245 937 309 1008 jam
318 937 426 992 dictum
436 941 489 1008 est,
498 936 673 1009 condignam
688 937 800 1010 egerint
808 936 1016 1008 paenitentiam,
1068 937 1164 992 oleum
1177 935 1321 992 unctionis
1333 935 1437 990 fundes
1451 949 1536 1006 super
1548 937 1635 1005 caput
1649 934 1722 1005 ejus,
1734 937 1822 1005 atque
1835 933 1887 989 hoc

204 1029 343 1101 quoniam
355 1028 459 1100 injuria
473 1045 574 1086 eorum
588 1030 626 1085 ad
639 1030 782 1088 Christum
792 1030 925 1102 pertinet,
939 1029 1019 1101 cujus
1067 1030 1124 1085 ritu
1137 1028 1349 1085 consecrabitur
1364 1028 1496 1084 Domino.
1513 1026 1599 1084 Filios
1615 1042 1729 1099 quoque
1743 1026 1822 1083 illius
1837 1042 1885 1098 ap·

203 1122 347 1195 legatione
360 1123 529 1194 iunguntur,
541 1123 654 1180 nechoc
666 1123 783 1193 mirum,
792 1123 890 1196 quiesi
899 1122 1019 1195 quisque
1067 1122 1187 1195 plicabis
1204 1126 1234 1178 et
1255 1121 1358 1176 indues
1380 1120 1484 1176 tunicis
1506 1120 1591 1176 lineis
1614 1120 1769 1193 cingesque
1792 1119 1886 1175 balteo

203 1197 333 1272 nostrum
346 1215 460 1272 cuidam
476 1231 622 1272 servorum
644 1216 820 1289 legationem
841 1216 1017 1288 injungeret,
1067 1217 1161 1271 Aaron
1175 1219 1204 1269 et
1218 1215 1322 1271 liberos
1334 1214 1395 1284 ejus
1410 1220 1438 1270 et
1454 1215 1587 1285 impones
1601 1212 1703 1269 mitras
1719 1212 1771 1281 eis,
1786 1198 1887 1267 erunt·

204 1312 234 1363 et
245 1325 262 1364 a
274 1324 420 1381 quoquam
432 1308 620 1380 impediretur
632 1312 682 1365 aut
700 1309 880 1366 subditorum
901 1324 1018 1363 suorum
1069 1326 1125 1381 que
1137 1308 1301 1365 sacerdotes
1313 1307 1386 1364 mihi
1397 1307 1536 1378 religione
1550 1311 1689 1380 perpetua
1699 1305 1797 1375 (Euod.
1814 1321 1886 1373 xm,

203 1401 406 1473 despiceretur,
422 1416 489 1457 mox
502 1401 668 1473 indignatus
683 1402 863 1469 irasceretur,
874 1406 926 1457 aut
938 1401 1017 1469 talia,
1067 1402 1105 1474 4).
1122 1423 1136 1452 n
1153 1401 1216 1467 Quo
1230 1402 1292 1458 loco
1304 1399 1493 1471 contemplari
1507 1404 1619 1473 oportet
1632 1403 1726 1456 Aaron
1738 1414 1887 1455 summum

203 1498 289 1567 prout
302 1497 405 1566 posset,
422 1494 590 1566 vindicaret,
606 1501 635 1551 et
654 1495 690 1550 ad
709 1495 843 1566 injuriam
866 1494 902 1549 ad
923 1499 1019 1550 contu·
1068 1494 1257 1566 sacerdotem,
1277 1494 1307 1548 id
1328 1498 1371 1550 est
1394 1493 1559 1564 episcopum
1580 1492 1678 1563 fuisse,
1701 1508 1789 1565 porro
1814 1491 1887 1548 lilios

201 1587 319 1643 melium
333 1603 413 1642 suam
425 1588 480 1642 hoc
493 1588 601 1642 factum
614 1591 769 1657 reputaret,
786 1589 815 1642 et
831 1587 978 1654 talionem,
995 1586 1017 1640 si
1068 1588 1131 1658 ejus
1138 1587 1371 1660 presbyterorum
1380 1586 1591 1642 demonstrasse
1599 1587 1802 1658 Dguram.lloc
1810 1585 1887 1641 eninr

202 1681 233 1735 in
244 1681 445 1752 praesentinon
457 1683 562 1750 posset,
571 1680 674 1735 luturis
687 1679 863 1751 temporibus
873 1679 1016 1735 redderet.
1067 1680 1122 1736 luit
1135 1680 1210 1740 inter
1223 1682 1321 1736 Aaron
1334 1695 1480 1735 summum
1499 1680 1677 1735 sacerdotem
1691 1681 1720 1734 et
1739 1678 1812 1734 filios
1827 1678 1888 1749 ejus

202 1774 284 1842 Nam,
302 1773 324 1829 si
344 1773 375 1829 in
396 1773 521 1829 hominis
542 1789 625 1830 eausa
649 1774 710 1828 haec
730 1773 813 1840 tlunt,
826 1772 896 1844 quid
912 1750 1116 1846 putatisssqui
1138 1773 1296 1830 sacerdotes
1320 1775 1412 1840 erant,
1434 1773 1511 1844 quod
1534 1775 1630 1828 Aaron
1650 1787 1739 1843 super
1758 1771 1886 1828 tunicam

202 1865 373 1924 Deuslaciet
387 1865 423 1921 de
437 1866 495 1921 suis
509 1865 557 1937 qui
574 1882 626 1921 nec
646 1865 780 1938 capillum
803 1865 904 1937 capitis
917 1880 1017 1921 eorum
1068 1866 1225 1938 accipiebat
1248 1865 1397 1937 poderem,
1420 1866 1524 1922 stolam
1545 1871 1681 1936 sanctam,
1701 1870 1730 1922 et
1750 1880 1888 1920 coronam

202 1960 295 2033 perire
318 1957 441 2015 dixerit?
463 1958 540 2015 unde
560 1962 590 2014 et
608 1958 747 2014 Dominus
762 1974 815 2031 per
825 1958 939 2014 Nahum
954 1974 1019 2029 pro-
1067 1976 1197 2029 auream,
1211 1959 1328 2015 mitram
1341 1964 1370 2015 et
1387 1975 1491 2014 zonam
1510 1975 1639 2026 auream,
1653 1962 1682 2015 et
1695 1958 1886 2029 superhume-

202 2053 320 2124 phetam
338 2051 465 2123 loquitur
483 2051 581 2107 dicens
596 2067 603 2106 z
622 2072 636 2101 κ
649 2054 725 2107 Deus
742 2051 892 2108 aemulator
904 2054 933 2108 et
946 2050 1017 2105 ulci-
1067 2054 1138 2121 rale,
1152 2055 1181 2107 et
1194 2052 1302 2122 reliqua
1314 2067 1379 2123 quae
1391 2051 1508 2123 praelixa
1517 2056 1599 2107 sunt:
1612 2051 1664 2106 filii
1677 2055 1775 2108 autem
1791 2051 1887 2106 Aaron

203 2162 285 2201 scens
294 2145 442 2211 Dominus,
456 2147 485 2200 et
496 2144 761 2214 habenslurorem3
777 2145 915 2200 ulciscens
927 2144 1019 2199 Domi-
1067 2161 1153 2217 super
1174 2145 1284 2200 tunicas
1306 2144 1397 2200 lineas
1420 2144 1505 2200 cincti
1531 2143 1732 2200 tantummodo
1746 2146 1775 2200 et
1793 2143 1888 2199 tiarati

203 2254 258 2292 nus
270 2237 299 2292 in
314 2236 410 2292 hostes
428 2252 505 2305 sues,
521 2241 550 2292 et
572 2235 698 2291 irascens
718 2237 778 2308 ipsc
797 2235 920 2291 inimicis
940 2235 1015 2306 suis;
1085 2237 1237 2294 asistebant
1253 2237 1389 2294 sacrificio
1404 2237 1518 2294 Domini
1524 2255 1532 2307 ;
1547 2237 1577 2292 in
1591 2239 1667 2293 Novo
1685 2240 1783 2293 autem
1796 2236 1890 2291 Testa·

204 2335 271 2385 ante
285 2328 389 2384 taciem
402 2327 610 2399 indignationis
630 2329 691 2400 ejus
713 2328 775 2400 quis
795 2328 887 2396 stabit,
904 2330 934 2383 et
955 2327 1018 2399 quis
1067 2335 1165 2387 mento
1185 2336 1250 2402 post
1272 2331 1417 2386 Christum
1437 2331 1593 2386 Dominum
1614 2333 1745 2386 nostrum
1766 2346 1785 2385 a
1805 2330 1888 2385 Petro

203 2421 317 2477 resistet
328 2421 359 2476 in
369 2419 412 2476 ira
422 2421 526 2476 huoris
539 2420 621 2492 ejus?
633 2420 794 2493 Indignatio
808 2421 869 2491 ejus
880 2419 968 2477 effusa
976 2426 1019 2477 est
1067 2424 1248 2480 sacerdotalis
1262 2424 1345 2495 coepit
1359 2423 1442 2492 ordo,
1453 2424 1522 2496 quia
1534 2424 1588 2496 ipsi
1598 2423 1690 2495 primo
1703 2420 1889 2495 pontificatus

202 2515 275 2571 sicut
289 2513 363 2586 ignis
376 2516 405 2568 et
418 2517 507 2585 petrae
519 2513 663 2570 dissolutae
678 2515 791 2570 suntab
804 2531 849 2570 eo.
866 2515 960 2570 Bonus
975 2516 1018 2568 est
1067 2517 1097 2572 in
1120 2517 1243 2573 Ecclesia
1265 2516 1369 2574 Christi
1391 2517 1474 2572 datus
1497 2518 1549 2584 est,
1570 2516 1681 2572 dicente
1704 2516 1828 2572 Domino
1851 2514 1887 2570 ad

201 2607 341 2664 Dominus
356 2610 385 2662 et
399 2608 565 2663 confortans
576 2607 606 2662 in
621 2607 667 2664 die
681 2607 872 2663 tribulationis
885 2612 914 2662 et
926 2607 1018 2662 sciens
1068 2626 1135 2666 eum
1150 2628 1157 2664 e
1173 2629 1186 2663 ι
1200 2611 1242 2665 Τιι
1258 2627 1288 2666 es
1300 2609 1413 2683 (inquit)
1427 2612 1528 2666 Petrus
1542 2615 1570 2666 et
1586 2625 1672 2681 snper
1683 2609 1758 2664 hanc
1772 2611 1888 2682 petram

203 2705 353 2774 sperantes
368 2701 399 2756 in
413 2716 443 2755 se
454 2700 583 2772 (Nabum.
599 2717 619 2769 1,
635 2702 672 2770 2),
687 2700 866 2772 »etreliqua
878 2699 1017 2764 Quaedam
1068 2703 1213 2759 aedificabo
1238 2703 1392 2759 Ecclesiam
1414 2719 1520 2772 meam,
1544 2708 1573 2759 et
1595 2707 1686 2775 portae
1712 2701 1801 2758 inferi
1830 2716 1889 2757 non

202 2799 300 2850 autem
322 2810 356 2848 er
375 2793 420 2848 his
439 2793 502 2865 jam
522 2793 585 2848 aliis
610 2792 745 2849 iratribus
767 2792 940 2864 scripsimus,
955 2809 1018 2865 quaa
1066 2797 1262 2869 praevalebunt
1273 2796 1409 2853 adversus
1421 2813 1496 2864 eam,
1510 2801 1540 2853 et
1552 2796 1605 2853 tibi
1620 2795 1694 2851 dabo
1712 2796 1808 2852 claves
1823 2793 1888 2868 16

201 2887 288 2943 toties
300 2888 369 2942 sunt
379 2885 547 2957 replicanda
568 2885 701 2959 quotiens
721 2885 828 2942 luerint
845 2886 1016 2943 necessaria.
1067 2890 1152 2962 regni
1171 2890 1307 2947 coelorum
1321 2892 1428 2960 (liuttb.
1447 2907 1504 2959 xvi,
1522 2892 1574 2963 18).
1589 2910 1603 2940 s
1618 2889 1668 2945 llic
1687 2903 1758 2962 ergo
1774 2888 1888 2960 ligandi

184 2979 377 3063 {Ejechonem
389 2994 505 3052 quoque
520 2978 562 3050 (ut
576 2996 663 3051 supra
673 2982 866 3035 memoratum
880 2979 932 3051 est)
944 2994 1019 3035 sum·
1068 2989 1153 3056 atque
1163 2984 1292 3040 solvendi
1306 2987 1479 3056 potestatem
1491 2983 1601 3055 primus
1610 2980 1887 3054 accepitaDomino,

184 3066 317 3164 imorum
337 3073 516 3129 sacerdotum
541 3072 595 3127 sibi
614 3072 752 3129 Dominus
772 3073 937 3141 reservarit,
952 3073 1019 3128 lieet
1027 3114 1055 3191 C
1067 3078 1234 3149 primusque
1244 3078 1280 3133 ad
1290 3077 1377 3132 lldem
1387 3077 1526 3149 populum
1540 3077 1631 3148 gratia
1641 3075 1700 3144 Dei,
1710 3075 1818 3131 virtute
1827 3090 1888 3131 suae

202 3167 374 3223 electionem
383 3181 484 3221 eorum
492 3165 576 3221 bonis
585 3165 780 3222 sacerdotibus
790 3165 1018 3237 etspiritualibus
1065 3171 1276 3244 praedicationis
1305 3169 1432 3225 adduxit.
1454 3170 1554 3226 Castori
1579 3185 1646 3225 vero
1673 3168 1795 3241 apostoli
1821 3184 1889 3224 cum

201 3258 314 3333 populis
322 3258 517 3316 concessisset.
527 3259 702 3315 Electionem
713 3259 792 3314 enim
799 3258 915 3315 illorum
924 3258 1018 3314 taliter
1066 3264 1167 3320 eodem
1180 3264 1243 3335 puri
1256 3262 1401 3320 consertio
1415 3262 1557 3318 honorem
1576 3265 1606 3318 et
1620 3264 1793 3333 potestatem
1807 3277 1887 3318 acce·

88 3378 92 3382 ·
201 3351 552 3426 apostolusfierijubetz«
563 3351 663 3424 Siquis
673 3352 736 3409 sine
745 3351 865 3407 crimine
873 3351 1017 3421 est,unius
1065 3361 1180 3430 parunt,
1196 3357 1348 3428 ipsumque
1362 3355 1522 3428 principem
1536 3370 1710 3413 eornmesse
1724 3356 1886 3411 voluerunt.

201 3446 403 3503 arenarimm
412 3444 486 3500 tilios
498 3444 772 3513 habentemlldeles,
787 3460 846 3500 non
862 3444 892 3500 in
906 3460 1018 3500 accusa·
1067 3449 1122 3514 Qui
1141 3450 1237 3520 etum,
1252 3450 1372 3522 jubente
1397 3449 1527 3517 Domino,
1547 3449 1578 3504 in
1598 3452 1658 3505 toto
1676 3447 1745 3504 orbe
1765 3447 1886 3521 dispersi

201 3540 282 3596 tione
295 3537 422 3608 luxurie,
436 3542 486 3594 aut
497 3554 557 3594 non
570 3538 696 3596 subditos
710 3538 775 3609 (lit.
790 3553 810 3606 1,
823 3537 861 3609 u),
879 3557 893 3591 a
910 3540 939 3593 et
949 3537 1016 3593 reli-
1066 3543 1251 3616 Erangelium
1272 3542 1508 3616 predicaverunt,
1520 3541 1590 3613 ipsis
1603 3557 1718 3615 quoque
1741 3540 1887 3597 deceden-

201 3648 269 3706 qua.
281 3631 311 3689 Si
319 3631 400 3688 enim
410 3631 472 3687 sine
486 3630 607 3687 criuune
622 3631 756 3687 sacerdos
764 3630 832 3703 eligi
841 3630 1015 3703 precipitur,
1066 3636 1142 3692 tibus
1155 3637 1185 3692 in
1204 3638 1299 3693 locum
1325 3653 1425 3692 eorum
1450 3638 1645 3692 successerunt
1666 3634 1804 3707 episcopi,
1818 3649 1888 3706 quo-

202 3725 367 3782 nullatanus
380 3725 416 3781 ab
429 3724 596 3781 hominibus
610 3724 777 3780 criminibus
790 3723 916 3779 irretitus
933 3740 1016 3780 accu-
1066 3745 1131 3785 rum
1143 3729 1285 3786 ordinatio
1295 3731 1450 3801 pretaxato
1460 3728 1522 3784 tleri
1530 3727 1617 3784 debet
1626 3726 1728 3783 ordine
1739 3729 1769 3781 et
1779 3726 1884 3796 modo;

200 3819 257 3877 sari
269 3822 320 3875 aut
333 3819 502 3876 calumniari
523 3818 710 3891 permittitur,
725 3834 778 3874 nec
798 3819 834 3873 ab
853 3817 915 3872 aliis
929 3833 1017 3889 quam
1067 3839 1138 3894 quos
1150 3823 1200 3894 qui
1216 3821 1317 3893 recipit
1331 3826 1359 3878 et
1372 3822 1459 3877 verba
1473 3837 1583 3892 eorum,
1600 3820 1757 3877 Dominum
1770 3819 1885 3892 recipit

202 3914 238 3970 ab
257 3914 302 3969 bis
325 3912 375 3985 qui
395 3913 457 3968 sine
477 3912 598 3968 crimine
621 3916 698 3981 sunt,
720 3914 750 3966 et
767 3911 846 3983 Justa
867 3909 1016 3977 electione,
1066 3915 1120 3983 Qui
1140 3919 1236 3970 autem
1256 3930 1303 3970 eos
1327 3914 1446 3987 spemit‚
1464 3930 1532 3973 eum
1553 3929 1642 3986 aquo
1664 3913 1744 3968 missi
1764 3916 1842 3980 suut,
1858 3915 1888 3968 et

202 4007 226 4064 si
245 4006 397 4065 necessitas
417 4005 513 4073 luerit,
530 4007 582 4059 aut
599 4004 653 4075 ipsi
674 4003 795 4058 volendo
818 4002 942 4058 Domino
960 4017 1018 4057 ser·
1067 4009 1147 4080 eujus
1171 4007 1332 4080 funguntur
1350 4008 1495 4080 legatione
1517 4007 1626 4081 spernit
1645 4011 1675 4062 et
1692 4006 1754 4080 ipse
1775 4005 1887 4062 indubi-

201 4099 261 4155 vire
278 4097 428 4169 elegerint,
442 4096 660 4168 sacerdotesque
680 4096 741 4150 sine
759 4094 878 4150 crimine
900 4093 964 4149 ilari
989 4097 1018 4150 et
1067 4103 1163 4156 tenter
1176 4104 1359 4173 spemetura
1378 4100 1509 4157 nomino.

202 4189 331 4246 ordinari
349 4189 468 4261 possint,
490 4191 521 4243 et
537 4189 607 4244 tales
621 4204 673 4260 per
686 4188 782 4244 omnia
794 4187 903 4244 luerint
919 4187 1017 4259 quales
1101 4193 1235 4250 Videntes
1248 4197 1345 4249 autem
1357 4193 1413 4266 ipsi
1421 4192 1543 4265 apostoli
1555 4208 1677 4249 messem
1689 4209 1751 4248 esse
1762 4191 1884 4249 multam

203 4283 272 4355 eligi
284 4280 603 4354 sacerdotesjubentur.
616 4281 840 4353 Porroetlloysi
855 4280 1018 4352 praecipitur
1068 4290 1098 4343 et
1114 4286 1257 4359 operarios
1275 4302 1389 4360 paucos,
1411 4291 1586 4359 rogaverunt
1605 4285 1761 4342 Dominum
1784 4285 1886 4341 messis

203 4383 234 4434 ut
248 4377 338 4449 eligat
349 4375 539 4449 presbyteros,
554 4375 632 4432 unde
646 4380 675 4431 et
688 4375 718 4431 in
731 4374 889 4432 Proverbiis
902 4374 1016 4444 dicitur,
1066 4384 1100 4437 ut
1111 4381 1238 4437 mitteret
1251 4378 1394 4451 operarios
1412 4378 1442 4435 in
1462 4395 1585 4436 messem
1598 4395 1691 4435 suam.
1707 4379 1789 4436 Unde
1802 4377 1884 4434 electi

203 4470 406 4544 gloriaseuum
419 4469 624 4525 canitiesllaec
636 4484 704 4525 vero
717 4469 837 4526 canities
849 4467 1134 4553 sapientiamDsunt
1154 4474 1190 4530 ab
1214 4474 1255 4529 eis
1274 4474 1454 4547 septuaginta
1477 4473 1619 4545 discipuli,
1639 4487 1761 4544 quorum
1782 4474 1884 4544 typum

204 4565 345 4637 designat,
367 4563 403 4619 de
427 4578 483 4636 qua
502 4562 639 4634 scriptum
659 4566 712 4617 est.
728 4562 851 4619 Canities
866 4561 1018 4621 hominum
1068 4571 1172 4641 gerunt
1185 4567 1353 4639 presbyteri,
1369 4572 1456 4641 atque
1470 4567 1500 4622 in
1512 4582 1614 4622 eorum
1627 4567 1725 4621 locum
1736 4570 1805 4621 sunt
1815 4581 1885 4623 cou-

201 4657 357 4732 prudentia
371 4661 424 4726 est,
435 4671 556 4729 cumque
569 4659 734 4728 nongentos
748 4660 777 4712 et
792 4656 913 4728 amplius
927 4674 1019 4715 annos
1067 4661 1158 4717 stitnti
1170 4661 1201 4715 in
1214 4660 1348 4729 Ecclesia,
1369 4661 1405 4716 de
1422 4676 1547 4734 quorum
1570 4658 1761 4725 ordinatione,
1774 4661 1803 4714 et
1818 4657 1884 4715 reli·

203 4752 239 4808 ab
251 4752 345 4807 Adam
359 4767 447 4823 usque
461 4749 498 4805 ad
509 4750 654 4805 Abraham
670 4749 770 4805 vixisse
788 4750 923 4806 homines
938 4752 1018 4825 lege·
1066 4770 1191 4828 quorum
1206 4753 1413 4823 ministrorum,
1428 4753 1532 4811 dixisse
1546 4769 1633 4824 supra
1648 4751 1782 4809 srifficial.
1796 4752 1885 4807 Porro

203 4844 304 4915 rimus,
318 4845 413 4901 nullus
427 4844 499 4898 alius
514 4843 623 4915 primus
635 4845 795 4915 appellatus
805 4847 849 4899 est
857 4844 1016 4917 presbyter,
1066 4848 1143 4920 quod
1157 4847 1305 4920 episcopus
1319 4863 1378 4904 non
1393 4848 1429 4904 ab
1443 4864 1510 4914 uno,
1520 4845 1569 4902 sed
1583 4863 1601 4900 a
1615 4845 1734 4912 cunctis,
1742 4860 1885 4901 consensu

202 4938 234 4994 id
247 4937 405 5008 estsenior,
418 4937 473 4993 nisi
486 4936 632 4992 Abraham
653 4937 703 5009 qui
723 4937 813 4993 multo
835 4937 1018 5008 paucioribus
1067 4944 1117 4996 aut
1140 4939 1293 5013 prasentia
1316 4939 1599 5012 comprovincialium
1629 4943 1673 4994 est
1694 4936 1884 5004 ordinandus,

203 5033 303 5088 uixisse
316 5031 400 5088 annis
414 5031 593 5087 convincitur
606 5047 612 5086 :
624 5046 684 5086 non
699 5046 768 5102 ergo
786 5035 904 5103 propter
918 5031 1015 5088 decre·
1067 5040 1096 5090 et
1107 5034 1269 5089 nullatenus
1282 5032 1378 5089 minus
1396 5049 1483 5105 quam
1502 5049 1519 5088 a
1535 5031 1625 5088 tribua
1637 5030 1746 5088 catoris
1762 5045 1886 5086 consen·

203 5126 293 5199 pilam
303 5124 544 5192 senectutem‚sod
554 5128 670 5196 propter
680 5123 849 5195 sapientiam
859 5124 1018 5197 presbyteri
1067 5126 1203 5183 tientibus
1226 5127 1344 5194 cunctis,
1359 5126 1475 5196 idcirco,
1490 5125 1657 5181 instituente
1674 5122 1808 5191 Domino,
1822 5121 1887 5178 fleri

202 5220 401 5277 nominantur.
425 5217 541 5274 lnitium
563 5216 642 5272 enim
664 5217 816 5273 sacerdotii
835 5221 929 5273 Aaron
951 5217 1015 5286 fuit,
1064 5220 1191 5292 jubetur,
1215 5235 1252 5276 ne
1279 5219 1386 5292 aliquid
1413 5224 1511 5276 contra
1528 5219 1615 5274 iidem
1638 5215 1771 5273 scalena
1800 5215 1888 5272 unius

203 5314 270 5370 licet
293 5311 498 5370 Melchisedech
521 5310 601 5382 prior
624 5309 760 5366 obtulerit
785 5309 963 5380 sacrificium,
989 5313 1034 5365 et>
1067 5313 1214 5385 tyrannica
1233 5313 1385 5370 auctoritas
1405 5313 1567 5380 moliretur,
1583 5316 1611 5367 et
1631 5310 1732 5384 regula
1750 5309 1795 5367 vel
1813 5307 1887 5364 tides

203 5413 268 5481 post
279 5408 356 5463 bunc
369 5406 523 5473 Abrabam,
537 5405 614 5459 iaaac
627 5406 656 5458 et
669 5403 765 5458 lacob.
782 5402 839 5459 Sed
855 5403 885 5458 hi
902 5406 1016 5476 sponta-
1067 5405 1292 5463 contunderetur
1303 5406 1493 5462 credentium.
1509 5404 1664 5462 Provinciae
1677 5407 1775 5460 autem
1793 5400 1888 5459 multo

203 5518 259 5560 nea
272 5502 420 5559 voluntate
433 5514 492 5555 non
506 5495 672 5553 sacerdotali
682 5496 861 5563 auctoritate,
876 5496 929 5553 ista
940 5497 1016 5553 fece·
1066 5505 1133 5556 ante
1147 5499 1251 5557 Christi
1263 5498 1416 5556 adveutum
1429 5505 1558 5572 tempore
1574 5497 1670 5556 divisa
1680 5500 1748 5553 sunt
1760 5494 1888 5551 maxima

203 5601 281 5652 runt.
301 5597 439 5652 Caeterum
461 5594 553 5648 Aaron
574 5589 683 5661 primus
705 5588 736 5644 in
754 5588 820 5662 lege
842 5590 1018 5647 sacerdotale
1067 5609 1103 5649 ex
1117 5597 1207 5666 parte,
1223 5595 1253 5648 et
1265 5598 1364 5665 postea
1382 5593 1417 5648 ab
1432 5592 1575 5666 apostolis,
1589 5595 1618 5648 et
1636 5590 1722 5646 beato
1737 5587 1887 5647 Clemente

205 5704 313 5743 nomen
327 5686 438 5758 accepit
448 5684 614 5757 primusque
629 5680 784 5755 pontificali
804 5685 875 5739 stola
892 5684 1016 5755 indutus,
1067 5687 1270 5757 predecessore
1283 5690 1392 5754 nostro,
1407 5685 1466 5758 ipsa
1479 5685 1579 5741 divisio
1594 5687 1638 5740 est
1656 5687 1801 5751 renovata,
1813 5683 1844 5737 et
1855 5680 1887 5739 in

202 5779 331 5841 uictimas
353 5778 465 5847 obtulit,
483 5777 601 5855 jubente
627 5776 747 5833 Domino
768 5793 800 5832 ac
824 5777 957 5853 loquente
982 5779 1017 5835 ad
1067 5779 1157 5851 capite
1168 5778 1449 5853 provinciarum,ubi
1457 5778 1564 5839 dudum
1572 5778 1709 5857 primates
1722 5775 1888 5857 legiseraut
