3870 6150
124 237 176 307 sos
562 248 703 302 lernau.
723 248 767 302 ao
785 247 865 302 suu.
887 247 928 300 rx.
945 274 980 285 -
999 244 1125 301 rsruuru
1142 246 1356 302 uuaca‘roars

159 360 185 411 3.
201 357 237 412 Ut
259 354 375 410 alterius
394 354 518 426 episcopi
541 353 666 409 chrisma
688 355 782 410 nullus
807 353 935 426 accipiat,
947 365 977 438 Α
1022 359 1048 409 7.
1062 355 1098 410 tlt
1113 358 1290 409 accusatores
1310 351 1345 407 de
1368 351 1476 408 levibus
1497 352 1590 408 causis
1608 367 1685 409 nun.

125 449 174 505 sed
188 448 387 503 tantummodo
400 447 518 520 proprii.
987 451 1044 519 tur,
1059 447 1122 522 94
1138 448 1172 503 de
1187 447 1352 502 criminibus
1364 462 1431 502 varo
1445 445 1646 504 discutiantur.

160 542 186 597 t.
201 543 235 598 Ut
244 540 294 613 qui
303 540 460 597 oblationes
470 540 670 597 detunctorum
680 539 816 610 retinent,
827 557 938 597 excum-
1023 545 1049 597 8.
1064 543 1099 597 Ut
1113 541 1263 613 episcopus
1277 540 1405 596 alienum
1425 539 1559 596 clericum
1571 538 1685 612 redata

124 635 314 691 municentur.
987 638 1109 693 cantem.

160 733 186 785 5.
202 730 237 784 Ut
251 728 302 801 qui
323 727 472 785 sententiae
495 727 621 802 episcopi
639 727 684 784 sui
704 744 763 783 non
783 726 938 800 acquiescit
1024 732 1050 784 9.
1065 731 1100 786 Ut
1112 728 1163 803 qui
1174 727 1333 801 expositum
1355 727 1506 801 invenerit,
1528 728 1681 786 ecclesiam

124 826 252 880 recurrat
265 822 463 895 adsynodum.
988 827 1076 879 tetur.

159 920 186 972 6.
201 917 236 971 Ut
252 916 515 974 excommunicatus
541 915 672 976 humiliet
697 916 883 992 semetipsum
907 920 938 973 ut
1025 919 1067 972 lu.
1089 918 1124 973 Ut
1141 916 1191 989 qui
1204 920 1307 989 praeter
1319 916 1506 974 constitutum
1518 916 1684 991 exposcite

124 1009 460 1071 testiuusrecuncilietur.
987 1008 1170 1067 cidababeat
1208 1051 1215 1067 .

856 1161 1045 1179 nunu—aq

526 1321 735 1418 tNCtPtT
777 1319 1086 1418 CONCILIUM
1119 1320 1396 1416 VALENSE.

847 1502 932 1566 AEru
947 1518 1085 1567 cosm.

162 1674 385 1731 Constitutioues
397 1674 499 1747 synodi
518 1677 640 1731 tractatu
662 1673 766 1730 habitae
781 1674 811 1729 in
826 1673 977 1760 civitateB
1023 1676 1055 1730 V.
1071 1673 1101 1730 Si
1113 1674 1177 1748 quis
1189 1674 1314 1749 episcopi
1332 1672 1480 1730 sententiae
1500 1685 1560 1728 nun
1579 1671 1684 1748 acquic

123 1769 234 1825 Valeusi
259 1768 336 1844 apud
356 1768 522 1841 episcopum
543 1768 676 1824 Urbicum
688 1767 820 1824 Ecclesiae
841 1768 937 1824 catho-
989 1773 1083 1825 currat
1095 1768 1132 1825 ad
1147 1769 1299 1842 synodum.

123 1862 195 1932 lica,
211 1862 386 1935 temporibus
400 1861 547 1918 Theodosii
558 1861 682 1934 junioris
699 1866 727 1918 ει
738 1860 862 1920 Dioscuri
875 1877 939 1918 con·
1024 1865 1067 1919 Vl.
1082 1865 1121 1919 Ex
1136 1862 1256 1935 epistola
1268 1864 1358 1919 sancti
1378 1863 1532 1920 Clementis
1553 1864 1635 1920 utilia
1653 1880 1683 1936 qr

124 1956 192 2013 aulis
206 1956 258 2011 snb
275 1956 321 2012 die
334 1955 438 2013 Iduum
451 1956 585 2012 Novemb.
989 1958 1062 2013 senti
1084 1963 1212 2030 tempore
1234 1957 1359 2015 ecclesiis
1377 1959 1538 2015 necemaria
1560 1961 1628 2013 sunt
1648 1957 1683 2014 bo

159 2050 225 2107 Car.
241 2051 261 2106 l.
276 2049 386 2106 Placuit
401 2050 546 2122 episcopus
567 2050 603 2106 de
626 2048 774 2105 Gallicanis
787 2048 939 2122 provinciis
988 2051 1171 2124 proterenda,
1186 2057 1215 2108 et
1229 2068 1294 2107 cum
1308 2052 1468 2107 reverentia
1479 2052 1514 2107 ab
1525 2052 1658 2108 omnibus
1673 2051 1683 2106 t

124 2144 270 2199 venientes
290 2144 365 2199 intre
378 2140 479 2198 Gallias
492 2156 549 2198 uun
563 2142 767 2213 discutiendos,
781 2142 832 2198 sed
849 2144 939 2199 solum
989 2162 1022 2202 ac
1034 2147 1177 2219 praecipue
1189 2146 1296 2202 clericis
1305 2145 1478 2218 recipienda,
1493 2162 1528 2201 ex
1537 2146 1641 2218 quibus
1650 2162 1683 2219 qu

125 2237 256 2293 sutsscere
278 2237 301 2291 si
320 2235 416 2292 nullus
431 2235 666 2291 communionem
688 2236 728 2291 eis
750 2235 938 2305 interdixerit,
989 2240 1098 2296 cialiter
1118 2241 1225 2313 placuit
1245 2243 1361 2312 propter
1387 2241 1584 2296 venerandam
1605 2240 1683 2312 anfiq

125 2329 191 2402 quia
211 2331 287 2385 inter
307 2326 576 2385 circumhabitantes
598 2345 630 2384 ac
654 2327 707 2384 sibi
724 2345 797 2400 pene
817 2329 939 2387 invicem
989 2334 1099 2390 statutis
1118 2334 1306 2406 presentibus
1329 2333 1504 2403 roboramus,
1527 2334 1605 2406 quod
1626 2350 1683 2406 sup:

125 2428 208 2481 notos
220 2441 279 2480 non
293 2429 354 2480 tam
366 2422 529 2478 testimonio
541 2421 673 2494 indigent
690 2422 782 2494 probi,
793 2439 880 2496 quam
892 2423 940 2479 de·
988 2428 1089 2484 beatus
1098 2433 1207 2501 martyr
1215 2427 1251 2483 de
1259 2427 1414 2484 beatissimi
1428 2428 1503 2484 Petri
1516 2427 1683 2484 constitutio:

123 2517 268 2576 notatione
282 2521 311 2573 at
319 2516 584 2573 denuntiationibus
594 2514 750 2588 depravati.
988 2527 1130 2579 memorat
1147 2522 1263 2578 dicens:
1281 2522 1417 2587 Quaedam
1439 2526 1536 2577 autem
1560 2522 1647 2578 etiam
1671 2537 1683 2579 a

159 2613 192 2667 ll.
209 2612 316 2668 llurum
330 2611 379 2684 qui
399 2610 566 2682 poenitentia
589 2613 705 2682 accepta
726 2611 756 2666 in
777 2609 855 2667 bono
876 2611 939 2668 vitra
990 2617 1059 2690 ipsis
1079 2617 1240 2689 intelligere
1261 2617 1379 2684 debetis,
1393 2616 1417 2670 εἰ
1435 2632 1492 2688 qua
1508 2615 1682 2688 suntquasiy

125 2722 208 2761 cursu
220 2704 407 2760 satisfactoria
421 2702 642 2776 compunctione
651 2703 789 2775 viventes,
799 2704 941 2762 sinecum·
990 2715 1054 2783 pter
1068 2711 1182 2766 insidias
1195 2711 1345 2766 hominum
1358 2711 1498 2765 malorum
1515 2726 1573 2765 non
1586 2713 1681 2782 potest

125 2799 263 2856 munione
282 2798 430 2870 inopinato
454 2814 663 2871 nonuunquam
686 2797 809 2855 transitu
822 2799 851 2854 in
864 2799 940 2870 agris
989 2805 1046 2860 tius
1067 2811 1096 2860 et
1116 2804 1294 2860 manifestius
1307 2803 1449 2878 proloqui,
1462 2803 1541 2859 verbi
1555 2802 1681 2875 gratia,i

125 2895 175 2948 aut
187 2893 218 2947 in
231 2892 378 2947 itineribus
390 2891 607 2963 praeveniuntur
614 2890 787 2948 oblationem
802 2892 941 2964 recipien·
990 2904 1033 2954 est
1046 2898 1129 2953 alicui
1143 2915 1194 2970 pro
1206 2897 1316 2954 actibus
1330 2897 1396 2964 suis,
1416 2912 1463 2952 vos
1484 2896 1570 2952 nolite
1584 2912 1682 2969 axspac

126 2986 202 3055 dam,
214 2990 243 3041 et
257 2986 513 3061 eorumluneraac
522 2984 654 3059 deinceps
667 2985 836 3041 memoriam
848 2986 938 3041 eccle·
989 2992 1050 3064 ipsa
1064 2992 1143 3050 vobis
1153 2992 1239 3061 dicat,
1255 3008 1321 3050 oum
1333 2991 1381 3047 illo
1394 2991 1480 3047 nolite
1492 2990 1577 3046 amici
1590 3007 1662 3062 esse,
1675 3008 1682 3046 s

125 3079 238 3136 siastico
246 3078 347 3135 ellectu
357 3078 601 3152 prosequendam,
613 3079 679 3152 quia
690 3079 769 3135 netas
784 3084 827 3136 cst
838 3096 939 3135 eorum
950 3059 978 3134 C
990 3087 1090 3143 denter
1103 3086 1252 3142 observare
1265 3085 1372 3142 dehetis
1396 3090 1424 3141 et
1437 3085 1575 3140 voluntati
1595 3085 1658 3156 ejus
1675 3101 1682 3135 i

124 3173 415 3230 commemorationes
428 3172 540 3229 excludi
560 3190 578 3230 a
597 3171 768 3229 salutaribus
780 3174 878 3243 sacris,
891 3174 939 3246 qui
989 3181 1038 3253 qui
1051 3178 1174 3235 ecclesias
1186 3195 1282 3235 curam
1303 3180 1378 3251 gerit
1398 3178 1504 3251 absque
1517 3177 1682 3234 commoniti

123 3267 159 3323 od
172 3267 273 3322 eadem
285 3283 365 3323 sacra
379 3264 458 3322 fideli
472 3265 575 3322 attactu
586 3265 799 3336 contendentes,
819 3266 889 3322 dum
910 3284 940 3323 se
990 3273 1158 3342 secundare,
1181 3278 1210 3330 et
1231 3272 1320 3329 averti
1340 3272 1375 3328 ab
1396 3288 1430 3329 eo
1452 3272 1497 3328 cni
1516 3273 1611 3345 ipsum
1628 3288 1681 3329 sen

123 3361 229 3417 diutim
253 3377 315 3417 reos
336 3363 467 3416 statuunt
480 3359 613 3432 indignos
632 3359 786 3416 salutiferis
799 3360 940 3432 mysteriis
989 3383 1113 3436 versum,
1128 3367 1241 3425 seduec
1256 3367 1335 3440 loqui
1357 3367 1401 3422 his
1422 3366 1525 3439 quibus
1547 3383 1606 3423 non
1624 3367 1682 3440 loqu

119 3454 250 3527 judicant
271 3471 304 3510 ac
324 3453 504 3526 purgatiores
520 3453 631 3510 restitui
648 3453 812 3510 desiderant
826 3471 833 3509 :
846 3453 881 3509 ab
894 3454 940 3509 his
991 3462 1185 3534 unusquisque
1200 3461 1250 3534 qui
1273 3462 1302 3516 in
1323 3462 1404 3533 culpa
1425 3465 1467 3516 est
1487 3460 1556 3516 dnm
1579 3460 1681 3533 cupiti

123 3565 175 3621 pro
195 3548 298 3622 quibus
316 3552 560 3603 sacramentorum
583 3547 685 3604 viatico
709 3547 938 3620 intercipiuntur,
990 3560 1118 3612 vestrum
1133 3555 1186 3611 sibi
1209 3556 1332 3628 gratiam
1344 3571 1477 3627 reparare
1489 3555 1572 3610 citius
1584 3555 1681 3611 testim

123 3642 226 3714 quibm
235 3642 355 3699 tortasse
364 3658 418 3697 nec
430 3641 670 3698 absolutissimam
680 3641 939 3699 reconciliationem
990 3650 1077 3707 ciliani
1091 3650 1117 3705 ei
1127 3649 1177 3721 qui
1189 3649 1321 3705 omnibus
1334 3653 1450 3721 praest,
1465 3652 1495 3704 ut
1508 3665 1561 3720 per
1581 3649 1636 3704 boc
1657 3664 1681 3704 rt

123 3737 255 3793 sacerdus
268 3735 466 3808 denegandum
480 3740 617 3809 putasset·
990 3745 1110 3800 salutem
1123 3760 1189 3799 cum
1203 3743 1318 3799 obedire
1340 3742 1457 3814 coeperit
1477 3742 1591 3798 munitis
1614 3758 1681 3815 prcus

158 3832 204 3887 lll.
219 3832 272 3888 Per
289 3830 400 3902 singula
421 3829 565 3886 territuria
587 3829 746 3902 presbyteri
760 3828 806 3885 uel
819 3829 941 3886 ministri
990 3843 1133 3895 eteaetera
1145 3854 1210 3911 quae
1234 3838 1264 3893 in
1286 3837 1527 3908 consequentibus
1551 3837 1681 3893 denotant

123 3924 383 3997 abepiscopis‚non
402 3927 488 3995 prout
503 3923 618 3979 libitum
627 3922 938 3994 fueritavicinioribus,
990 3949 1089 3989 eorum
1096 3932 1146 4005 qui
1154 3929 1382 3988 veritatiinimici
1392 3934 1466 3986 sunt.
1478 3929 1556 3986 Sciat
1565 3929 1681 4003 itaque(

123 4017 197 4073 seda
209 4018 267 4073 suis
276 4016 401 4089 propriis
408 4033 461 4089 per
470 4033 560 4072 annos
570 4017 699 4088 singulos
709 4019 808 4088 petant
817 4016 940 4073 chrisma
989 4026 1080 4083 clerus
1092 4025 1130 4081 ad
1142 4031 1264 4095 reatum,
1274 4025 1324 4080 sed
1334 4027 1363 4078 ει
1372 4024 1495 4096 populus
1509 4023 1640 4079 fidelium
1649 4022 1681 4079 ad

122 4111 370 4184 appropinquante
379 4110 560 4166 solemnitate
573 4109 769 4182 paschalinec
782 4125 835 4181 per
843 4126 940 4182 quem·
989 4119 1043 4175 sibi
1075 4120 1286 4188 ascribendum,
1311 4119 1334 4173 si
1362 4118 1425 4190 quis
1457 4118 1487 4173 in
1514 4118 1568 4174 hoc
1588 4117 1681 4174 vitium

122 4219 234 4275 cunque
261 4201 491 4272 ecclesiasticum,
518 4203 568 4258 sed
590 4203 613 4258 si
635 4219 692 4275 qua
714 4203 868 4260 necessitas
891 4207 941 4260 aut
990 4217 1278 4286 mmcompulantur,
1301 4217 1330 4269 et
1351 4212 1506 4284 disciplinae
1528 4211 1681 4268 subversor

124 4294 322 4352 ministrorum
337 4295 483 4368 occupatio
506 4299 549 4351 est
569 4311 620 4367 per
640 4295 858 4366 subdiaconum,
873 4297 941 4370 quia
990 4307 1086 4363 scitur,

125 4395 298 4450 inhonorum
311 4398 354 4450 est
367 4392 549 4450 interioribus
563 4410 675 4449 summa
697 4394 850 4451 committi.
865 4395 941 4467 Opti·
1028 4403 1082 4458 Vll.
1096 4400 1205 4456 Placuit
1222 4405 1360 4473 praterea
1377 4399 1526 4456 accusandi
1549 4399 1681 4455 licentiae

124 4506 205 4546 mum
221 4495 264 4546 εει
276 4491 375 4545 autom
384 4492 417 4544 ut
428 4488 489 4561 ipsa
502 4487 636 4560 suscipiat
649 4489 698 4561 qui
716 4488 857 4545 tradendo
872 4507 938 4545 usu·
991 4495 1056 4551 stris
1068 4494 1225 4563 ordinibus,
1246 4495 1270 4550 si
1287 4511 1344 4568 qua
1356 4494 1467 4561 existat,
1480 4493 1593 4549 levitate
1606 4508 1680 4564 comp

123 4606 172 4644 rus
185 4592 238 4660 est,
254 4588 278 4646 si
290 4588 360 4660 quid
372 4592 469 4643 autem
479 4587 572 4644 obstat
580 4587 681 4644 salttun
691 4588 715 4644 is
725 4587 804 4658 cujus
812 4588 940 4644 ottlclum
991 4590 1067 4660 quod
1080 4588 1103 4642 si
1116 4588 1266 4660 episcopus
1278 4588 1402 4658 aliquem
1407 4587 1526 4658 judicat,
1539 4586 1680 4643 abstinens

124 4686 167 4737 ost
181 4683 335 4739 sacrarium
348 4682 500 4755 disponere
513 4687 541 4738 et
554 4686 731 4737 sacramenta
750 4681 904 4754 suscipere.
991 4682 1187 4738 humiliatione
1209 4687 1238 4738 et
1255 4682 1431 4738 correctione
1460 4681 1566 4749 botris,
1592 4683 1623 4736 et
1647 4696 1680 4737 aa

159 4776 202 4832 lV.
219 4776 273 4840 Qui
286 4776 441 4833 oblationes
456 4776 655 4833 detunctorum
669 4775 794 4832 retinent
808 4779 837 4831 et
851 4775 939 4832 eccle·
991 4776 1112 4844 exorari,
1128 4794 1145 4832 a
1158 4776 1266 4832 caeteris
1290 4775 1448 4846 acquiescat
1465 4774 1548 4829 tratri
1570 4773 1607 4831 de
1629 4788 1680 4846 quo

124 4868 172 4923 siis
186 4869 298 4925 tradere
312 4870 550 4941 demorantur,ut
562 4868 693 4926 infideles
702 4868 814 4926 suntab
824 4868 941 4925 ecclesia
990 4869 1169 4941 correptione
1183 4872 1212 4924 ct
1224 4867 1444 4924 comminatione
1452 4865 1591 4922 adbibita.
1603 4865 1680 4923 Sina

123 4961 286 5034 abjiciendi,
298 4963 461 5036 quiausque
471 4964 506 5019 ad
515 4963 705 5019 inanitionem
713 4963 781 5018 fidei
790 4963 940 5035 pervenire
991 4963 1111 5018 crimine
1126 4963 1250 5034 aliquem
1264 4965 1347 5033 putet
1362 4977 1423 5015 esse
1436 4959 1645 5028 damnandum,
1657 4974 1680 5015 ai

124 5059 236 5111 certum
259 5059 302 5111 est
326 5055 401 5111 hanc
420 5055 525 5112 divinas
547 5056 661 5129 pietatis
682 5049 938 5126 exacerbationem,
990 5057 1028 5112 ris
1041 5057 1101 5112 viee
1116 5055 1335 5121 discutiendum,
1352 5054 1374 5109 si
1390 5053 1472 5119 sciat,
1485 5054 1529 5109 las
1541 5057 1585 5109 est
1598 5053 1675 5110 enim

125 5148 193 5221 quia
205 5153 234 5205 et
245 5147 344 5204 fideles
354 5148 389 5204 de
403 5165 522 5220 corpore
532 5149 700 5205 recedentes
711 5153 840 5204 votorum
850 5150 940 5221 pleni·
989 5149 1039 5204 uni
1055 5149 1223 5221 probantur,
1239 5148 1397 5221 probentur
1407 5147 1443 5202 ab
1455 5146 1598 5203 omnibus.

125 5242 273 5311 tudine,et
285 5258 423 5314 pauperes
438 5242 587 5298 consolatu
603 5243 800 5312 nlimouiae,et
814 5259 940 5298 necessa·
1025 5244 1092 5298 Vlll.
1115 5240 1198 5306 Quod
1219 5242 1243 5297 si
1265 5245 1359 5297 tantus
1381 5241 1528 5313 episcopus
1551 5239 1680 5296 alienicl

123 5335 167 5392 ria
188 5335 395 5392 sustentatione
419 5335 605 5405 fraudantem
628 5337 659 5392 bi
678 5336 756 5392 enim
775 5335 845 5391 tales
858 5336 939 5408 quasi
990 5337 1135 5394 conscium
1146 5336 1235 5403 novit,
1258 5335 1517 5408 quandiuprobure
1537 5350 1596 5389 non
1619 5338 1680 5407 pota

123 5430 271 5501 egentium
285 5433 505 5500 necatores,nec
517 5428 665 5485 credentes
674 5428 815 5501 judicium
830 5429 880 5484 llei
890 5430 939 5486 ba·
989 5430 1125 5503 proterat,
1139 5429 1188 5485 scd
1202 5446 1267 5484 cum
1281 5429 1413 5500 episcopo
1427 5429 1464 5484 ad
1475 5427 1679 5500 compunctior

123 5522 208 5579 bandi
216 5529 299 5593 sunt;
311 5524 424 5580 undeet
438 5522 554 5596 quidam
566 5524 681 5579 Patrnm
694 5523 748 5579 hoc
760 5522 872 5595 scriptis
882 5523 939 5578 suis
989 5524 1104 5578 secretis
1122 5522 1349 5594 correptionibus
1370 5522 1510 5590 elaboret;
1531 5520 1609 5594 quod
1621 5520 1646 5578 si
1657 5536 1679 5577 ct

122 5615 305 5674 inseruerunt
327 5622 505 5690 congruente
526 5616 667 5673 sententia
687 5632 752 5689 qua
772 5615 813 5671 ait
825 5632 832 5671 :
846 5614 937 5672 amico
988 5617 1161 5688 pertinacior
1172 5615 1267 5684 tuerit,
1283 5620 1313 5671 et
1331 5632 1360 5672 se
1376 5613 1572 5672 communioni
1586 5614 1679 5687 public

120 5707 266 5780 quidpiam
279 5728 380 5784 rapere
394 5712 502 5770 turtum
524 5715 576 5778 est,
591 5713 621 5767 at
641 5709 792 5770 ecclesiam
804 5709 936 5768 traudare
988 5710 1064 5779 serit,
1078 5710 1191 5768 etiamsi
1205 5709 1352 5782 episcopus
1369 5709 1399 5766 in
1420 5707 1623 5780 redarguendo
1643 5707 1679 5765 ill

118 5800 308 5874 sacrilegium.
988 5800 1679 5879 reumjudicatprohauonsdeficiat,indummtus
