<?xml version="1.0" encoding="UTF-8"?>
<!DOCTYPE html PUBLIC "-//W3C//DTD XHTML 1.0 Transitional//EN"
    "http://www.w3.org/TR/xhtml1/DTD/xhtml1-transitional.dtd">
<html xmlns="http://www.w3.org/1999/xhtml" xml:lang="en" lang="en">
 <head>
  <title>
</title>
<meta http-equiv="Content-Type" content="text/html;charset=utf-8" />
  <meta name='ocr-system' content='tesseract 3.04.00' />
  <meta name='ocr-capabilities' content='ocr_page ocr_carea ocr_par ocr_line ocrx_word'/>
</head>
<body>
  <div class='ocr_page' id='page_1' title='image "./patrologiaecurs03unkngoog_0390.png"; bbox 0 0 3870 6150; ppageno 0'>
   <div class='ocr_carea' id='block_1_1' title="bbox 572 214 1638 272">
    <p class='ocr_par' dir='ltr' id='par_1_1' title="bbox 572 214 1638 272">
     <span class='ocr_line' id='line_1_1' title="bbox 572 214 1638 272; baseline 0 -2"><span class='ocrx_word' id='word_1_1' title='bbox 572 214 809 272; x_wconf 70' lang='lat' dir='ltr'>ammentum</span> <span class='ocrx_word' id='word_1_2' title='bbox 826 214 1021 272; x_wconf 85' lang='lat' dir='ltr'>COLLECTIO.</span> <span class='ocrx_word' id='word_1_3' title='bbox 1587 216 1638 270; x_wconf 73' lang='grc'>726</span> 
     </span>
    </p>
   </div>
   <div class='ocr_carea' id='block_1_2' title="bbox 102 321 1712 5842">
    <p class='ocr_par' dir='ltr' id='par_1_2' title="bbox 102 321 1712 5842">
     <span class='ocr_line' id='line_1_2' title="bbox 115 321 1631 410; baseline -0.001 -30"><span class='ocrx_word' id='word_1_4' title='bbox 115 323 200 380; x_wconf 85' lang='lat' dir='ltr'>datur</span> <span class='ocrx_word' id='word_1_5' title='bbox 213 323 397 395; x_wconf 88' lang='lat' dir='ltr'>baptizandos</span> <span class='ocrx_word' id='word_1_6' title='bbox 409 329 526 397; x_wconf 88' lang='lat' dir='ltr'>negant,</span> <span class='ocrx_word' id='word_1_7' title='bbox 542 341 575 380; x_wconf 86' lang='lat' dir='ltr'>aa</span> <span class='ocrx_word' id='word_1_8' title='bbox 587 325 610 380; x_wconf 93' lang='lat' dir='ltr'>si</span> <span class='ocrx_word' id='word_1_9' title='bbox 624 342 673 380; x_wconf 88' lang='lat' dir='ltr'>eos</span> <span class='ocrx_word' id='word_1_10' title='bbox 692 342 768 382; x_wconf 89' lang='lat' dir='ltr'>mor·</span> <span class='ocrx_word' id='word_1_11' title='bbox 781 324 899 410; x_wconf 58' lang='lat' dir='ltr'>Atiatio</span> <span class='ocrx_word' id='word_1_12' title='bbox 907 326 1081 392; x_wconf 85' lang='lat' dir='ltr'>firmaretur,</span> <span class='ocrx_word' id='word_1_13' title='bbox 1093 323 1216 396; x_wconf 82' lang='lat' dir='ltr'>indeque</span> <span class='ocrx_word' id='word_1_14' title='bbox 1226 326 1373 402; x_wconf 88' lang='lat' dir='ltr'>sumerent</span> <span class='ocrx_word' id='word_1_15' title='bbox 1382 323 1491 378; x_wconf 75' lang='lat' dir='ltr'>caeterae</span> <span class='ocrx_word' id='word_1_16' title='bbox 1501 321 1631 379; x_wconf 75' lang='lat' dir='ltr'>noneste</span> 
     </span>
     <span class='ocr_line' id='line_1_3' title="bbox 103 416 1633 490; baseline 0 -19"><span class='ocrx_word' id='word_1_17' title='bbox 103 417 194 472; x_wconf 87' lang='lat' dir='ltr'>ctrina</span> <span class='ocrx_word' id='word_1_18' title='bbox 217 418 247 472; x_wconf 92' lang='lat' dir='ltr'>in</span> <span class='ocrx_word' id='word_1_19' title='bbox 268 418 408 473; x_wconf 78' lang='lat' dir='ltr'>aeternnm</span> <span class='ocrx_word' id='word_1_20' title='bbox 436 423 547 489; x_wconf 89' lang='lat' dir='ltr'>necant,</span> <span class='ocrx_word' id='word_1_21' title='bbox 574 419 774 490; x_wconf 77' lang='lat' dir='ltr'>promittentes</span> <span class='ocrx_word' id='word_1_22' title='bbox 822 421 902 475; x_wconf 82' lang='lat' dir='ltr'>velut</span> <span class='ocrx_word' id='word_1_23' title='bbox 915 419 950 475; x_wconf 88' lang='lat' dir='ltr'>da</span> <span class='ocrx_word' id='word_1_24' title='bbox 959 419 1046 474; x_wconf 88' lang='lat' dir='ltr'>natali</span> <span class='ocrx_word' id='word_1_25' title='bbox 1058 435 1109 474; x_wconf 89' lang='lat' dir='ltr'>suo</span> <span class='ocrx_word' id='word_1_26' title='bbox 1128 419 1205 473; x_wconf 79' lang='lat' dir='ltr'>fonte</span> <span class='ocrx_word' id='word_1_27' title='bbox 1220 433 1302 488; x_wconf 81' lang='lat' dir='ltr'>aquae</span> <span class='ocrx_word' id='word_1_28' title='bbox 1315 419 1424 472; x_wconf 79' lang='lat' dir='ltr'>cuncta</span> <span class='ocrx_word' id='word_1_29' title='bbox 1436 416 1633 487; x_wconf 88' lang='lat' dir='ltr'>procederent,</span> 
     </span>
     <span class='ocr_line' id='line_1_4' title="bbox 103 509 1638 586; baseline 0.001 -21"><span class='ocrx_word' id='word_1_30' title='bbox 103 525 151 566; x_wconf 84' lang='lat' dir='ltr'>ron</span> <span class='ocrx_word' id='word_1_31' title='bbox 162 510 352 582; x_wconf 81' lang='lat' dir='ltr'>baptizantur,</span> <span class='ocrx_word' id='word_1_32' title='bbox 366 511 611 568; x_wconf 85' lang='lat' dir='ltr'>habiturosvitam</span> <span class='ocrx_word' id='word_1_33' title='bbox 625 515 772 583; x_wconf 77' lang='lat' dir='ltr'>aeternnm,</span> <span class='ocrx_word' id='word_1_34' title='bbox 825 517 854 569; x_wconf 89' lang='lat' dir='ltr'>et</span> <span class='ocrx_word' id='word_1_35' title='bbox 873 530 926 586; x_wconf 93' lang='lat' dir='ltr'>per</span> <span class='ocrx_word' id='word_1_36' title='bbox 945 513 1068 569; x_wconf 86' lang='lat' dir='ltr'>diversas</span> <span class='ocrx_word' id='word_1_37' title='bbox 1087 512 1174 568; x_wconf 88' lang='lat' dir='ltr'>totius</span> <span class='ocrx_word' id='word_1_38' title='bbox 1190 510 1291 566; x_wconf 90' lang='lat' dir='ltr'>mnndi</span> <span class='ocrx_word' id='word_1_39' title='bbox 1305 510 1437 582; x_wconf 76' lang='lat' dir='ltr'><strong>regiones</strong></span> <span class='ocrx_word' id='word_1_40' title='bbox 1456 509 1520 581; x_wconf 92' lang='lat' dir='ltr'>puri</span> <span class='ocrx_word' id='word_1_41' title='bbox 1537 510 1638 581; x_wconf 88' lang='lat' dir='ltr'>capitis</span> 
     </span>
     <span class='ocr_line' id='line_1_5' title="bbox 103 603 1638 680; baseline -0.001 -20"><span class='ocrx_word' id='word_1_42' title='bbox 103 620 169 660; x_wconf 89' lang='lat' dir='ltr'>nero</span> <span class='ocrx_word' id='word_1_43' title='bbox 183 604 219 659; x_wconf 88' lang='lat' dir='ltr'>ad</span> <span class='ocrx_word' id='word_1_44' title='bbox 234 621 282 660; x_wconf 91' lang='lat' dir='ltr'>eos</span> <span class='ocrx_word' id='word_1_45' title='bbox 296 604 332 660; x_wconf 92' lang='lat' dir='ltr'>de</span> <span class='ocrx_word' id='word_1_46' title='bbox 346 605 449 677; x_wconf 91' lang='lat' dir='ltr'>quibus</span> <span class='ocrx_word' id='word_1_47' title='bbox 463 606 600 662; x_wconf 86' lang='lat' dir='ltr'><strong>Dominus</strong></span> <span class='ocrx_word' id='word_1_48' title='bbox 615 606 656 662; x_wconf 91' lang='lat' dir='ltr'>ait</span> <span class='ocrx_word' id='word_1_49' title='bbox 670 624 677 663; x_wconf 91' lang='lat'>:</span> <span class='ocrx_word' id='word_1_50' title='bbox 694 628 708 657; x_wconf 72' lang='grc' dir='ltr'>κ</span> <span class='ocrx_word' id='word_1_51' title='bbox 720 609 773 666; x_wconf 87' lang='lat' dir='ltr'>Vc·</span> <span class='ocrx_word' id='word_1_52' title='bbox 823 609 997 680; x_wconf 78' lang='lat' dir='ltr'>incorruptae</span> <span class='ocrx_word' id='word_1_53' title='bbox 1008 610 1169 675; x_wconf 78' lang='lat' dir='ltr'>manarent,</span> <span class='ocrx_word' id='word_1_54' title='bbox 1178 604 1247 676; x_wconf 90' lang='lat' dir='ltr'>quid</span> <span class='ocrx_word' id='word_1_55' title='bbox 1257 604 1503 676; x_wconf 83' lang='lat' dir='ltr'>pracipera,quos</span> <span class='ocrx_word' id='word_1_56' title='bbox 1512 603 1638 674; x_wconf 91' lang='lat' dir='ltr'>abluere,</span> 
     </span>
     <span class='ocr_line' id='line_1_6' title="bbox 103 696 1639 775; baseline -0.001 -23"><span class='ocrx_word' id='word_1_57' title='bbox 103 696 176 752; x_wconf 86' lang='lat' dir='ltr'>iilius</span> <span class='ocrx_word' id='word_1_58' title='bbox 191 697 316 754; x_wconf 88' lang='lat' dir='ltr'>hominis</span> <span class='ocrx_word' id='word_1_59' title='bbox 333 715 462 771; x_wconf 79' lang='lat' dir='ltr'>quarere</span> <span class='ocrx_word' id='word_1_60' title='bbox 480 703 508 756; x_wconf 92' lang='lat' dir='ltr'>et</span> <span class='ocrx_word' id='word_1_61' title='bbox 517 700 624 756; x_wconf 87' lang='lat' dir='ltr'>salvare</span> <span class='ocrx_word' id='word_1_62' title='bbox 639 701 715 773; x_wconf 90' lang='lat' dir='ltr'>quod</span> <span class='ocrx_word' id='word_1_63' title='bbox 728 718 776 773; x_wconf 91' lang='lat' dir='ltr'>pe·</span> <span class='ocrx_word' id='word_1_64' title='bbox 824 718 896 775; x_wconf 89' lang='lat' dir='ltr'>qnos</span> <span class='ocrx_word' id='word_1_65' title='bbox 910 700 997 757; x_wconf 88' lang='lat' dir='ltr'>veluti</span> <span class='ocrx_word' id='word_1_66' title='bbox 1008 701 1040 755; x_wconf 93' lang='lat' dir='ltr'>in</span> <span class='ocrx_word' id='word_1_67' title='bbox 1052 716 1133 756; x_wconf 85' lang='lat' dir='ltr'>coeno</span> <span class='ocrx_word' id='word_1_68' title='bbox 1145 698 1345 754; x_wconf 79' lang='lat' dir='ltr'>immundabili</span> <span class='ocrx_word' id='word_1_69' title='bbox 1355 697 1512 753; x_wconf 89' lang='lat' dir='ltr'>sordidatos</span> <span class='ocrx_word' id='word_1_70' title='bbox 1523 697 1639 752; x_wconf 88' lang='lat' dir='ltr'>mundis</span> 
     </span>
     <span class='ocr_line' id='line_1_7' title="bbox 103 790 1641 869; baseline -0.002 -21"><span class='ocrx_word' id='word_1_71' title='bbox 103 791 166 848; x_wconf 76' lang='lat' dir='ltr'>md.</span> <span class='ocrx_word' id='word_1_72' title='bbox 185 809 262 862; x_wconf 74' lang='lat' dir='ltr'>svin,</span> <span class='ocrx_word' id='word_1_73' title='bbox 278 795 332 862; x_wconf 86' lang='lat' dir='ltr'>il).</span> <span class='ocrx_word' id='word_1_74' title='bbox 350 813 364 845; x_wconf 87' lang='grc'>»</span> <span class='ocrx_word' id='word_1_75' title='bbox 381 793 461 863; x_wconf 84' lang='lat' dir='ltr'>Quia,</span> <span class='ocrx_word' id='word_1_76' title='bbox 483 794 617 866; x_wconf 90' lang='lat' dir='ltr'>inquiunt</span> <span class='ocrx_word' id='word_1_77' title='bbox 637 795 694 865; x_wconf 88' lang='lat' dir='ltr'>isti,</span> <span class='ocrx_word' id='word_1_78' title='bbox 717 811 775 850; x_wconf 92' lang='lat' dir='ltr'>non</span> <span class='ocrx_word' id='word_1_79' title='bbox 824 795 912 869; x_wconf 86' lang='lat' dir='ltr'>digne</span> <span class='ocrx_word' id='word_1_80' title='bbox 923 794 1090 867; x_wconf 83' lang='lat' dir='ltr'>corporibus</span> <span class='ocrx_word' id='word_1_81' title='bbox 1103 792 1181 848; x_wconf 89' lang='lat' dir='ltr'>unda</span> <span class='ocrx_word' id='word_1_82' title='bbox 1190 792 1302 848; x_wconf 83' lang='lat' dir='ltr'>vitaret.</span> <span class='ocrx_word' id='word_1_83' title='bbox 1319 791 1451 847; x_wconf 84' lang='lat' dir='ltr'>Gratulor</span> <span class='ocrx_word' id='word_1_84' title='bbox 1459 790 1558 862; x_wconf 80' lang='lat' dir='ltr'>igitur,</span> <span class='ocrx_word' id='word_1_85' title='bbox 1574 791 1641 846; x_wconf 82' lang='lat' dir='ltr'>cha·</span> 
     </span>
     <span class='ocr_line' id='line_1_8' title="bbox 103 883 1639 960; baseline 0.001 -22"><span class='ocrx_word' id='word_1_86' title='bbox 103 923 114 952; x_wconf 88' lang='lat'>,</span> <span class='ocrx_word' id='word_1_87' title='bbox 134 901 187 940; x_wconf 92' lang='lat' dir='ltr'>nec</span> <span class='ocrx_word' id='word_1_88' title='bbox 208 889 251 940; x_wconf 89' lang='lat' dir='ltr'>est</span> <span class='ocrx_word' id='word_1_89' title='bbox 271 885 348 957; x_wconf 90' lang='lat' dir='ltr'>quod</span> <span class='ocrx_word' id='word_1_90' title='bbox 369 886 399 941; x_wconf 92' lang='lat' dir='ltr'>in</span> <span class='ocrx_word' id='word_1_91' title='bbox 422 887 462 941; x_wconf 89' lang='lat' dir='ltr'>eis</span> <span class='ocrx_word' id='word_1_92' title='bbox 480 888 615 955; x_wconf 87' lang='lat' dir='ltr'>salvetur,</span> <span class='ocrx_word' id='word_1_93' title='bbox 636 889 679 943; x_wconf 86' lang='lat' dir='ltr'>vel</span> <span class='ocrx_word' id='word_1_94' title='bbox 695 891 776 943; x_wconf 89' lang='lat' dir='ltr'>tanto</span> <span class='ocrx_word' id='word_1_95' title='bbox 824 889 929 946; x_wconf 89' lang='lat' dir='ltr'>rissimi</span> <span class='ocrx_word' id='word_1_96' title='bbox 940 889 1052 957; x_wconf 79' lang='lat' dir='ltr'>iratres,</span> <span class='ocrx_word' id='word_1_97' title='bbox 1065 886 1142 960; x_wconf 87' lang='lat' dir='ltr'>quod</span> <span class='ocrx_word' id='word_1_98' title='bbox 1149 903 1201 958; x_wconf 91' lang='lat' dir='ltr'>per</span> <span class='ocrx_word' id='word_1_99' title='bbox 1209 886 1328 942; x_wconf 81' lang='lat' dir='ltr'>fratrem</span> <span class='ocrx_word' id='word_1_100' title='bbox 1339 889 1368 942; x_wconf 90' lang='lat' dir='ltr'>et</span> <span class='ocrx_word' id='word_1_101' title='bbox 1376 883 1576 957; x_wconf 90' lang='lat' dir='ltr'>coepiscopum</span> <span class='ocrx_word' id='word_1_102' title='bbox 1591 901 1639 939; x_wconf 90' lang='lat' dir='ltr'>no-</span> 
     </span>
     <span class='ocr_line' id='line_1_9' title="bbox 105 976 1639 1051; baseline 0.001 -19"><span class='ocrx_word' id='word_1_103' title='bbox 105 976 261 1048; x_wconf 83' lang='lat' dir='ltr'>dimantur,</span> <span class='ocrx_word' id='word_1_104' title='bbox 284 979 352 1051; x_wconf 84' lang='lat' dir='ltr'>quia</span> <span class='ocrx_word' id='word_1_105' title='bbox 374 979 446 1034; x_wconf 93' lang='lat' dir='ltr'>nihil</span> <span class='ocrx_word' id='word_1_106' title='bbox 470 985 512 1036; x_wconf 91' lang='lat' dir='ltr'>est</span> <span class='ocrx_word' id='word_1_107' title='bbox 531 980 561 1035; x_wconf 94' lang='lat' dir='ltr'>in</span> <span class='ocrx_word' id='word_1_108' title='bbox 585 981 626 1036; x_wconf 91' lang='lat' dir='ltr'>eie</span> <span class='ocrx_word' id='word_1_109' title='bbox 645 981 775 1038; x_wconf 84' lang='lat' dir='ltr'>vitiatum</span> <span class='ocrx_word' id='word_1_110' title='bbox 824 989 915 1040; x_wconf 88' lang='lat' dir='ltr'>strum</span> <span class='ocrx_word' id='word_1_111' title='bbox 926 983 1033 1039; x_wconf 85' lang='lat' dir='ltr'>Julium</span> <span class='ocrx_word' id='word_1_112' title='bbox 1048 981 1155 1037; x_wconf 77' lang='lat' dir='ltr'>litteras</span> <span class='ocrx_word' id='word_1_113' title='bbox 1169 980 1204 1035; x_wconf 89' lang='lat' dir='ltr'>ad</span> <span class='ocrx_word' id='word_1_114' title='bbox 1218 996 1271 1035; x_wconf 93' lang='lat' dir='ltr'>nos</span> <span class='ocrx_word' id='word_1_115' title='bbox 1284 978 1442 1048; x_wconf 88' lang='lat' dir='ltr'>destinatis,</span> <span class='ocrx_word' id='word_1_116' title='bbox 1464 981 1493 1034; x_wconf 88' lang='lat' dir='ltr'>at</span> <span class='ocrx_word' id='word_1_117' title='bbox 1505 994 1572 1033; x_wconf 91' lang='lat' dir='ltr'>cum</span> <span class='ocrx_word' id='word_1_118' title='bbox 1587 994 1639 1050; x_wconf 91' lang='lat' dir='ltr'>pro</span> 
     </span>
     <span class='ocr_line' id='line_1_10' title="bbox 103 1071 1637 1148; baseline -0.001 -22"><span class='ocrx_word' id='word_1_119' title='bbox 103 1071 188 1126; x_wconf 83' lang='lat' dir='ltr'>irsub</span> <span class='ocrx_word' id='word_1_120' title='bbox 204 1071 312 1127; x_wconf 91' lang='lat' dir='ltr'>diaboli</span> <span class='ocrx_word' id='word_1_121' title='bbox 328 1077 466 1144; x_wconf 82' lang='lat' dir='ltr'>potestate</span> <span class='ocrx_word' id='word_1_122' title='bbox 481 1074 635 1145; x_wconf 87' lang='lat' dir='ltr'>captivum,</span> <span class='ocrx_word' id='word_1_123' title='bbox 657 1091 710 1130; x_wconf 89' lang='lat' dir='ltr'>nec</span> <span class='ocrx_word' id='word_1_124' title='bbox 724 1092 776 1147; x_wconf 90' lang='lat' dir='ltr'>pro</span> <span class='ocrx_word' id='word_1_125' title='bbox 825 1077 901 1134; x_wconf 88' lang='lat' dir='ltr'>illins</span> <span class='ocrx_word' id='word_1_126' title='bbox 915 1092 1014 1133; x_wconf 89' lang='lat' dir='ltr'>curam</span> <span class='ocrx_word' id='word_1_127' title='bbox 1029 1075 1126 1148; x_wconf 89' lang='lat' dir='ltr'>geritis</span> <span class='ocrx_word' id='word_1_128' title='bbox 1141 1074 1244 1146; x_wconf 91' lang='lat' dir='ltr'>quibus</span> <span class='ocrx_word' id='word_1_129' title='bbox 1258 1072 1413 1145; x_wconf 74' lang='lat' dir='ltr'>providebo</span> <span class='ocrx_word' id='word_1_130' title='bbox 1426 1071 1564 1140; x_wconf 84' lang='lat' dir='ltr'>Ecclesiis,</span> <span class='ocrx_word' id='word_1_131' title='bbox 1580 1072 1637 1126; x_wconf 91' lang='lat' dir='ltr'>sol-</span> 
     </span>
     <span class='ocr_line' id='line_1_11' title="bbox 116 1165 1638 1240; baseline 0 -21"><span class='ocrx_word' id='word_1_132' title='bbox 116 1181 177 1219; x_wconf 87' lang='lat' dir='ltr'>esse</span> <span class='ocrx_word' id='word_1_133' title='bbox 192 1165 307 1238; x_wconf 88' lang='lat' dir='ltr'>sanguis</span> <span class='ocrx_word' id='word_1_134' title='bbox 322 1166 566 1223; x_wconf 89' lang='lat' dir='ltr'>inremissionem</span> <span class='ocrx_word' id='word_1_135' title='bbox 585 1169 692 1240; x_wconf 86' lang='lat' dir='ltr'>legitur</span> <span class='ocrx_word' id='word_1_136' title='bbox 710 1185 775 1240; x_wconf 85' lang='lat' dir='ltr'>pec·</span> <span class='ocrx_word' id='word_1_137' title='bbox 823 1171 1001 1228; x_wconf 86' lang='lat' dir='ltr'>licitudinem</span> <span class='ocrx_word' id='word_1_138' title='bbox 1014 1175 1137 1225; x_wconf 88' lang='lat' dir='ltr'>vestram</span> <span class='ocrx_word' id='word_1_139' title='bbox 1150 1184 1202 1240; x_wconf 91' lang='lat' dir='ltr'>pro</span> <span class='ocrx_word' id='word_1_140' title='bbox 1215 1167 1346 1223; x_wconf 90' lang='lat' dir='ltr'>omnium</span> <span class='ocrx_word' id='word_1_141' title='bbox 1361 1165 1481 1220; x_wconf 85' lang='lat' dir='ltr'>utilitate</span> <span class='ocrx_word' id='word_1_142' title='bbox 1495 1168 1638 1220; x_wconf 88' lang='lat' dir='ltr'>monstra-</span> 
     </span>
     <span class='ocr_line' id='line_1_12' title="bbox 115 1256 1641 1337; baseline -0.001 -24"><span class='ocrx_word' id='word_1_143' title='bbox 115 1256 283 1332; x_wconf 81' lang='lat' dir='ltr'>Quanquam</span> <span class='ocrx_word' id='word_1_144' title='bbox 304 1276 355 1332; x_wconf 91' lang='lat' dir='ltr'>per</span> <span class='ocrx_word' id='word_1_145' title='bbox 374 1261 549 1332; x_wconf 90' lang='lat' dir='ltr'>baptismum</span> <span class='ocrx_word' id='word_1_146' title='bbox 570 1261 674 1319; x_wconf 85' lang='lat' dir='ltr'>Christi</span> <span class='ocrx_word' id='word_1_147' title='bbox 688 1261 776 1317; x_wconf 87' lang='lat' dir='ltr'>etiam</span> <span class='ocrx_word' id='word_1_148' title='bbox 825 1266 880 1336; x_wconf 90' lang='lat' dir='ltr'>tis;</span> <span class='ocrx_word' id='word_1_149' title='bbox 897 1263 996 1337; x_wconf 61' lang='lat' dir='ltr'>ettper</span> <span class='ocrx_word' id='word_1_150' title='bbox 1016 1266 1131 1319; x_wconf 87' lang='lat' dir='ltr'>cunetas</span> <span class='ocrx_word' id='word_1_151' title='bbox 1148 1263 1233 1318; x_wconf 88' lang='lat' dir='ltr'>totius</span> <span class='ocrx_word' id='word_1_152' title='bbox 1255 1260 1331 1316; x_wconf 88' lang='lat' dir='ltr'>orbis</span> <span class='ocrx_word' id='word_1_153' title='bbox 1350 1258 1489 1315; x_wconf 79' lang='lat' dir='ltr'>Ecclesiae</span> <span class='ocrx_word' id='word_1_154' title='bbox 1509 1258 1641 1314; x_wconf 89' lang='lat' dir='ltr'>omnibus</span> 
     </span>
     <span class='ocr_line' id='line_1_13' title="bbox 103 1351 1642 1430; baseline -0.001 -23"><span class='ocrx_word' id='word_1_155' title='bbox 103 1368 144 1407; x_wconf 82' lang='lat' dir='ltr'>rm</span> <span class='ocrx_word' id='word_1_156' title='bbox 158 1352 253 1408; x_wconf 87' lang='lat' dir='ltr'>dicant</span> <span class='ocrx_word' id='word_1_157' title='bbox 265 1354 327 1408; x_wconf 85' lang='lat' dir='ltr'>fieri</span> <span class='ocrx_word' id='word_1_158' title='bbox 340 1353 580 1426; x_wconf 90' lang='lat' dir='ltr'>redemptionem.</span> <span class='ocrx_word' id='word_1_159' title='bbox 590 1355 696 1411; x_wconf 88' lang='lat' dir='ltr'>Libello</span> <span class='ocrx_word' id='word_1_160' title='bbox 708 1372 776 1411; x_wconf 87' lang='lat' dir='ltr'>varo</span> <span class='ocrx_word' id='word_1_161' title='bbox 825 1375 884 1416; x_wconf 88' lang='lat' dir='ltr'>una</span> <span class='ocrx_word' id='word_1_162' title='bbox 899 1357 979 1430; x_wconf 87' lang='lat' dir='ltr'>quod</span> <span class='ocrx_word' id='word_1_163' title='bbox 997 1357 1089 1430; x_wconf 90' lang='lat' dir='ltr'>prosit</span> <span class='ocrx_word' id='word_1_164' title='bbox 1108 1354 1323 1413; x_wconf 90' lang='lat' dir='ltr'>decernendum</span> <span class='ocrx_word' id='word_1_165' title='bbox 1345 1370 1406 1410; x_wconf 86' lang='lat' dir='ltr'>esse</span> <span class='ocrx_word' id='word_1_166' title='bbox 1427 1351 1589 1424; x_wconf 88' lang='lat' dir='ltr'>deposcitis,</span> <span class='ocrx_word' id='word_1_167' title='bbox 1610 1355 1642 1406; x_wconf 89' lang='lat' dir='ltr'>ut</span> 
     </span>
     <span class='ocr_line' id='line_1_14' title="bbox 103 1444 1640 1523; baseline -0.001 -23"><span class='ocrx_word' id='word_1_168' title='bbox 103 1445 171 1501; x_wconf 84' lang='lat' dir='ltr'>atius</span> <span class='ocrx_word' id='word_1_169' title='bbox 184 1447 214 1501; x_wconf 94' lang='lat' dir='ltr'>in</span> <span class='ocrx_word' id='word_1_170' title='bbox 228 1446 446 1520; x_wconf 83' lang='lat' dir='ltr'>Carthaginensi</span> <span class='ocrx_word' id='word_1_171' title='bbox 456 1449 581 1504; x_wconf 80' lang='lat' dir='ltr'>Ecclesia</span> <span class='ocrx_word' id='word_1_172' title='bbox 591 1450 654 1521; x_wconf 91' lang='lat' dir='ltr'>jam</span> <span class='ocrx_word' id='word_1_173' title='bbox 667 1449 777 1505; x_wconf 79' lang='lat' dir='ltr'>confes·</span> <span class='ocrx_word' id='word_1_174' title='bbox 825 1452 882 1507; x_wconf 89' lang='lat' dir='ltr'>suis</span> <span class='ocrx_word' id='word_1_175' title='bbox 893 1450 1077 1508; x_wconf 79' lang='lat' dir='ltr'>constabilitae</span> <span class='ocrx_word' id='word_1_176' title='bbox 1090 1449 1198 1523; x_wconf 86' lang='lat' dir='ltr'>regulis</span> <span class='ocrx_word' id='word_1_177' title='bbox 1215 1447 1356 1517; x_wconf 79' lang='lat' dir='ltr'>Ecclesia,</span> <span class='ocrx_word' id='word_1_178' title='bbox 1369 1463 1403 1502; x_wconf 85' lang='lat' dir='ltr'>ar</span> <span class='ocrx_word' id='word_1_179' title='bbox 1417 1447 1472 1502; x_wconf 92' lang='lat' dir='ltr'>hoc</span> <span class='ocrx_word' id='word_1_180' title='bbox 1488 1444 1565 1518; x_wconf 91' lang='lat' dir='ltr'>quod</span> <span class='ocrx_word' id='word_1_181' title='bbox 1577 1444 1640 1499; x_wconf 91' lang='lat' dir='ltr'>illos</span> 
     </span>
     <span class='ocr_line' id='line_1_15' title="bbox 103 1526 1642 1618; baseline -0.001 -23"><span class='ocrx_word' id='word_1_182' title='bbox 103 1538 155 1596; x_wconf 81' lang='lat' dir='ltr'>sed</span> <span class='ocrx_word' id='word_1_183' title='bbox 174 1540 256 1595; x_wconf 90' lang='lat' dir='ltr'>multi</span> <span class='ocrx_word' id='word_1_184' title='bbox 276 1557 377 1596; x_wconf 90' lang='lat' dir='ltr'>eorum</span> <span class='ocrx_word' id='word_1_185' title='bbox 392 1543 443 1614; x_wconf 93' lang='lat' dir='ltr'>qni</span> <span class='ocrx_word' id='word_1_186' title='bbox 454 1542 642 1613; x_wconf 90' lang='lat' dir='ltr'>perhibentur</span> <span class='ocrx_word' id='word_1_187' title='bbox 657 1559 716 1599; x_wconf 89' lang='lat' dir='ltr'>esse</span> <span class='ocrx_word' id='word_1_188' title='bbox 732 1544 775 1599; x_wconf 86' lang='lat' dir='ltr'>vel</span> <span class='ocrx_word' id='word_1_189' title='bbox 826 1550 931 1615; x_wconf 84' lang='lat' dir='ltr'>careat,</span> <span class='ocrx_word' id='word_1_190' title='bbox 952 1526 1193 1618; x_wconf 89' lang='lat' dir='ltr'>pronuntiationis</span> <span class='ocrx_word' id='word_1_191' title='bbox 1217 1543 1294 1614; x_wconf 88' lang='lat' dir='ltr'>juste</span> <span class='ocrx_word' id='word_1_192' title='bbox 1312 1542 1425 1596; x_wconf 89' lang='lat' dir='ltr'>firmata</span> <span class='ocrx_word' id='word_1_193' title='bbox 1453 1537 1642 1595; x_wconf 86' lang='lat' dir='ltr'>decretalibus</span> 
     </span>
     <span class='ocr_line' id='line_1_16' title="bbox 103 1632 1640 1711; baseline -0.001 -24"><span class='ocrx_word' id='word_1_194' title='bbox 103 1632 199 1705; x_wconf 90' lang='lat' dir='ltr'>cipuli,</span> <span class='ocrx_word' id='word_1_195' title='bbox 216 1634 276 1688; x_wconf 89' lang='lat' dir='ltr'>haec</span> <span class='ocrx_word' id='word_1_196' title='bbox 290 1635 365 1690; x_wconf 88' lang='lat' dir='ltr'>mala</span> <span class='ocrx_word' id='word_1_197' title='bbox 381 1636 483 1707; x_wconf 90' lang='lat' dir='ltr'>quibus</span> <span class='ocrx_word' id='word_1_198' title='bbox 495 1636 681 1692; x_wconf 83' lang='lat' dir='ltr'>fundamenta</span> <span class='ocrx_word' id='word_1_199' title='bbox 694 1637 775 1692; x_wconf 90' lang='lat' dir='ltr'>Chri·</span> <span class='ocrx_word' id='word_1_200' title='bbox 827 1644 921 1711; x_wconf 92' lang='lat' dir='ltr'>petere</span> <span class='ocrx_word' id='word_1_201' title='bbox 936 1655 993 1696; x_wconf 89' lang='lat' dir='ltr'>non</span> <span class='ocrx_word' id='word_1_202' title='bbox 1012 1638 1112 1710; x_wconf 88' lang='lat' dir='ltr'>possit,</span> <span class='ocrx_word' id='word_1_203' title='bbox 1132 1637 1181 1709; x_wconf 89' lang='lat' dir='ltr'>qui</span> <span class='ocrx_word' id='word_1_204' title='bbox 1198 1634 1339 1708; x_wconf 83' lang='lat' dir='ltr'>perversis</span> <span class='ocrx_word' id='word_1_205' title='bbox 1357 1632 1499 1701; x_wconf 88' lang='lat' dir='ltr'>instructi,</span> <span class='ocrx_word' id='word_1_206' title='bbox 1517 1633 1575 1690; x_wconf 91' lang='lat' dir='ltr'>imo</span> <span class='ocrx_word' id='word_1_207' title='bbox 1590 1632 1640 1687; x_wconf 86' lang='lat' dir='ltr'>de·</span> 
     </span>
     <span class='ocr_line' id='line_1_17' title="bbox 103 1712 1641 1802; baseline -0.001 -21"><span class='ocrx_word' id='word_1_208' title='bbox 103 1725 143 1782; x_wconf 86' lang='lat' dir='ltr'>lei</span> <span class='ocrx_word' id='word_1_209' title='bbox 163 1733 300 1782; x_wconf 89' lang='lat' dir='ltr'>conantur</span> <span class='ocrx_word' id='word_1_210' title='bbox 318 1733 455 1798; x_wconf 82' lang='lat' dir='ltr'>evertere,</span> <span class='ocrx_word' id='word_1_211' title='bbox 474 1746 642 1802; x_wconf 87' lang='lat' dir='ltr'>quacunque</span> <span class='ocrx_word' id='word_1_212' title='bbox 658 1712 814 1802; x_wconf 85' lang='lat' dir='ltr'>possuntB</span> <span class='ocrx_word' id='word_1_213' title='bbox 826 1733 925 1789; x_wconf 87' lang='lat' dir='ltr'>structi</span> <span class='ocrx_word' id='word_1_214' title='bbox 945 1732 1097 1788; x_wconf 84' lang='lat' dir='ltr'>verborum</span> <span class='ocrx_word' id='word_1_215' title='bbox 1123 1729 1244 1802; x_wconf 87' lang='lat' dir='ltr'>argutiis</span> <span class='ocrx_word' id='word_1_216' title='bbox 1266 1728 1317 1784; x_wconf 90' lang='lat' dir='ltr'>sub</span> <span class='ocrx_word' id='word_1_217' title='bbox 1344 1728 1472 1800; x_wconf 76' lang='lat' dir='ltr'>imagine</span> <span class='ocrx_word' id='word_1_218' title='bbox 1496 1725 1641 1782; x_wconf 77' lang='lat' dir='ltr'>catholica</span> 
     </span>
     <span class='ocr_line' id='line_1_18' title="bbox 103 1818 1640 1899; baseline -0.002 -24"><span class='ocrx_word' id='word_1_219' title='bbox 103 1819 224 1877; x_wconf 88' lang='lat' dir='ltr'>iflrmare</span> <span class='ocrx_word' id='word_1_220' title='bbox 247 1840 305 1878; x_wconf 93' lang='lat' dir='ltr'>non</span> <span class='ocrx_word' id='word_1_221' title='bbox 323 1826 442 1890; x_wconf 86' lang='lat' dir='ltr'>cessant,</span> <span class='ocrx_word' id='word_1_222' title='bbox 462 1823 537 1878; x_wconf 89' lang='lat' dir='ltr'>unde</span> <span class='ocrx_word' id='word_1_223' title='bbox 554 1824 643 1878; x_wconf 91' lang='lat' dir='ltr'>etiam</span> <span class='ocrx_word' id='word_1_224' title='bbox 662 1824 684 1879; x_wconf 90' lang='lat' dir='ltr'>si</span> <span class='ocrx_word' id='word_1_225' title='bbox 697 1823 776 1879; x_wconf 87' lang='lat' dir='ltr'>Pela·</span> <span class='ocrx_word' id='word_1_226' title='bbox 826 1826 894 1883; x_wconf 89' lang='lat' dir='ltr'>fidei</span> <span class='ocrx_word' id='word_1_227' title='bbox 908 1827 1095 1899; x_wconf 86' lang='lat' dir='ltr'>disputantes,</span> <span class='ocrx_word' id='word_1_228' title='bbox 1110 1824 1186 1880; x_wconf 88' lang='lat' dir='ltr'>velut</span> <span class='ocrx_word' id='word_1_229' title='bbox 1198 1823 1365 1895; x_wconf 84' lang='lat' dir='ltr'>pestiferum</span> <span class='ocrx_word' id='word_1_230' title='bbox 1378 1821 1540 1877; x_wconf 86' lang='lat' dir='ltr'>exhalantes</span> <span class='ocrx_word' id='word_1_231' title='bbox 1552 1818 1640 1889; x_wconf 85' lang='lat' dir='ltr'>virus,</span> 
     </span>
     <span class='ocr_line' id='line_1_19' title="bbox 103 1914 1643 1990; baseline -0.002 -20"><span class='ocrx_word' id='word_1_232' title='bbox 103 1915 251 1988; x_wconf 83' lang='lat' dir='ltr'>laetiusque</span> <span class='ocrx_word' id='word_1_233' title='bbox 271 1916 392 1972; x_wconf 87' lang='lat' dir='ltr'>correcti</span> <span class='ocrx_word' id='word_1_234' title='bbox 411 1919 485 1985; x_wconf 90' lang='lat' dir='ltr'>sunt,</span> <span class='ocrx_word' id='word_1_235' title='bbox 505 1917 549 1972; x_wconf 88' lang='lat' dir='ltr'>vel</span> <span class='ocrx_word' id='word_1_236' title='bbox 563 1917 617 1973; x_wconf 89' lang='lat' dir='ltr'>ista</span> <span class='ocrx_word' id='word_1_237' title='bbox 629 1934 778 1990; x_wconf 87' lang='lat' dir='ltr'>nunquam</span> <span class='ocrx_word' id='word_1_238' title='bbox 827 1925 856 1976; x_wconf 87' lang='lat' dir='ltr'>et</span> <span class='ocrx_word' id='word_1_239' title='bbox 867 1924 899 1976; x_wconf 92' lang='lat' dir='ltr'>nt</span> <span class='ocrx_word' id='word_1_240' title='bbox 911 1919 1061 1976; x_wconf 91' lang='lat' dir='ltr'>hominum</span> <span class='ocrx_word' id='word_1_241' title='bbox 1070 1922 1147 1974; x_wconf 89' lang='lat' dir='ltr'>recte</span> <span class='ocrx_word' id='word_1_242' title='bbox 1160 1916 1346 1972; x_wconf 89' lang='lat' dir='ltr'>sentientium</span> <span class='ocrx_word' id='word_1_243' title='bbox 1355 1915 1385 1971; x_wconf 89' lang='lat' dir='ltr'>in</span> <span class='ocrx_word' id='word_1_244' title='bbox 1393 1914 1567 1970; x_wconf 89' lang='lat' dir='ltr'>deteriorem</span> <span class='ocrx_word' id='word_1_245' title='bbox 1577 1928 1643 1985; x_wconf 88' lang='lat' dir='ltr'>par-</span> 
     </span>
     <span class='ocr_line' id='line_1_20' title="bbox 105 2006 1641 2084; baseline -0.003 -19"><span class='ocrx_word' id='word_1_246' title='bbox 105 2025 135 2064; x_wconf 88' lang='lat' dir='ltr'>se</span> <span class='ocrx_word' id='word_1_247' title='bbox 153 2009 260 2077; x_wconf 87' lang='lat' dir='ltr'>dicunt,</span> <span class='ocrx_word' id='word_1_248' title='bbox 277 2015 305 2064; x_wconf 90' lang='lat' dir='ltr'>et</span> <span class='ocrx_word' id='word_1_249' title='bbox 324 2011 487 2083; x_wconf 85' lang='lat' dir='ltr'>quicunque</span> <span class='ocrx_word' id='word_1_250' title='bbox 500 2012 605 2083; x_wconf 88' lang='lat' dir='ltr'>scripta</span> <span class='ocrx_word' id='word_1_251' title='bbox 618 2013 717 2067; x_wconf 87' lang='lat' dir='ltr'>contra</span> <span class='ocrx_word' id='word_1_252' title='bbox 732 2028 779 2066; x_wconf 85' lang='lat' dir='ltr'>eos</span> <span class='ocrx_word' id='word_1_253' title='bbox 828 2019 886 2072; x_wconf 90' lang='lat' dir='ltr'>tem</span> <span class='ocrx_word' id='word_1_254' title='bbox 900 2014 988 2071; x_wconf 89' lang='lat' dir='ltr'>corda</span> <span class='ocrx_word' id='word_1_255' title='bbox 1007 2015 1201 2084; x_wconf 88' lang='lat' dir='ltr'>corrumpant,</span> <span class='ocrx_word' id='word_1_256' title='bbox 1219 2014 1307 2067; x_wconf 87' lang='lat' dir='ltr'>totam</span> <span class='ocrx_word' id='word_1_257' title='bbox 1326 2008 1384 2066; x_wconf 85' lang='lat' dir='ltr'>reri</span> <span class='ocrx_word' id='word_1_258' title='bbox 1403 2006 1545 2080; x_wconf 82' lang='lat' dir='ltr'>dogmatis</span> <span class='ocrx_word' id='word_1_259' title='bbox 1562 2022 1641 2079; x_wconf 86' lang='lat' dir='ltr'>quae·</span> 
     </span>
     <span class='ocr_line' id='line_1_21' title="bbox 103 2100 1640 2179; baseline -0.002 -23"><span class='ocrx_word' id='word_1_260' title='bbox 103 2101 216 2171; x_wconf 82' lang='lat' dir='ltr'>luerint,</span> <span class='ocrx_word' id='word_1_261' title='bbox 230 2120 280 2157; x_wconf 90' lang='lat' dir='ltr'>sua</span> <span class='ocrx_word' id='word_1_262' title='bbox 297 2120 356 2158; x_wconf 90' lang='lat' dir='ltr'>esse</span> <span class='ocrx_word' id='word_1_263' title='bbox 379 2103 534 2175; x_wconf 88' lang='lat' dir='ltr'>negabunt,</span> <span class='ocrx_word' id='word_1_264' title='bbox 552 2121 603 2160; x_wconf 90' lang='lat' dir='ltr'>nec</span> <span class='ocrx_word' id='word_1_265' title='bbox 622 2109 665 2160; x_wconf 92' lang='lat' dir='ltr'>est</span> <span class='ocrx_word' id='word_1_266' title='bbox 681 2120 780 2177; x_wconf 88' lang='lat' dir='ltr'>quem·</span> <span class='ocrx_word' id='word_1_267' title='bbox 828 2113 896 2165; x_wconf 92' lang='lat' dir='ltr'>runt</span> <span class='ocrx_word' id='word_1_268' title='bbox 910 2113 1037 2165; x_wconf 86' lang='lat' dir='ltr'>evertere</span> <span class='ocrx_word' id='word_1_269' title='bbox 1051 2106 1240 2179; x_wconf 85' lang='lat' dir='ltr'>disciplinam.</span> <span class='ocrx_word' id='word_1_270' title='bbox 1255 2104 1416 2161; x_wconf 88' lang='lat' dir='ltr'>Sanandnm</span> <span class='ocrx_word' id='word_1_271' title='bbox 1426 2119 1495 2174; x_wconf 89' lang='lat' dir='ltr'>ergo</span> <span class='ocrx_word' id='word_1_272' title='bbox 1510 2100 1640 2170; x_wconf 88' lang='lat' dir='ltr'>celerius,</span> 
     </span>
     <span class='ocr_line' id='line_1_22' title="bbox 103 2195 1643 2274; baseline -0.001 -24"><span class='ocrx_word' id='word_1_273' title='bbox 103 2211 121 2250; x_wconf 88' lang='lat' dir='ltr'>n</span> <span class='ocrx_word' id='word_1_274' title='bbox 144 2195 180 2250; x_wconf 91' lang='lat' dir='ltr'>de</span> <span class='ocrx_word' id='word_1_275' title='bbox 199 2196 346 2251; x_wconf 87' lang='lat' dir='ltr'>mendacio</span> <span class='ocrx_word' id='word_1_276' title='bbox 364 2197 581 2254; x_wconf 84' lang='lat' dir='ltr'>convincantur.</span> <span class='ocrx_word' id='word_1_277' title='bbox 605 2197 780 2254; x_wconf 87' lang='lat' dir='ltr'>Generaliter</span> <span class='ocrx_word' id='word_1_278' title='bbox 829 2220 865 2258; x_wconf 89' lang='lat' dir='ltr'>ne</span> <span class='ocrx_word' id='word_1_279' title='bbox 878 2202 994 2274; x_wconf 81' lang='lat' dir='ltr'>longius</span> <span class='ocrx_word' id='word_1_280' title='bbox 1005 2200 1197 2257; x_wconf 86' lang='lat' dir='ltr'>exsecrandus</span> <span class='ocrx_word' id='word_1_281' title='bbox 1211 2199 1313 2255; x_wconf 90' lang='lat' dir='ltr'>animis</span> <span class='ocrx_word' id='word_1_282' title='bbox 1322 2196 1439 2253; x_wconf 90' lang='lat' dir='ltr'>morbus</span> <span class='ocrx_word' id='word_1_283' title='bbox 1448 2196 1576 2267; x_wconf 89' lang='lat' dir='ltr'>inserpat</span> <span class='ocrx_word' id='word_1_284' title='bbox 1589 2211 1596 2249; x_wconf 73' lang='grc' dir='ltr'><strong>ε</strong></span> <span class='ocrx_word' id='word_1_285' title='bbox 1610 2198 1643 2248; x_wconf 90' lang='lat' dir='ltr'>ut</span> 
     </span>
     <span class='ocr_line' id='line_1_23' title="bbox 103 2286 1640 2366; baseline -0.001 -23"><span class='ocrx_word' id='word_1_286' title='bbox 103 2287 242 2361; x_wconf 85' lang='lat' dir='ltr'>nicunque</span> <span class='ocrx_word' id='word_1_287' title='bbox 257 2290 428 2361; x_wconf 88' lang='lat' dir='ltr'>dogmatizat</span> <span class='ocrx_word' id='word_1_288' title='bbox 441 2293 470 2346; x_wconf 90' lang='lat' dir='ltr'>et</span> <span class='ocrx_word' id='word_1_289' title='bbox 484 2291 610 2347; x_wconf 86' lang='lat' dir='ltr'>affirmat</span> <span class='ocrx_word' id='word_1_290' title='bbox 622 2292 780 2347; x_wconf 79' lang='lat' dir='ltr'>humanam</span> <span class='ocrx_word' id='word_1_291' title='bbox 829 2296 852 2353; x_wconf 88' lang='lat' dir='ltr'>si</span> <span class='ocrx_word' id='word_1_292' title='bbox 866 2297 1002 2366; x_wconf 85' lang='lat' dir='ltr'>medicus,</span> <span class='ocrx_word' id='word_1_293' title='bbox 1023 2312 1089 2351; x_wconf 87' lang='lat' dir='ltr'>curn</span> <span class='ocrx_word' id='word_1_294' title='bbox 1100 2294 1202 2352; x_wconf 83' lang='lat' dir='ltr'>viderit</span> <span class='ocrx_word' id='word_1_295' title='bbox 1215 2294 1300 2366; x_wconf 87' lang='lat' dir='ltr'>hujus</span> <span class='ocrx_word' id='word_1_296' title='bbox 1314 2291 1422 2349; x_wconf 89' lang='lat' dir='ltr'>terreni</span> <span class='ocrx_word' id='word_1_297' title='bbox 1443 2289 1568 2362; x_wconf 91' lang='lat' dir='ltr'>corporis</span> <span class='ocrx_word' id='word_1_298' title='bbox 1588 2286 1640 2342; x_wconf 90' lang='lat' dir='ltr'>ali·</span> 
     </span>
     <span class='ocr_line' id='line_1_24' title="bbox 103 2381 1643 2464; baseline -0.001 -27"><span class='ocrx_word' id='word_1_299' title='bbox 103 2382 228 2438; x_wconf 82' lang='lat' dir='ltr'>incende</span> <span class='ocrx_word' id='word_1_300' title='bbox 247 2387 361 2456; x_wconf 87' lang='lat' dir='ltr'>peccata</span> <span class='ocrx_word' id='word_1_301' title='bbox 380 2390 409 2439; x_wconf 92' lang='lat' dir='ltr'>et</span> <span class='ocrx_word' id='word_1_302' title='bbox 422 2385 470 2439; x_wconf 86' lang='lat' dir='ltr'>llei</span> <span class='ocrx_word' id='word_1_303' title='bbox 493 2385 628 2441; x_wconf 87' lang='lat' dir='ltr'>mandata</span> <span class='ocrx_word' id='word_1_304' title='bbox 648 2384 780 2441; x_wconf 81' lang='lat' dir='ltr'>facienda</span> <span class='ocrx_word' id='word_1_305' title='bbox 829 2407 915 2464; x_wconf 81' lang='lat' dir='ltr'>quern</span> <span class='ocrx_word' id='word_1_306' title='bbox 931 2406 992 2446; x_wconf 83' lang='lat' dir='ltr'>esse</span> <span class='ocrx_word' id='word_1_307' title='bbox 1007 2390 1189 2462; x_wconf 86' lang='lat' dir='ltr'>languorem,</span> <span class='ocrx_word' id='word_1_308' title='bbox 1204 2403 1345 2459; x_wconf 88' lang='lat' dir='ltr'>magnum</span> <span class='ocrx_word' id='word_1_309' title='bbox 1360 2402 1419 2441; x_wconf 81' lang='lat' dir='ltr'>suae</span> <span class='ocrx_word' id='word_1_310' title='bbox 1437 2384 1506 2439; x_wconf 89' lang='lat' dir='ltr'>artis</span> <span class='ocrx_word' id='word_1_311' title='bbox 1521 2381 1643 2438; x_wconf 84' lang='lat' dir='ltr'>aestimat</span> 
     </span>
     <span class='ocr_line' id='line_1_25' title="bbox 105 2477 1643 2554; baseline -0.001 -23"><span class='ocrx_word' id='word_1_312' title='bbox 105 2493 186 2548; x_wconf 89' lang='lat' dir='ltr'>posse</span> <span class='ocrx_word' id='word_1_313' title='bbox 199 2480 342 2546; x_wconf 88' lang='lat' dir='ltr'>naturam,</span> <span class='ocrx_word' id='word_1_314' title='bbox 358 2482 387 2533; x_wconf 93' lang='lat' dir='ltr'>et</span> <span class='ocrx_word' id='word_1_315' title='bbox 397 2495 429 2533; x_wconf 88' lang='lat' dir='ltr'>eo</span> <span class='ocrx_word' id='word_1_316' title='bbox 444 2479 529 2534; x_wconf 93' lang='lat' dir='ltr'>modo</span> <span class='ocrx_word' id='word_1_317' title='bbox 540 2479 639 2552; x_wconf 86' lang='lat' dir='ltr'>gretiae</span> <span class='ocrx_word' id='word_1_318' title='bbox 652 2479 701 2535; x_wconf 83' lang='lat' dir='ltr'>nei</span> <span class='ocrx_word' id='word_1_319' title='bbox 714 2495 780 2551; x_wconf 81' lang='lat' dir='ltr'>quae</span> <span class='ocrx_word' id='word_1_320' title='bbox 830 2484 1045 2546; x_wconf 89' lang='lat' dir='ltr'>documentum,</span> <span class='ocrx_word' id='word_1_321' title='bbox 1058 2483 1081 2537; x_wconf 90' lang='lat' dir='ltr'>si</span> <span class='ocrx_word' id='word_1_322' title='bbox 1093 2482 1149 2538; x_wconf 92' lang='lat' dir='ltr'>cito</span> <span class='ocrx_word' id='word_1_323' title='bbox 1164 2481 1228 2554; x_wconf 85' lang='lat' dir='ltr'>quis</span> <span class='ocrx_word' id='word_1_324' title='bbox 1243 2481 1318 2536; x_wconf 90' lang='lat' dir='ltr'>iliius</span> <span class='ocrx_word' id='word_1_325' title='bbox 1336 2480 1498 2535; x_wconf 85' lang='lat' dir='ltr'>interventu</span> <span class='ocrx_word' id='word_1_326' title='bbox 1511 2477 1643 2547; x_wconf 89' lang='lat' dir='ltr'>despera·</span> 
     </span>
     <span class='ocr_line' id='line_1_26' title="bbox 103 2568 1642 2649; baseline -0.007 -15"><span class='ocrx_word' id='word_1_327' title='bbox 103 2586 132 2624; x_wconf 91' lang='lat' dir='ltr'>m</span> <span class='ocrx_word' id='word_1_328' title='bbox 145 2569 303 2626; x_wconf 73' lang='lat' dir='ltr'>evidentius</span> <span class='ocrx_word' id='word_1_329' title='bbox 317 2572 490 2628; x_wconf 70' lang='lat' dir='ltr'>orationibus</span> <span class='ocrx_word' id='word_1_330' title='bbox 509 2573 668 2628; x_wconf 73' lang='lat' dir='ltr'>declaratur</span> <span class='ocrx_word' id='word_1_331' title='bbox 683 2573 782 2628; x_wconf 77' lang='lat' dir='ltr'>adver·</span> <span class='ocrx_word' id='word_1_332' title='bbox 829 2578 991 2646; x_wconf 74' lang='lat' dir='ltr'>inseverat,</span> <span class='ocrx_word' id='word_1_333' title='bbox 1004 2578 1048 2633; x_wconf 79' lang='lat' dir='ltr'>rel</span> <span class='ocrx_word' id='word_1_334' title='bbox 1067 2592 1133 2633; x_wconf 90' lang='lat' dir='ltr'>cum</span> <span class='ocrx_word' id='word_1_335' title='bbox 1152 2580 1216 2649; x_wconf 89' lang='lat' dir='ltr'>post</span> <span class='ocrx_word' id='word_1_336' title='bbox 1230 2592 1259 2629; x_wconf 90' lang='lat' dir='ltr'>se</span> <span class='ocrx_word' id='word_1_337' title='bbox 1279 2576 1362 2646; x_wconf 90' lang='lat' dir='ltr'>putre</span> <span class='ocrx_word' id='word_1_338' title='bbox 1376 2571 1479 2628; x_wconf 80' lang='lat' dir='ltr'>vulnus</span> <span class='ocrx_word' id='word_1_339' title='bbox 1492 2568 1642 2642; x_wconf 87' lang='lat' dir='ltr'>aspexerit,</span> 
     </span>
     <span class='ocr_line' id='line_1_27' title="bbox 103 2661 1643 2740; baseline 0 -24"><span class='ocrx_word' id='word_1_340' title='bbox 103 2663 224 2732; x_wconf 82' lang='lat' dir='ltr'>venitur,</span> <span class='ocrx_word' id='word_1_341' title='bbox 247 2669 274 2721; x_wconf 87' lang='lat' dir='ltr'>et</span> <span class='ocrx_word' id='word_1_342' title='bbox 292 2665 456 2738; x_wconf 86' lang='lat' dir='ltr'>quicunque</span> <span class='ocrx_word' id='word_1_343' title='bbox 476 2670 564 2738; x_wconf 88' lang='lat' dir='ltr'>negat</span> <span class='ocrx_word' id='word_1_344' title='bbox 581 2666 712 2738; x_wconf 77' lang='lat' dir='ltr'>parvulos</span> <span class='ocrx_word' id='word_1_345' title='bbox 729 2682 782 2738; x_wconf 90' lang='lat' dir='ltr'>per</span> <span class='ocrx_word' id='word_1_346' title='bbox 831 2671 947 2728; x_wconf 86' lang='lat' dir='ltr'>adhibet</span> <span class='ocrx_word' id='word_1_347' title='bbox 960 2672 1088 2729; x_wconf 84' lang='lat' dir='ltr'>fomenta</span> <span class='ocrx_word' id='word_1_348' title='bbox 1099 2670 1256 2726; x_wconf 82' lang='lat' dir='ltr'>velcaetera</span> <span class='ocrx_word' id='word_1_349' title='bbox 1267 2668 1369 2740; x_wconf 88' lang='lat' dir='ltr'>quibus</span> <span class='ocrx_word' id='word_1_350' title='bbox 1381 2665 1452 2722; x_wconf 90' lang='lat' dir='ltr'>illud</span> <span class='ocrx_word' id='word_1_351' title='bbox 1466 2661 1643 2738; x_wconf 86' lang='lat' dir='ltr'>possitqnod</span> 
     </span>
     <span class='ocr_line' id='line_1_28' title="bbox 103 2755 1644 2830; baseline 0.001 -20"><span class='ocrx_word' id='word_1_352' title='bbox 103 2773 142 2811; x_wconf 86' lang='lat' dir='ltr'>rm</span> <span class='ocrx_word' id='word_1_353' title='bbox 157 2756 259 2813; x_wconf 89' lang='lat' dir='ltr'>Christi</span> <span class='ocrx_word' id='word_1_354' title='bbox 275 2775 291 2812; x_wconf 88' lang='lat' dir='ltr'>a</span> <span class='ocrx_word' id='word_1_355' title='bbox 304 2758 465 2830; x_wconf 87' lang='lat' dir='ltr'>perditione</span> <span class='ocrx_word' id='word_1_356' title='bbox 484 2759 599 2815; x_wconf 85' lang='lat' dir='ltr'>liberari</span> <span class='ocrx_word' id='word_1_357' title='bbox 615 2763 643 2815; x_wconf 83' lang='lat' dir='ltr'>et</span> <span class='ocrx_word' id='word_1_358' title='bbox 659 2760 781 2815; x_wconf 77' lang='lat' dir='ltr'>salutem</span> <span class='ocrx_word' id='word_1_359' title='bbox 830 2770 930 2822; x_wconf 92' lang='lat' dir='ltr'>natum</span> <span class='ocrx_word' id='word_1_360' title='bbox 942 2766 1035 2821; x_wconf 85' lang='lat' dir='ltr'>luerat</span> <span class='ocrx_word' id='word_1_361' title='bbox 1047 2765 1149 2820; x_wconf 77' lang='lat' dir='ltr'>vulnus</span> <span class='ocrx_word' id='word_1_362' title='bbox 1162 2762 1276 2819; x_wconf 90' lang='lat' dir='ltr'>obduci.</span> <span class='ocrx_word' id='word_1_363' title='bbox 1287 2765 1325 2817; x_wconf 79' lang='lat' dir='ltr'>Ac</span> <span class='ocrx_word' id='word_1_364' title='bbox 1338 2761 1361 2816; x_wconf 91' lang='lat' dir='ltr'>si</span> <span class='ocrx_word' id='word_1_365' title='bbox 1374 2760 1404 2815; x_wconf 89' lang='lat' dir='ltr'>id</span> <span class='ocrx_word' id='word_1_366' title='bbox 1417 2774 1538 2815; x_wconf 88' lang='lat' dir='ltr'>manens</span> <span class='ocrx_word' id='word_1_367' title='bbox 1549 2755 1644 2812; x_wconf 88' lang='lat' dir='ltr'>sanari</span> 
     </span>
     <span class='ocr_line' id='line_1_29' title="bbox 103 2851 1643 2931; baseline -0.013 -7"><span class='ocrx_word' id='word_1_368' title='bbox 103 2851 341 2923; x_wconf 58' lang='lat' dir='ltr'>isempiissfflams</span> <span class='ocrx_word' id='word_1_369' title='bbox 359 2854 515 2909; x_wconf 65' lang='lat' dir='ltr'>assflihtma</span> <span class='ocrx_word' id='word_1_370' title='bbox 532 2854 577 2908; x_wconf 68' lang='lat' dir='ltr'>Sil·</span> <span class='ocrx_word' id='word_1_371' title='bbox 599 2853 781 2927; x_wconf 70' lang='lat' dir='ltr'>Quaecunque</span> <span class='ocrx_word' id='word_1_372' title='bbox 832 2876 890 2915; x_wconf 91' lang='lat' dir='ltr'>non</span> <span class='ocrx_word' id='word_1_373' title='bbox 902 2858 1019 2931; x_wconf 88' lang='lat' dir='ltr'>poterit,</span> <span class='ocrx_word' id='word_1_374' title='bbox 1037 2875 1074 2913; x_wconf 87' lang='lat' dir='ltr'>ne</span> <span class='ocrx_word' id='word_1_375' title='bbox 1090 2873 1191 2930; x_wconf 89' lang='lat' dir='ltr'>corpus</span> <span class='ocrx_word' id='word_1_376' title='bbox 1205 2855 1349 2928; x_wconf 88' lang='lat' dir='ltr'>reliquum</span> <span class='ocrx_word' id='word_1_377' title='bbox 1367 2870 1418 2910; x_wconf 90' lang='lat' dir='ltr'>ena</span> <span class='ocrx_word' id='word_1_378' title='bbox 1429 2852 1494 2908; x_wconf 87' lang='lat' dir='ltr'>tabe</span> <span class='ocrx_word' id='word_1_379' title='bbox 1511 2865 1643 2907; x_wconf 91' lang='lat' dir='ltr'>corrum-</span> 
     </span>
     <span class='ocr_line' id='line_1_30' title="bbox 102 2942 1645 3025; baseline -0.001 -26"><span class='ocrx_word' id='word_1_380' title='bbox 102 2943 141 2999; x_wconf 92' lang='lat' dir='ltr'>lio</span> <span class='ocrx_word' id='word_1_381' title='bbox 162 2945 202 3000; x_wconf 89' lang='lat' dir='ltr'>eis</span> <span class='ocrx_word' id='word_1_382' title='bbox 223 2946 401 3017; x_wconf 86' lang='lat' dir='ltr'>objiciantur,</span> <span class='ocrx_word' id='word_1_383' title='bbox 421 2964 479 3002; x_wconf 93' lang='lat' dir='ltr'>non</span> <span class='ocrx_word' id='word_1_384' title='bbox 501 2947 599 3002; x_wconf 88' lang='lat' dir='ltr'>dubito</span> <span class='ocrx_word' id='word_1_385' title='bbox 619 2948 780 3004; x_wconf 87' lang='lat' dir='ltr'>veneratio·</span> <span class='ocrx_word' id='word_1_386' title='bbox 832 2957 890 3025; x_wconf 84' lang='lat' dir='ltr'>pat,</span> <span class='ocrx_word' id='word_1_387' title='bbox 903 2952 978 3008; x_wconf 82' lang='lat' dir='ltr'>ferro</span> <span class='ocrx_word' id='word_1_388' title='bbox 993 2953 1122 3024; x_wconf 88' lang='lat' dir='ltr'>amputet</span> <span class='ocrx_word' id='word_1_389' title='bbox 1133 2950 1211 3024; x_wconf 90' lang='lat' dir='ltr'>quod</span> <span class='ocrx_word' id='word_1_390' title='bbox 1221 2947 1352 3017; x_wconf 87' lang='lat' dir='ltr'>nocebat,</span> <span class='ocrx_word' id='word_1_391' title='bbox 1364 2946 1441 3020; x_wconf 88' lang='lat' dir='ltr'>qnod</span> <span class='ocrx_word' id='word_1_392' title='bbox 1449 2945 1594 3017; x_wconf 90' lang='lat' dir='ltr'>reliquum</span> <span class='ocrx_word' id='word_1_393' title='bbox 1603 2942 1645 2998; x_wconf 92' lang='lat' dir='ltr'>in·</span> 
     </span>
     <span class='ocr_line' id='line_1_31' title="bbox 103 3036 1645 3120; baseline -0.001 -28"><span class='ocrx_word' id='word_1_394' title='bbox 103 3054 164 3107; x_wconf 87' lang='lat' dir='ltr'>am,</span> <span class='ocrx_word' id='word_1_395' title='bbox 196 3055 262 3094; x_wconf 87' lang='lat' dir='ltr'>cum</span> <span class='ocrx_word' id='word_1_396' title='bbox 294 3043 375 3112; x_wconf 88' lang='lat' dir='ltr'>gesta</span> <span class='ocrx_word' id='word_1_397' title='bbox 405 3041 576 3113; x_wconf 87' lang='lat' dir='ltr'>episcopalia</span> <span class='ocrx_word' id='word_1_398' title='bbox 605 3041 783 3115; x_wconf 85' lang='lat' dir='ltr'>perspexerit</span> <span class='ocrx_word' id='word_1_399' title='bbox 832 3048 990 3120; x_wconf 82' lang='lat' dir='ltr'>tegrumet</span> <span class='ocrx_word' id='word_1_400' title='bbox 1009 3048 1102 3102; x_wconf 84' lang='lat' dir='ltr'>servet</span> <span class='ocrx_word' id='word_1_401' title='bbox 1121 3045 1270 3100; x_wconf 89' lang='lat' dir='ltr'>intactum.</span> <span class='ocrx_word' id='word_1_402' title='bbox 1289 3039 1507 3098; x_wconf 84' lang='lat' dir='ltr'>Praecidendum</span> <span class='ocrx_word' id='word_1_403' title='bbox 1529 3036 1645 3109; x_wconf 82' lang='lat' dir='ltr'>argaid</span> 
     </span>
     <span class='ocr_line' id='line_1_32' title="bbox 107 3131 1646 3213; baseline 0 -28"><span class='ocrx_word' id='word_1_404' title='bbox 107 3131 214 3187; x_wconf 87' lang='lat' dir='ltr'>oriente</span> <span class='ocrx_word' id='word_1_405' title='bbox 238 3133 337 3188; x_wconf 87' lang='lat' dir='ltr'>eadem</span> <span class='ocrx_word' id='word_1_406' title='bbox 367 3151 450 3189; x_wconf 89' lang='lat' dir='ltr'>causa</span> <span class='ocrx_word' id='word_1_407' title='bbox 475 3135 602 3191; x_wconf 84' lang='lat' dir='ltr'>confecta</span> <span class='ocrx_word' id='word_1_408' title='bbox 637 3135 781 3205; x_wconf 85' lang='lat' dir='ltr'>dicuntur,</span> <span class='ocrx_word' id='word_1_409' title='bbox 833 3145 876 3197; x_wconf 87' lang='lat' dir='ltr'>est</span> <span class='ocrx_word' id='word_1_410' title='bbox 888 3140 965 3213; x_wconf 94' lang='lat' dir='ltr'>quod</span> <span class='ocrx_word' id='word_1_411' title='bbox 977 3140 1054 3196; x_wconf 83' lang='lat' dir='ltr'>velut</span> <span class='ocrx_word' id='word_1_412' title='bbox 1066 3155 1138 3211; x_wconf 91' lang='lat' dir='ltr'>puro</span> <span class='ocrx_word' id='word_1_413' title='bbox 1150 3153 1278 3209; x_wconf 87' lang='lat' dir='ltr'>sanoque</span> <span class='ocrx_word' id='word_1_414' title='bbox 1289 3135 1411 3191; x_wconf 90' lang='lat' dir='ltr'>nimium</span> <span class='ocrx_word' id='word_1_415' title='bbox 1420 3132 1532 3205; x_wconf 90' lang='lat' dir='ltr'>corpori</span> <span class='ocrx_word' id='word_1_416' title='bbox 1542 3131 1646 3187; x_wconf 80' lang='lat' dir='ltr'>virinus</span> 
     </span>
     <span class='ocr_line' id='line_1_33' title="bbox 103 3226 1645 3306; baseline -0.008 -13"><span class='ocrx_word' id='word_1_417' title='bbox 103 3240 172 3293; x_wconf 62' lang='lat'>³³³¹,</span> <span class='ocrx_word' id='word_1_418' title='bbox 206 3226 280 3281; x_wconf 66' lang='lat' dir='ltr'>unde</span> <span class='ocrx_word' id='word_1_419' title='bbox 309 3243 409 3283; x_wconf 69' lang='lat' dir='ltr'>Omnes</span> <span class='ocrx_word' id='word_1_420' title='bbox 438 3228 468 3283; x_wconf 78' lang='lat' dir='ltr'>in</span> <span class='ocrx_word' id='word_1_421' title='bbox 502 3229 553 3284; x_wconf 75' lang='lat' dir='ltr'>Dei</span> <span class='ocrx_word' id='word_1_422' title='bbox 586 3228 783 3285; x_wconf 77' lang='lat' dir='ltr'>misericordia</span> <span class='ocrx_word' id='word_1_423' title='bbox 832 3235 970 3306; x_wconf 89' lang='lat' dir='ltr'>obrepsit,</span> <span class='ocrx_word' id='word_1_424' title='bbox 981 3250 1019 3289; x_wconf 91' lang='lat' dir='ltr'>ne</span> <span class='ocrx_word' id='word_1_425' title='bbox 1034 3249 1100 3288; x_wconf 89' lang='lat' dir='ltr'>cnm</span> <span class='ocrx_word' id='word_1_426' title='bbox 1116 3232 1225 3287; x_wconf 90' lang='lat' dir='ltr'>tardius</span> <span class='ocrx_word' id='word_1_427' title='bbox 1238 3229 1411 3301; x_wconf 89' lang='lat' dir='ltr'>abstergitur</span> <span class='ocrx_word' id='word_1_428' title='bbox 1426 3227 1457 3283; x_wconf 92' lang='lat' dir='ltr'>in</span> <span class='ocrx_word' id='word_1_429' title='bbox 1471 3227 1540 3298; x_wconf 87' lang='lat' dir='ltr'>ipsis</span> <span class='ocrx_word' id='word_1_430' title='bbox 1552 3240 1645 3298; x_wconf 77' lang='lat' dir='ltr'>poena</span> 
     </span>
     <span class='ocr_line' id='line_1_34' title="bbox 103 3319 1644 3398; baseline -0.001 -24"><span class='ocrx_word' id='word_1_431' title='bbox 103 3336 153 3375; x_wconf 79' lang='lat' dir='ltr'>ins.</span> <span class='ocrx_word' id='word_1_432' title='bbox 188 3321 244 3376; x_wconf 90' lang='lat' dir='ltr'>Ora</span> <span class='ocrx_word' id='word_1_433' title='bbox 275 3338 326 3393; x_wconf 93' lang='lat' dir='ltr'>pro</span> <span class='ocrx_word' id='word_1_434' title='bbox 360 3321 451 3391; x_wconf 92' lang='lat' dir='ltr'>nobis,</span> <span class='ocrx_word' id='word_1_435' title='bbox 478 3322 594 3378; x_wconf 92' lang='lat' dir='ltr'>domine</span> <span class='ocrx_word' id='word_1_436' title='bbox 619 3322 782 3380; x_wconf 85' lang='lat' dir='ltr'>beatissime</span> <span class='ocrx_word' id='word_1_437' title='bbox 832 3328 984 3385; x_wconf 87' lang='lat' dir='ltr'>visceribus</span> <span class='ocrx_word' id='word_1_438' title='bbox 1006 3327 1091 3398; x_wconf 89' lang='lat' dir='ltr'>hujus</span> <span class='ocrx_word' id='word_1_439' title='bbox 1113 3325 1183 3380; x_wconf 89' lang='lat' dir='ltr'>mali</span> <span class='ocrx_word' id='word_1_440' title='bbox 1207 3341 1265 3381; x_wconf 90' lang='lat' dir='ltr'>non</span> <span class='ocrx_word' id='word_1_441' title='bbox 1285 3322 1435 3379; x_wconf 91' lang='lat' dir='ltr'>hauriendi</span> <span class='ocrx_word' id='word_1_442' title='bbox 1453 3325 1518 3392; x_wconf 90' lang='lat' dir='ltr'>poet</span> <span class='ocrx_word' id='word_1_443' title='bbox 1530 3319 1644 3375; x_wconf 91' lang='lat' dir='ltr'>sentina</span> 
     </span>
     <span class='ocr_line' id='line_1_35' title="bbox 832 3414 1643 3492; baseline -0.016 -13"><span class='ocrx_word' id='word_1_444' title='bbox 832 3422 967 3479; x_wconf 85' lang='lat' dir='ltr'>considat.</span> <span class='ocrx_word' id='word_1_445' title='bbox 991 3421 1063 3476; x_wconf 88' lang='lat' dir='ltr'>Nam</span> <span class='ocrx_word' id='word_1_446' title='bbox 1081 3419 1149 3492; x_wconf 92' lang='lat' dir='ltr'>quid</span> <span class='ocrx_word' id='word_1_447' title='bbox 1168 3435 1221 3475; x_wconf 93' lang='lat' dir='ltr'>nos</span> <span class='ocrx_word' id='word_1_448' title='bbox 1241 3418 1277 3473; x_wconf 90' lang='lat' dir='ltr'>de</span> <span class='ocrx_word' id='word_1_449' title='bbox 1298 3417 1342 3472; x_wconf 89' lang='lat' dir='ltr'>his</span> <span class='ocrx_word' id='word_1_450' title='bbox 1366 3419 1429 3488; x_wconf 92' lang='lat' dir='ltr'>post</span> <span class='ocrx_word' id='word_1_451' title='bbox 1450 3414 1512 3469; x_wconf 84' lang='lat' dir='ltr'>haec</span> <span class='ocrx_word' id='word_1_452' title='bbox 1531 3417 1643 3468; x_wconf 85' lang='lat' dir='ltr'>rectum</span> 
     </span>
     <span class='ocr_line' id='line_1_36' title="bbox 103 3504 1645 3603; baseline -0.008 -31"><span class='ocrx_word' id='word_1_453' title='bbox 103 3535 152 3587; x_wconf 59' lang='lat' dir='ltr'>pm</span> <span class='ocrx_word' id='word_1_454' title='bbox 168 3535 318 3588; x_wconf 57' lang='lat' dir='ltr'>pumentia</span> <span class='ocrx_word' id='word_1_455' title='bbox 339 3549 419 3603; x_wconf 60' lang='lat'><strong><em>1³⁰9&amp;</em></strong></span> <span class='ocrx_word' id='word_1_456' title='bbox 436 3532 475 3587; x_wconf 65' lang='lat' dir='ltr'>ag</span> <span class='ocrx_word' id='word_1_457' title='bbox 489 3533 632 3589; x_wconf 59' lang='lat' dir='ltr'>compium</span> <span class='ocrx_word' id='word_1_458' title='bbox 652 3534 766 3593; x_wconf 56' lang='lat' dir='ltr'>Ganga.</span> <span class='ocrx_word' id='word_1_459' title='bbox 832 3515 978 3573; x_wconf 87' lang='lat' dir='ltr'>mentibus</span> <span class='ocrx_word' id='word_1_460' title='bbox 989 3515 1163 3569; x_wconf 75' lang='lat' dir='ltr'>estimemus</span> <span class='ocrx_word' id='word_1_461' title='bbox 1176 3512 1225 3585; x_wconf 90' lang='lat' dir='ltr'>qui</span> <span class='ocrx_word' id='word_1_462' title='bbox 1238 3510 1331 3566; x_wconf 90' lang='lat' dir='ltr'>sibise</span> <span class='ocrx_word' id='word_1_463' title='bbox 1343 3512 1445 3582; x_wconf 90' lang='lat' dir='ltr'>putant</span> <span class='ocrx_word' id='word_1_464' title='bbox 1457 3505 1555 3563; x_wconf 90' lang='lat' dir='ltr'>deberi</span> <span class='ocrx_word' id='word_1_465' title='bbox 1567 3504 1645 3578; x_wconf 90' lang='lat' dir='ltr'>quod</span> 
     </span>
     <span class='ocr_line' id='line_1_37' title="bbox 317 3597 1647 3679; baseline -0.015 -6"><span class='ocrx_word' id='word_1_466' title='bbox 317 3607 434 3672; x_wconf 61' lang='lat' dir='ltr'>mucosa.</span> <span class='ocrx_word' id='word_1_467' title='bbox 831 3610 901 3667; x_wconf 91' lang='lat' dir='ltr'>boni</span> <span class='ocrx_word' id='word_1_468' title='bbox 922 3613 998 3679; x_wconf 89' lang='lat' dir='ltr'>sunt,</span> <span class='ocrx_word' id='word_1_469' title='bbox 1021 3625 1074 3663; x_wconf 86' lang='lat' dir='ltr'>nec</span> <span class='ocrx_word' id='word_1_470' title='bbox 1098 3607 1180 3662; x_wconf 92' lang='lat' dir='ltr'>illum</span> <span class='ocrx_word' id='word_1_471' title='bbox 1206 3605 1397 3672; x_wconf 86' lang='lat' dir='ltr'>considerant,</span> <span class='ocrx_word' id='word_1_472' title='bbox 1418 3602 1497 3674; x_wconf 85' lang='lat' dir='ltr'>cujus</span> <span class='ocrx_word' id='word_1_473' title='bbox 1521 3597 1647 3673; x_wconf 86' lang='lat' dir='ltr'>quotidie</span> 
     </span>
     <span class='ocr_line' id='line_1_38' title="bbox 103 3695 1648 3777; baseline -0.003 -26"><span class='ocrx_word' id='word_1_474' title='bbox 103 3712 185 3753; x_wconf 76' lang='lat' dir='ltr'>unns</span> <span class='ocrx_word' id='word_1_475' title='bbox 200 3698 330 3765; x_wconf 77' lang='lat' dir='ltr'>Annene,</span> <span class='ocrx_word' id='word_1_476' title='bbox 356 3703 384 3752; x_wconf 89' lang='lat' dir='ltr'>et</span> <span class='ocrx_word' id='word_1_477' title='bbox 402 3697 534 3753; x_wconf 92' lang='lat' dir='ltr'>omnibus</span> <span class='ocrx_word' id='word_1_478' title='bbox 550 3698 654 3755; x_wconf 85' lang='lat' dir='ltr'>sanctis</span> <span class='ocrx_word' id='word_1_479' title='bbox 674 3699 782 3771; x_wconf 86' lang='lat' dir='ltr'>episco·</span> <span class='ocrx_word' id='word_1_480' title='bbox 834 3704 955 3777; x_wconf 80' lang='lat' dir='ltr'>gratiam</span> <span class='ocrx_word' id='word_1_481' title='bbox 969 3701 1206 3774; x_wconf 80' lang='lat' dir='ltr'>consequuntur?</span> <span class='ocrx_word' id='word_1_482' title='bbox 1226 3699 1280 3755; x_wconf 87' lang='lat' dir='ltr'>Sed</span> <span class='ocrx_word' id='word_1_483' title='bbox 1292 3700 1353 3771; x_wconf 86' lang='lat' dir='ltr'>jam</span> <span class='ocrx_word' id='word_1_484' title='bbox 1367 3695 1412 3752; x_wconf 89' lang='lat' dir='ltr'>isti</span> <span class='ocrx_word' id='word_1_485' title='bbox 1433 3695 1482 3768; x_wconf 89' lang='lat' dir='ltr'>qui</span> <span class='ocrx_word' id='word_1_486' title='bbox 1498 3695 1569 3750; x_wconf 86' lang='lat' dir='ltr'>tales</span> <span class='ocrx_word' id='word_1_487' title='bbox 1581 3695 1648 3747; x_wconf 91' lang='lat' dir='ltr'>sunt</span> 
     </span>
     <span class='ocr_line' id='line_1_39' title="bbox 103 3788 1646 3868; baseline -0.002 -24"><span class='ocrx_word' id='word_1_488' title='bbox 103 3791 201 3858; x_wconf 73' lang='lat' dir='ltr'>eteris,</span> <span class='ocrx_word' id='word_1_489' title='bbox 216 3791 266 3862; x_wconf 89' lang='lat' dir='ltr'>qni</span> <span class='ocrx_word' id='word_1_490' title='bbox 281 3792 310 3844; x_wconf 92' lang='lat' dir='ltr'>in</span> <span class='ocrx_word' id='word_1_491' title='bbox 325 3791 441 3846; x_wconf 86' lang='lat' dir='ltr'>concilio</span> <span class='ocrx_word' id='word_1_492' title='bbox 460 3792 677 3863; x_wconf 89' lang='lat' dir='ltr'>Carthaginensi</span> <span class='ocrx_word' id='word_1_493' title='bbox 692 3791 782 3848; x_wconf 84' lang='lat' dir='ltr'>allue-</span> <span class='ocrx_word' id='word_1_494' title='bbox 832 3798 943 3854; x_wconf 88' lang='lat' dir='ltr'>nullam</span> <span class='ocrx_word' id='word_1_495' title='bbox 955 3796 1007 3852; x_wconf 88' lang='lat' dir='ltr'>Dei</span> <span class='ocrx_word' id='word_1_496' title='bbox 1022 3794 1146 3868; x_wconf 84' lang='lat' dir='ltr'>gratiam</span> <span class='ocrx_word' id='word_1_497' title='bbox 1161 3795 1374 3864; x_wconf 88' lang='lat' dir='ltr'>consequuntur</span> <span class='ocrx_word' id='word_1_498' title='bbox 1386 3789 1507 3862; x_wconf 89' lang='lat' dir='ltr'>quisine</span> <span class='ocrx_word' id='word_1_499' title='bbox 1519 3788 1567 3843; x_wconf 91' lang='lat' dir='ltr'>illo</span> <span class='ocrx_word' id='word_1_500' title='bbox 1582 3791 1646 3842; x_wconf 91' lang='lat' dir='ltr'>tan·</span> 
     </span>
     <span class='ocr_line' id='line_1_40' title="bbox 103 3879 1647 3962; baseline -0.004 -23"><span class='ocrx_word' id='word_1_501' title='bbox 103 3883 200 3940; x_wconf 72' lang='lat' dir='ltr'>alesia</span> <span class='ocrx_word' id='word_1_502' title='bbox 228 3884 582 3954; x_wconf 83' lang='lat' dir='ltr'>dilectissimisfratribus,</span> <span class='ocrx_word' id='word_1_503' title='bbox 607 3886 637 3941; x_wconf 91' lang='lat' dir='ltr'>in</span> <span class='ocrx_word' id='word_1_504' title='bbox 663 3887 783 3943; x_wconf 87' lang='lat' dir='ltr'>Domino</span> <span class='ocrx_word' id='word_1_505' title='bbox 832 3898 896 3949; x_wconf 84' lang='lat' dir='ltr'>tum</span> <span class='ocrx_word' id='word_1_506' title='bbox 917 3889 1031 3962; x_wconf 86' lang='lat' dir='ltr'>assequi</span> <span class='ocrx_word' id='word_1_507' title='bbox 1052 3906 1081 3944; x_wconf 91' lang='lat' dir='ltr'>se</span> <span class='ocrx_word' id='word_1_508' title='bbox 1106 3904 1186 3961; x_wconf 89' lang='lat' dir='ltr'>posse</span> <span class='ocrx_word' id='word_1_509' title='bbox 1209 3886 1366 3953; x_wconf 85' lang='lat' dir='ltr'>confidunt,</span> <span class='ocrx_word' id='word_1_510' title='bbox 1389 3886 1529 3957; x_wconf 86' lang='lat' dir='ltr'>qnantum</span> <span class='ocrx_word' id='word_1_511' title='bbox 1543 3880 1589 3936; x_wconf 83' lang='lat' dir='ltr'>vix</span> <span class='ocrx_word' id='word_1_512' title='bbox 1604 3879 1647 3934; x_wconf 92' lang='lat' dir='ltr'>illi</span> 
     </span>
     <span class='ocr_line' id='line_1_41' title="bbox 834 3975 1646 4059; baseline -0.02 -17"><span class='ocrx_word' id='word_1_513' title='bbox 834 3986 882 4059; x_wconf 88' lang='lat' dir='ltr'>qui</span> <span class='ocrx_word' id='word_1_514' title='bbox 895 3986 930 4041; x_wconf 91' lang='lat' dir='ltr'>ab</span> <span class='ocrx_word' id='word_1_515' title='bbox 944 3984 993 4040; x_wconf 92' lang='lat' dir='ltr'>illo</span> <span class='ocrx_word' id='word_1_516' title='bbox 1007 3982 1197 4056; x_wconf 89' lang='lat' dir='ltr'>postulabant,</span> <span class='ocrx_word' id='word_1_517' title='bbox 1216 3983 1245 4036; x_wconf 87' lang='lat' dir='ltr'>et</span> <span class='ocrx_word' id='word_1_518' title='bbox 1263 3979 1419 4051; x_wconf 86' lang='lat' dir='ltr'>accipiunt,</span> <span class='ocrx_word' id='word_1_519' title='bbox 1434 3975 1646 4049; x_wconf 91' lang='lat' dir='ltr'>promerentur.</span> 
     </span>
     <span class='ocr_line' id='line_1_42' title="bbox 104 4068 1645 4147; baseline -0.003 -21"><span class='ocrx_word' id='word_1_520' title='bbox 104 4071 178 4127; x_wconf 89' lang='lat' dir='ltr'>endo</span> <span class='ocrx_word' id='word_1_521' title='bbox 193 4072 227 4127; x_wconf 90' lang='lat' dir='ltr'>da</span> <span class='ocrx_word' id='word_1_522' title='bbox 241 4072 284 4127; x_wconf 91' lang='lat' dir='ltr'>his</span> <span class='ocrx_word' id='word_1_523' title='bbox 297 4073 380 4128; x_wconf 92' lang='lat' dir='ltr'>rebus</span> <span class='ocrx_word' id='word_1_524' title='bbox 392 4090 464 4146; x_wconf 86' lang='lat' dir='ltr'>quas</span> <span class='ocrx_word' id='word_1_525' title='bbox 476 4075 554 4129; x_wconf 90' lang='lat' dir='ltr'>omni</span> <span class='ocrx_word' id='word_1_526' title='bbox 567 4091 632 4130; x_wconf 87' lang='lat' dir='ltr'>cnm</span> <span class='ocrx_word' id='word_1_527' title='bbox 646 4075 783 4131; x_wconf 88' lang='lat' dir='ltr'>sollicitu-</span> <span class='ocrx_word' id='word_1_528' title='bbox 832 4079 905 4145; x_wconf 85' lang='lat' dir='ltr'>Quid</span> <span class='ocrx_word' id='word_1_529' title='bbox 917 4079 994 4135; x_wconf 90' lang='lat' dir='ltr'>enim</span> <span class='ocrx_word' id='word_1_530' title='bbox 1005 4082 1067 4134; x_wconf 88' lang='lat' dir='ltr'>tam</span> <span class='ocrx_word' id='word_1_531' title='bbox 1081 4075 1213 4147; x_wconf 89' lang='lat' dir='ltr'>iniquum</span> <span class='ocrx_word' id='word_1_532' title='bbox 1225 4090 1286 4129; x_wconf 89' lang='lat' dir='ltr'>esee</span> <span class='ocrx_word' id='word_1_533' title='bbox 1298 4077 1400 4144; x_wconf 87' lang='lat' dir='ltr'>potest,</span> <span class='ocrx_word' id='word_1_534' title='bbox 1410 4073 1470 4126; x_wconf 90' lang='lat' dir='ltr'>tam</span> <span class='ocrx_word' id='word_1_535' title='bbox 1480 4068 1645 4135; x_wconf 88' lang='lat' dir='ltr'>barbarum,</span> 
     </span>
     <span class='ocr_line' id='line_1_43' title="bbox 103 4162 1648 4243; baseline -0.003 -23"><span class='ocrx_word' id='word_1_536' title='bbox 103 4168 132 4221; x_wconf 92' lang='lat' dir='ltr'>et</span> <span class='ocrx_word' id='word_1_537' title='bbox 143 4182 161 4220; x_wconf 91' lang='lat' dir='ltr'>a</span> <span class='ocrx_word' id='word_1_538' title='bbox 172 4166 379 4235; x_wconf 87' lang='lat' dir='ltr'>sacerdotibus,</span> <span class='ocrx_word' id='word_1_539' title='bbox 403 4167 527 4223; x_wconf 83' lang='lat' dir='ltr'>maxime</span> <span class='ocrx_word' id='word_1_540' title='bbox 540 4186 557 4223; x_wconf 89' lang='lat' dir='ltr'>a</span> <span class='ocrx_word' id='word_1_541' title='bbox 570 4185 636 4224; x_wconf 89' lang='lat' dir='ltr'>vero</span> <span class='ocrx_word' id='word_1_542' title='bbox 648 4169 784 4241; x_wconf 86' lang='lat' dir='ltr'>justoque</span> <span class='ocrx_word' id='word_1_543' title='bbox 833 4179 892 4229; x_wconf 82' lang='lat' dir='ltr'>tam</span> <span class='ocrx_word' id='word_1_544' title='bbox 905 4172 992 4227; x_wconf 89' lang='lat' dir='ltr'>totius</span> <span class='ocrx_word' id='word_1_545' title='bbox 1001 4170 1150 4243; x_wconf 90' lang='lat' dir='ltr'>religionis</span> <span class='ocrx_word' id='word_1_546' title='bbox 1162 4169 1309 4241; x_wconf 85' lang='lat' dir='ltr'>ignarum,</span> <span class='ocrx_word' id='word_1_547' title='bbox 1322 4169 1381 4222; x_wconf 85' lang='lat' dir='ltr'>tarn</span> <span class='ocrx_word' id='word_1_548' title='bbox 1389 4162 1557 4222; x_wconf 88' lang='lat' dir='ltr'>Christianis</span> <span class='ocrx_word' id='word_1_549' title='bbox 1568 4176 1648 4216; x_wconf 89' lang='lat' dir='ltr'>men-</span> 
     </span>
     <span class='ocr_line' id='line_1_44' title="bbox 103 4253 1647 4337; baseline -0.001 -26"><span class='ocrx_word' id='word_1_550' title='bbox 103 4259 162 4314; x_wconf 82' lang='lat' dir='ltr'>dico</span> <span class='ocrx_word' id='word_1_551' title='bbox 186 4261 302 4315; x_wconf 91' lang='lat' dir='ltr'>tractari</span> <span class='ocrx_word' id='word_1_552' title='bbox 321 4261 456 4329; x_wconf 89' lang='lat' dir='ltr'>concilio,</span> <span class='ocrx_word' id='word_1_553' title='bbox 484 4262 610 4334; x_wconf 87' lang='lat' dir='ltr'>antiquae</span> <span class='ocrx_word' id='word_1_554' title='bbox 623 4262 785 4318; x_wconf 89' lang='lat' dir='ltr'>traditionis</span> <span class='ocrx_word' id='word_1_555' title='bbox 833 4267 908 4322; x_wconf 91' lang='lat' dir='ltr'>tihus</span> <span class='ocrx_word' id='word_1_556' title='bbox 917 4265 1066 4322; x_wconf 89' lang='lat' dir='ltr'>inimicum</span> <span class='ocrx_word' id='word_1_557' title='bbox 1076 4280 1162 4337; x_wconf 90' lang='lat' dir='ltr'>quam</span> <span class='ocrx_word' id='word_1_558' title='bbox 1173 4263 1277 4319; x_wconf 90' lang='lat' dir='ltr'>huicte</span> <span class='ocrx_word' id='word_1_559' title='bbox 1287 4261 1430 4332; x_wconf 88' lang='lat' dir='ltr'>denegare</span> <span class='ocrx_word' id='word_1_560' title='bbox 1440 4256 1556 4326; x_wconf 88' lang='lat' dir='ltr'>debere,</span> <span class='ocrx_word' id='word_1_561' title='bbox 1565 4253 1647 4327; x_wconf 87' lang='lat' dir='ltr'>quid-</span> 
     </span>
     <span class='ocr_line' id='line_1_45' title="bbox 124 4349 1648 4432; baseline -0.003 -25"><span class='ocrx_word' id='word_1_562' title='bbox 124 4357 278 4422; x_wconf 87' lang='lat' dir='ltr'>servantes,</span> <span class='ocrx_word' id='word_1_563' title='bbox 304 4357 333 4408; x_wconf 90' lang='lat' dir='ltr'>et</span> <span class='ocrx_word' id='word_1_564' title='bbox 353 4355 547 4411; x_wconf 74' lang='lat' dir='ltr'>ecclesiasticae</span> <span class='ocrx_word' id='word_1_565' title='bbox 573 4372 718 4412; x_wconf 89' lang='lat' dir='ltr'>memores</span> <span class='ocrx_word' id='word_1_566' title='bbox 745 4357 785 4412; x_wconf 90' lang='lat' dir='ltr'>di·</span> <span class='ocrx_word' id='word_1_567' title='bbox 833 4360 900 4432; x_wconf 91' lang='lat' dir='ltr'>quid</span> <span class='ocrx_word' id='word_1_568' title='bbox 923 4360 953 4414; x_wconf 91' lang='lat' dir='ltr'>in</span> <span class='ocrx_word' id='word_1_569' title='bbox 975 4358 1141 4431; x_wconf 86' lang='lat' dir='ltr'>quotidiana</span> <span class='ocrx_word' id='word_1_570' title='bbox 1159 4357 1248 4430; x_wconf 86' lang='lat' dir='ltr'>gratia</span> <span class='ocrx_word' id='word_1_571' title='bbox 1269 4353 1461 4427; x_wconf 82' lang='lat' dir='ltr'>consequeris,</span> <span class='ocrx_word' id='word_1_572' title='bbox 1484 4350 1530 4407; x_wconf 91' lang='lat' dir='ltr'>cui</span> <span class='ocrx_word' id='word_1_573' title='bbox 1545 4352 1573 4405; x_wconf 88' lang='lat' dir='ltr'>to</span> <span class='ocrx_word' id='word_1_574' title='bbox 1588 4349 1648 4420; x_wconf 89' lang='lat' dir='ltr'>ipse</span> 
     </span>
     <span class='ocr_line' id='line_1_46' title="bbox 103 4442 1649 4525; baseline -0.004 -24"><span class='ocrx_word' id='word_1_575' title='bbox 103 4450 222 4508; x_wconf 77' lang='lat' dir='ltr'>‚nosue</span> <span class='ocrx_word' id='word_1_576' title='bbox 235 4448 379 4518; x_wconf 85' lang='lat' dir='ltr'>religionis</span> <span class='ocrx_word' id='word_1_577' title='bbox 388 4448 516 4520; x_wconf 88' lang='lat' dir='ltr'>vigorem</span> <span class='ocrx_word' id='word_1_578' title='bbox 526 4467 584 4505; x_wconf 92' lang='lat' dir='ltr'>non</span> <span class='ocrx_word' id='word_1_579' title='bbox 597 4451 694 4505; x_wconf 91' lang='lat' dir='ltr'>minus</span> <span class='ocrx_word' id='word_1_580' title='bbox 706 4451 823 4525; x_wconf 79' lang='lat' dir='ltr'>nunol)</span> <span class='ocrx_word' id='word_1_581' title='bbox 834 4452 975 4509; x_wconf 87' lang='lat' dir='ltr'>confiteris</span> <span class='ocrx_word' id='word_1_582' title='bbox 992 4452 1096 4508; x_wconf 90' lang='lat' dir='ltr'>debere</span> <span class='ocrx_word' id='word_1_583' title='bbox 1113 4450 1190 4522; x_wconf 85' lang='lat' dir='ltr'>quod</span> <span class='ocrx_word' id='word_1_584' title='bbox 1207 4455 1291 4506; x_wconf 87' lang='lat' dir='ltr'>natus</span> <span class='ocrx_word' id='word_1_585' title='bbox 1307 4449 1360 4505; x_wconf 81' lang='lat' dir='ltr'>est</span> <span class='ocrx_word' id='word_1_586' title='bbox 1377 4448 1453 4519; x_wconf 87' lang='lat' dir='ltr'>Ergo</span> <span class='ocrx_word' id='word_1_587' title='bbox 1477 4444 1533 4500; x_wconf 87' lang='lat' dir='ltr'>eris</span> <span class='ocrx_word' id='word_1_588' title='bbox 1554 4442 1606 4496; x_wconf 92' lang='lat' dir='ltr'>tibi</span> <span class='ocrx_word' id='word_1_589' title='bbox 1618 4442 1649 4496; x_wconf 93' lang='lat' dir='ltr'>in</span> 
     </span>
     <span class='ocr_line' id='line_1_47' title="bbox 102 4535 1648 4619; baseline -0.005 -23"><span class='ocrx_word' id='word_1_590' title='bbox 102 4541 185 4596; x_wconf 92' lang='lat' dir='ltr'>lendo</span> <span class='ocrx_word' id='word_1_591' title='bbox 197 4558 284 4614; x_wconf 89' lang='lat' dir='ltr'>quam</span> <span class='ocrx_word' id='word_1_592' title='bbox 294 4545 378 4597; x_wconf 88' lang='lat' dir='ltr'>antea</span> <span class='ocrx_word' id='word_1_593' title='bbox 392 4559 457 4598; x_wconf 86' lang='lat' dir='ltr'>cum</span> <span class='ocrx_word' id='word_1_594' title='bbox 467 4544 700 4615; x_wconf 87' lang='lat' dir='ltr'>pronuntiaretis,</span> <span class='ocrx_word' id='word_1_595' title='bbox 717 4561 785 4601; x_wconf 87' lang='lat' dir='ltr'>vera</span> <span class='ocrx_word' id='word_1_596' title='bbox 833 4546 1010 4619; x_wconf 89' lang='lat' dir='ltr'>providendo</span> <span class='ocrx_word' id='word_1_597' title='bbox 1029 4544 1211 4617; x_wconf 77' lang='lat' dir='ltr'>prestantior</span> <span class='ocrx_word' id='word_1_598' title='bbox 1231 4559 1317 4615; x_wconf 89' lang='lat' dir='ltr'>quam</span> <span class='ocrx_word' id='word_1_599' title='bbox 1332 4543 1428 4613; x_wconf 88' lang='lat' dir='ltr'>potest</span> <span class='ocrx_word' id='word_1_600' title='bbox 1441 4540 1465 4593; x_wconf 91' lang='lat' dir='ltr'>is</span> <span class='ocrx_word' id='word_1_601' title='bbox 1480 4553 1542 4592; x_wconf 89' lang='lat' dir='ltr'>esse</span> <span class='ocrx_word' id='word_1_602' title='bbox 1556 4535 1606 4608; x_wconf 91' lang='lat' dir='ltr'>qui</span> <span class='ocrx_word' id='word_1_603' title='bbox 1620 4538 1648 4589; x_wconf 88' lang='lat' dir='ltr'>le</span> 
     </span>
     <span class='ocr_line' id='line_1_48' title="bbox 103 4627 1649 4710; baseline -0.005 -21"><span class='ocrx_word' id='word_1_604' title='bbox 103 4635 222 4705; x_wconf 89' lang='lat' dir='ltr'>irmatis,</span> <span class='ocrx_word' id='word_1_605' title='bbox 234 4636 284 4707; x_wconf 92' lang='lat' dir='ltr'>qui</span> <span class='ocrx_word' id='word_1_606' title='bbox 296 4635 332 4690; x_wconf 88' lang='lat' dir='ltr'>od</span> <span class='ocrx_word' id='word_1_607' title='bbox 347 4641 476 4692; x_wconf 90' lang='lat' dir='ltr'>nostrum</span> <span class='ocrx_word' id='word_1_608' title='bbox 489 4637 672 4693; x_wconf 81' lang='lat' dir='ltr'>referendum</span> <span class='ocrx_word' id='word_1_609' title='bbox 683 4650 786 4710; x_wconf 67' lang='lat' dir='ltr'>appro⁴</span> <span class='ocrx_word' id='word_1_610' title='bbox 834 4646 867 4696; x_wconf 91' lang='lat' dir='ltr'>ut</span> <span class='ocrx_word' id='word_1_611' title='bbox 884 4656 958 4695; x_wconf 88' lang='lat' dir='ltr'>esses</span> <span class='ocrx_word' id='word_1_612' title='bbox 979 4638 1097 4695; x_wconf 75' lang='lat' dir='ltr'>effecit?</span> <span class='ocrx_word' id='word_1_613' title='bbox 1116 4639 1150 4692; x_wconf 89' lang='lat' dir='ltr'>Et</span> <span class='ocrx_word' id='word_1_614' title='bbox 1173 4653 1239 4692; x_wconf 89' lang='lat' dir='ltr'>cum</span> <span class='ocrx_word' id='word_1_615' title='bbox 1261 4638 1287 4689; x_wconf 90' lang='lat' dir='ltr'>te</span> <span class='ocrx_word' id='word_1_616' title='bbox 1307 4638 1390 4706; x_wconf 90' lang='lat' dir='ltr'>putes</span> <span class='ocrx_word' id='word_1_617' title='bbox 1407 4631 1432 4687; x_wconf 88' lang='lat' dir='ltr'>ei</span> <span class='ocrx_word' id='word_1_618' title='bbox 1452 4630 1555 4685; x_wconf 88' lang='lat' dir='ltr'>debere</span> <span class='ocrx_word' id='word_1_619' title='bbox 1570 4627 1649 4700; x_wconf 91' lang='lat' dir='ltr'>quod</span> 
     </span>
     <span class='ocr_line' id='line_1_49' title="bbox 103 4721 1712 4804; baseline -0.002 -20"><span class='ocrx_word' id='word_1_620' title='bbox 103 4745 119 4784; x_wconf 91' lang='lat' dir='ltr'>e</span> <span class='ocrx_word' id='word_1_621' title='bbox 141 4729 294 4800; x_wconf 89' lang='lat' dir='ltr'>judicium,</span> <span class='ocrx_word' id='word_1_622' title='bbox 317 4731 438 4785; x_wconf 87' lang='lat' dir='ltr'>scientes</span> <span class='ocrx_word' id='word_1_623' title='bbox 461 4731 529 4801; x_wconf 92' lang='lat' dir='ltr'>quid</span> <span class='ocrx_word' id='word_1_624' title='bbox 550 4733 713 4803; x_wconf 80' lang='lat' dir='ltr'>apostolice</span> <span class='ocrx_word' id='word_1_625' title='bbox 725 4731 786 4787; x_wconf 91' lang='lat' dir='ltr'>sedi</span> <span class='ocrx_word' id='word_1_626' title='bbox 834 4733 913 4802; x_wconf 80' lang='lat' dir='ltr'>rivis,</span> <span class='ocrx_word' id='word_1_627' title='bbox 929 4732 1073 4804; x_wconf 86' lang='lat' dir='ltr'>quomodo</span> <span class='ocrx_word' id='word_1_628' title='bbox 1086 4734 1118 4785; x_wconf 90' lang='lat' dir='ltr'>tu</span> <span class='ocrx_word' id='word_1_629' title='bbox 1136 4747 1194 4785; x_wconf 91' lang='lat' dir='ltr'>non</span> <span class='ocrx_word' id='word_1_630' title='bbox 1213 4732 1297 4800; x_wconf 86' lang='lat' dir='ltr'>putas</span> <span class='ocrx_word' id='word_1_631' title='bbox 1313 4727 1356 4782; x_wconf 91' lang='lat' dir='ltr'>illi</span> <span class='ocrx_word' id='word_1_632' title='bbox 1373 4724 1478 4781; x_wconf 88' lang='lat' dir='ltr'>debere</span> <span class='ocrx_word' id='word_1_633' title='bbox 1499 4721 1577 4794; x_wconf 88' lang='lat' dir='ltr'>quod</span> <span class='ocrx_word' id='word_1_634' title='bbox 1592 4737 1649 4776; x_wconf 92' lang='lat' dir='ltr'>non</span> <span class='ocrx_word' id='word_1_635' title='bbox 1708 4776 1712 4781; x_wconf 83' lang='lat'>.</span> 
     </span>
     <span class='ocr_line' id='line_1_50' title="bbox 103 4814 1649 4900; baseline -0.005 -23"><span class='ocrx_word' id='word_1_636' title='bbox 103 4839 171 4891; x_wconf 78' lang='lat' dir='ltr'>inas,</span> <span class='ocrx_word' id='word_1_637' title='bbox 189 4823 242 4877; x_wconf 87' lang='lat' dir='ltr'>hoc</span> <span class='ocrx_word' id='word_1_638' title='bbox 262 4823 323 4879; x_wconf 89' lang='lat' dir='ltr'>loco</span> <span class='ocrx_word' id='word_1_639' title='bbox 338 4824 433 4895; x_wconf 89' lang='lat' dir='ltr'>positi,</span> <span class='ocrx_word' id='word_1_640' title='bbox 458 4825 551 4896; x_wconf 87' lang='lat' dir='ltr'>ipsum</span> <span class='ocrx_word' id='word_1_641' title='bbox 571 4826 651 4897; x_wconf 89' lang='lat' dir='ltr'>sequi</span> <span class='ocrx_word' id='word_1_642' title='bbox 674 4825 785 4881; x_wconf 90' lang='lat' dir='ltr'>deside·</span> <span class='ocrx_word' id='word_1_643' title='bbox 835 4826 1029 4900; x_wconf 86' lang='lat' dir='ltr'>quotidianam</span> <span class='ocrx_word' id='word_1_644' title='bbox 1039 4825 1101 4897; x_wconf 88' lang='lat' dir='ltr'>ejus</span> <span class='ocrx_word' id='word_1_645' title='bbox 1110 4821 1309 4895; x_wconf 88' lang='lat' dir='ltr'>consequendo</span> <span class='ocrx_word' id='word_1_646' title='bbox 1317 4819 1441 4892; x_wconf 88' lang='lat' dir='ltr'>gratiam</span> <span class='ocrx_word' id='word_1_647' title='bbox 1454 4817 1549 4873; x_wconf 88' lang='lat' dir='ltr'>taliter</span> <span class='ocrx_word' id='word_1_648' title='bbox 1559 4814 1649 4871; x_wconf 76' lang='lat' dir='ltr'>viris?</span> 
     </span>
     <span class='ocr_line' id='line_1_51' title="bbox 103 4911 1649 4992; baseline -0.006 -20"><span class='ocrx_word' id='word_1_649' title='bbox 103 4917 252 4988; x_wconf 79' lang='lat' dir='ltr'>postolum)</span> <span class='ocrx_word' id='word_1_650' title='bbox 268 4917 417 4983; x_wconf 85' lang='lat' dir='ltr'>debeatur,</span> <span class='ocrx_word' id='word_1_651' title='bbox 431 4934 449 4973; x_wconf 88' lang='lat' dir='ltr'>a</span> <span class='ocrx_word' id='word_1_652' title='bbox 461 4934 519 4990; x_wconf 86' lang='lat' dir='ltr'>quo</span> <span class='ocrx_word' id='word_1_653' title='bbox 531 4919 591 4991; x_wconf 86' lang='lat' dir='ltr'>ipse</span> <span class='ocrx_word' id='word_1_654' title='bbox 607 4918 786 4991; x_wconf 87' lang='lat' dir='ltr'>episcopatus</span> <span class='ocrx_word' id='word_1_655' title='bbox 836 4923 869 4976; x_wconf 85' lang='lat' dir='ltr'>Et</span> <span class='ocrx_word' id='word_1_656' title='bbox 882 4920 931 4992; x_wconf 92' lang='lat' dir='ltr'>qui</span> <span class='ocrx_word' id='word_1_657' title='bbox 943 4918 1151 4991; x_wconf 77' lang='lat' dir='ltr'>nonadJ&#39;utorio</span> <span class='ocrx_word' id='word_1_658' title='bbox 1163 4933 1252 4989; x_wconf 90' lang='lat' dir='ltr'>negas</span> <span class='ocrx_word' id='word_1_659' title='bbox 1265 4915 1394 4987; x_wconf 88' lang='lat' dir='ltr'>indigere</span> <span class='ocrx_word' id='word_1_660' title='bbox 1408 4913 1515 4979; x_wconf 87' lang='lat' dir='ltr'>divino,</span> <span class='ocrx_word' id='word_1_661' title='bbox 1526 4911 1604 4983; x_wconf 87' lang='lat' dir='ltr'>quasi</span> <span class='ocrx_word' id='word_1_662' title='bbox 1616 4926 1649 4963; x_wconf 86' lang='lat' dir='ltr'>ex</span> 
     </span>
     <span class='ocr_line' id='line_1_52' title="bbox 112 5005 1649 5086; baseline -0.006 -21"><span class='ocrx_word' id='word_1_663' title='bbox 112 5011 264 5076; x_wconf 78' lang='lat' dir='ltr'>auctoritas</span> <span class='ocrx_word' id='word_1_664' title='bbox 291 5011 376 5082; x_wconf 88' lang='lat' dir='ltr'>hujus</span> <span class='ocrx_word' id='word_1_665' title='bbox 400 5012 524 5067; x_wconf 90' lang='lat' dir='ltr'>nominis</span> <span class='ocrx_word' id='word_1_666' title='bbox 547 5013 672 5068; x_wconf 86' lang='lat' dir='ltr'>emersit.</span> <span class='ocrx_word' id='word_1_667' title='bbox 696 5013 786 5077; x_wconf 84' lang='lat' dir='ltr'>Quem</span> <span class='ocrx_word' id='word_1_668' title='bbox 837 5019 932 5071; x_wconf 88' lang='lat' dir='ltr'>nostra</span> <span class='ocrx_word' id='word_1_669' title='bbox 949 5030 983 5069; x_wconf 86' lang='lat' dir='ltr'>ex</span> <span class='ocrx_word' id='word_1_670' title='bbox 998 5016 1057 5069; x_wconf 86' lang='lat' dir='ltr'>toto</span> <span class='ocrx_word' id='word_1_671' title='bbox 1072 5011 1259 5086; x_wconf 88' lang='lat' dir='ltr'>possibilitate</span> <span class='ocrx_word' id='word_1_672' title='bbox 1272 5010 1421 5083; x_wconf 84' lang='lat' dir='ltr'>periectos,</span> <span class='ocrx_word' id='word_1_673' title='bbox 1435 5005 1577 5079; x_wconf 86' lang='lat' dir='ltr'>quomodo</span> <span class='ocrx_word' id='word_1_674' title='bbox 1590 5018 1649 5058; x_wconf 94' lang='lat' dir='ltr'>non</span> 
     </span>
     <span class='ocr_line' id='line_1_53' title="bbox 103 5101 1649 5179; baseline -0.006 -21"><span class='ocrx_word' id='word_1_675' title='bbox 103 5121 130 5171; x_wconf 80' lang='lat' dir='ltr'>s,</span> <span class='ocrx_word' id='word_1_676' title='bbox 147 5109 207 5159; x_wconf 88' lang='lat' dir='ltr'>tam</span> <span class='ocrx_word' id='word_1_677' title='bbox 227 5105 304 5159; x_wconf 90' lang='lat' dir='ltr'>mala</span> <span class='ocrx_word' id='word_1_678' title='bbox 320 5106 382 5176; x_wconf 84' lang='lat' dir='ltr'>jam</span> <span class='ocrx_word' id='word_1_679' title='bbox 400 5105 536 5160; x_wconf 90' lang='lat' dir='ltr'>damnare</span> <span class='ocrx_word' id='word_1_680' title='bbox 553 5123 684 5161; x_wconf 85' lang='lat' dir='ltr'>cavemus</span> <span class='ocrx_word' id='word_1_681' title='bbox 698 5123 786 5178; x_wconf 88' lang='lat' dir='ltr'>qnam</span> <span class='ocrx_word' id='word_1_682' title='bbox 835 5107 1007 5179; x_wconf 82' lang='lat' dir='ltr'>adjutorium</span> <span class='ocrx_word' id='word_1_683' title='bbox 1022 5107 1052 5162; x_wconf 92' lang='lat' dir='ltr'>in</span> <span class='ocrx_word' id='word_1_684' title='bbox 1065 5122 1118 5162; x_wconf 92' lang='lat' dir='ltr'>nos</span> <span class='ocrx_word' id='word_1_685' title='bbox 1133 5123 1200 5162; x_wconf 93' lang='lat' dir='ltr'>cum</span> <span class='ocrx_word' id='word_1_686' title='bbox 1210 5106 1281 5161; x_wconf 83' lang='lat' dir='ltr'>tales</span> <span class='ocrx_word' id='word_1_687' title='bbox 1297 5103 1409 5160; x_wconf 89' lang='lat' dir='ltr'>anobis</span> <span class='ocrx_word' id='word_1_688' title='bbox 1421 5101 1507 5157; x_wconf 88' lang='lat' dir='ltr'>etiam</span> <span class='ocrx_word' id='word_1_689' title='bbox 1517 5111 1649 5167; x_wconf 88' lang='lat' dir='ltr'>essepos-</span> 
     </span>
     <span class='ocr_line' id='line_1_54' title="bbox 107 5198 1169 5273; baseline 0.003 -21"><span class='ocrx_word' id='word_1_690' title='bbox 107 5198 248 5253; x_wconf 88' lang='lat' dir='ltr'>laudanda</span> <span class='ocrx_word' id='word_1_691' title='bbox 265 5216 272 5266; x_wconf 89' lang='grc'>;</span> <span class='ocrx_word' id='word_1_692' title='bbox 292 5199 335 5253; x_wconf 88' lang='lat' dir='ltr'>vel</span> <span class='ocrx_word' id='word_1_693' title='bbox 350 5199 378 5253; x_wconf 90' lang='lat' dir='ltr'>id</span> <span class='ocrx_word' id='word_1_694' title='bbox 391 5215 456 5254; x_wconf 89' lang='lat' dir='ltr'>vero</span> <span class='ocrx_word' id='word_1_695' title='bbox 476 5200 552 5272; x_wconf 91' lang='lat' dir='ltr'>quod</span> <span class='ocrx_word' id='word_1_696' title='bbox 565 5201 682 5255; x_wconf 85' lang='lat' dir='ltr'>Petrum</span> <span class='ocrx_word' id='word_1_697' title='bbox 705 5199 785 5256; x_wconf 92' lang='lat' dir='ltr'>insti·</span> <span class='ocrx_word' id='word_1_698' title='bbox 837 5218 944 5268; x_wconf 88' lang='lat' dir='ltr'>sumus,</span> <span class='ocrx_word' id='word_1_699' title='bbox 957 5199 1169 5273; x_wconf 78' lang='lat' dir='ltr'>provocamus?</span> 
     </span>
     <span class='ocr_line' id='line_1_55' title="bbox 103 5284 1651 5366; baseline -0.008 -20"><span class='ocrx_word' id='word_1_700' title='bbox 103 5291 222 5347; x_wconf 88' lang='lat' dir='ltr'>erdotali</span> <span class='ocrx_word' id='word_1_701' title='bbox 246 5292 445 5360; x_wconf 89' lang='lat' dir='ltr'>custodientes,</span> <span class='ocrx_word' id='word_1_702' title='bbox 472 5294 565 5349; x_wconf 86' lang='lat' dir='ltr'>officio</span> <span class='ocrx_word' id='word_1_703' title='bbox 590 5311 649 5349; x_wconf 92' lang='lat' dir='ltr'>non</span> <span class='ocrx_word' id='word_1_704' title='bbox 664 5295 787 5349; x_wconf 89' lang='lat' dir='ltr'>censetis</span> <span class='ocrx_word' id='word_1_705' title='bbox 872 5295 924 5361; x_wconf 84' lang='lat' dir='ltr'>Qui</span> <span class='ocrx_word' id='word_1_706' title='bbox 938 5295 1016 5351; x_wconf 90' lang='lat' dir='ltr'>enim</span> <span class='ocrx_word' id='word_1_707' title='bbox 1032 5293 1207 5366; x_wconf 88' lang='lat' dir='ltr'>adjutorium</span> <span class='ocrx_word' id='word_1_708' title='bbox 1226 5293 1276 5347; x_wconf 86' lang='lat' dir='ltr'>Dei</span> <span class='ocrx_word' id='word_1_709' title='bbox 1293 5295 1390 5364; x_wconf 89' lang='lat' dir='ltr'>negat,</span> <span class='ocrx_word' id='word_1_710' title='bbox 1407 5287 1511 5344; x_wconf 82' lang='lat' dir='ltr'>vellem</span> <span class='ocrx_word' id='word_1_711' title='bbox 1532 5284 1651 5338; x_wconf 88' lang='lat' dir='ltr'>interro-</span> 
     </span>
     <span class='ocr_line' id='line_1_56' title="bbox 103 5377 1651 5462; baseline -0.008 -22"><span class='ocrx_word' id='word_1_712' title='bbox 103 5386 197 5441; x_wconf 85' lang='lat' dir='ltr'>randa.</span> <span class='ocrx_word' id='word_1_713' title='bbox 220 5386 302 5450; x_wconf 86' lang='lat' dir='ltr'>Quod</span> <span class='ocrx_word' id='word_1_714' title='bbox 324 5386 366 5441; x_wconf 92' lang='lat' dir='ltr'>illi</span> <span class='ocrx_word' id='word_1_715' title='bbox 389 5405 446 5442; x_wconf 89' lang='lat' dir='ltr'>non</span> <span class='ocrx_word' id='word_1_716' title='bbox 468 5388 604 5456; x_wconf 89' lang='lat' dir='ltr'>humana,</span> <span class='ocrx_word' id='word_1_717' title='bbox 625 5387 676 5442; x_wconf 91' lang='lat' dir='ltr'>sed</span> <span class='ocrx_word' id='word_1_718' title='bbox 692 5387 787 5443; x_wconf 82' lang='lat' dir='ltr'>divina</span> <span class='ocrx_word' id='word_1_719' title='bbox 837 5406 905 5462; x_wconf 87' lang='lat' dir='ltr'>gare</span> <span class='ocrx_word' id='word_1_720' title='bbox 915 5389 992 5461; x_wconf 86' lang='lat' dir='ltr'>quod</span> <span class='ocrx_word' id='word_1_721' title='bbox 1005 5388 1081 5444; x_wconf 85' lang='lat' dir='ltr'>dicat</span> <span class='ocrx_word' id='word_1_722' title='bbox 1095 5406 1102 5443; x_wconf 74' lang='grc' dir='ltr'><strong>ε</strong></span> <span class='ocrx_word' id='word_1_723' title='bbox 1118 5405 1171 5442; x_wconf 93' lang='lat' dir='ltr'>nos</span> <span class='ocrx_word' id='word_1_724' title='bbox 1185 5403 1244 5443; x_wconf 92' lang='lat' dir='ltr'>non</span> <span class='ocrx_word' id='word_1_725' title='bbox 1257 5384 1372 5452; x_wconf 86' lang='lat' dir='ltr'>mereri,</span> <span class='ocrx_word' id='word_1_726' title='bbox 1386 5399 1424 5437; x_wconf 89' lang='lat' dir='ltr'>an</span> <span class='ocrx_word' id='word_1_727' title='bbox 1436 5381 1518 5435; x_wconf 90' lang='lat' dir='ltr'>illum</span> <span class='ocrx_word' id='word_1_728' title='bbox 1526 5377 1580 5432; x_wconf 89' lang='lat' dir='ltr'>hoc</span> <span class='ocrx_word' id='word_1_729' title='bbox 1592 5390 1651 5430; x_wconf 92' lang='lat' dir='ltr'>non</span> 
     </span>
     <span class='ocr_line' id='line_1_57' title="bbox 103 5470 1648 5556; baseline -0.008 -21"><span class='ocrx_word' id='word_1_730' title='bbox 103 5481 286 5546; x_wconf 83' lang='lat' dir='ltr'>esententia,</span> <span class='ocrx_word' id='word_1_731' title='bbox 302 5486 332 5535; x_wconf 92' lang='lat' dir='ltr'>ut</span> <span class='ocrx_word' id='word_1_732' title='bbox 342 5481 490 5553; x_wconf 85' lang='lat' dir='ltr'>quidquid,</span> <span class='ocrx_word' id='word_1_733' title='bbox 500 5481 631 5554; x_wconf 86' lang='lat' dir='ltr'>quamvis</span> <span class='ocrx_word' id='word_1_734' title='bbox 641 5481 787 5554; x_wconf 89' lang='lat' dir='ltr'>disjunctis</span> <span class='ocrx_word' id='word_1_735' title='bbox 836 5500 917 5555; x_wconf 89' lang='lat' dir='ltr'>posse</span> <span class='ocrx_word' id='word_1_736' title='bbox 938 5487 1083 5556; x_wconf 76' lang='lat' dir='ltr'>proestare,</span> <span class='ocrx_word' id='word_1_737' title='bbox 1106 5498 1144 5537; x_wconf 89' lang='lat' dir='ltr'>an</span> <span class='ocrx_word' id='word_1_738' title='bbox 1165 5480 1237 5536; x_wconf 93' lang='lat' dir='ltr'>nihil</span> <span class='ocrx_word' id='word_1_739' title='bbox 1262 5495 1323 5535; x_wconf 88' lang='lat' dir='ltr'>esse</span> <span class='ocrx_word' id='word_1_740' title='bbox 1338 5483 1455 5548; x_wconf 90' lang='lat' dir='ltr'>propter</span> <span class='ocrx_word' id='word_1_741' title='bbox 1470 5470 1545 5544; x_wconf 89' lang='lat' dir='ltr'>quod</span> <span class='ocrx_word' id='word_1_742' title='bbox 1560 5484 1648 5524; x_wconf 86' lang='lat' dir='ltr'>unus·</span> 
     </span>
     <span class='ocr_line' id='line_1_58' title="bbox 103 5564 1650 5650; baseline -0.008 -21"><span class='ocrx_word' id='word_1_743' title='bbox 103 5589 144 5646; x_wconf 75' lang='lat' dir='ltr'>[ne</span> <span class='ocrx_word' id='word_1_744' title='bbox 159 5574 310 5647; x_wconf 81' lang='lat' dir='ltr'>provinciis</span> <span class='ocrx_word' id='word_1_745' title='bbox 324 5580 468 5646; x_wconf 89' lang='lat' dir='ltr'>ageretur,</span> <span class='ocrx_word' id='word_1_746' title='bbox 486 5592 543 5629; x_wconf 90' lang='lat' dir='ltr'>non</span> <span class='ocrx_word' id='word_1_747' title='bbox 558 5575 637 5646; x_wconf 89' lang='lat' dir='ltr'>prius</span> <span class='ocrx_word' id='word_1_748' title='bbox 650 5576 787 5631; x_wconf 90' lang='lat' dir='ltr'>ducerent</span> <span class='ocrx_word' id='word_1_749' title='bbox 836 5577 957 5650; x_wconf 89' lang='lat' dir='ltr'>quisque</span> <span class='ocrx_word' id='word_1_750' title='bbox 978 5576 1033 5632; x_wconf 93' lang='lat' dir='ltr'>hoc</span> <span class='ocrx_word' id='word_1_751' title='bbox 1058 5575 1161 5631; x_wconf 88' lang='lat' dir='ltr'>debeat</span> <span class='ocrx_word' id='word_1_752' title='bbox 1186 5569 1359 5646; x_wconf 79' lang='lat' dir='ltr'>postulare?</span> <span class='ocrx_word' id='word_1_753' title='bbox 1381 5570 1462 5623; x_wconf 87' lang='lat' dir='ltr'>Posse</span> <span class='ocrx_word' id='word_1_754' title='bbox 1483 5566 1537 5620; x_wconf 91' lang='lat' dir='ltr'>hoc</span> <span class='ocrx_word' id='word_1_755' title='bbox 1559 5564 1650 5618; x_wconf 89' lang='lat' dir='ltr'>Deum</span> 
     </span>
     <span class='ocr_line' id='line_1_59' title="bbox 103 5660 1650 5742; baseline -0.008 -20"><span class='ocrx_word' id='word_1_756' title='bbox 103 5683 142 5735; x_wconf 86' lang='lat' dir='ltr'>m,</span> <span class='ocrx_word' id='word_1_757' title='bbox 162 5668 217 5723; x_wconf 89' lang='lat' dir='ltr'>nisi</span> <span class='ocrx_word' id='word_1_758' title='bbox 236 5668 271 5723; x_wconf 90' lang='lat' dir='ltr'>ad</span> <span class='ocrx_word' id='word_1_759' title='bbox 292 5670 353 5740; x_wconf 89' lang='lat' dir='ltr'>ejus</span> <span class='ocrx_word' id='word_1_760' title='bbox 372 5669 447 5723; x_wconf 89' lang='lat' dir='ltr'>sedis</span> <span class='ocrx_word' id='word_1_761' title='bbox 468 5668 599 5722; x_wconf 87' lang='lat' dir='ltr'>notitiam</span> <span class='ocrx_word' id='word_1_762' title='bbox 614 5669 786 5740; x_wconf 87' lang='lat' dir='ltr'>perveniret,</span> <span class='ocrx_word' id='word_1_763' title='bbox 837 5686 924 5742; x_wconf 90' lang='lat' dir='ltr'>opera</span> <span class='ocrx_word' id='word_1_764' title='bbox 936 5671 998 5742; x_wconf 89' lang='lat' dir='ltr'>ipsa</span> <span class='ocrx_word' id='word_1_765' title='bbox 1010 5673 1158 5726; x_wconf 89' lang='lat' dir='ltr'>testantur.</span> <span class='ocrx_word' id='word_1_766' title='bbox 1170 5664 1318 5739; x_wconf 72' lang='lat' dir='ltr'>adjutorio</span> <span class='ocrx_word' id='word_1_767' title='bbox 1329 5660 1495 5735; x_wconf 88' lang='lat' dir='ltr'>quotidiano</span> <span class='ocrx_word' id='word_1_768' title='bbox 1506 5672 1650 5729; x_wconf 87' lang='lat' dir='ltr'>noscgere</span> 
     </span>
     <span class='ocr_line' id='line_1_60' title="bbox 103 5751 1672 5842; baseline -0.011 -26"><span class='ocrx_word' id='word_1_769' title='bbox 103 5761 178 5840; x_wconf 74' lang='lat' dir='ltr'>injus</span> <span class='ocrx_word' id='word_1_770' title='bbox 191 5763 358 5823; x_wconf 85' lang='lat' dir='ltr'>auctoritate</span> <span class='ocrx_word' id='word_1_771' title='bbox 375 5763 446 5839; x_wconf 83' lang='lat' dir='ltr'>(juta</span> <span class='ocrx_word' id='word_1_772' title='bbox 467 5779 531 5840; x_wconf 81' lang='lat' dir='ltr'>quae</span> <span class='ocrx_word' id='word_1_773' title='bbox 554 5762 647 5836; x_wconf 80' lang='lat' dir='ltr'>tuerit)</span> <span class='ocrx_word' id='word_1_774' title='bbox 662 5779 788 5837; x_wconf 88' lang='lat' dir='ltr'>pronun·</span> <span class='ocrx_word' id='word_1_775' title='bbox 836 5780 945 5841; x_wconf 84' lang='lat' dir='ltr'>negare</span> <span class='ocrx_word' id='word_1_776' title='bbox 957 5779 1015 5822; x_wconf 92' lang='lat' dir='ltr'>non</span> <span class='ocrx_word' id='word_1_777' title='bbox 1030 5778 1192 5842; x_wconf 63' lang='lat' dir='ltr'>posumus.</span> <span class='ocrx_word' id='word_1_778' title='bbox 1207 5760 1267 5820; x_wconf 84' lang='lat' dir='ltr'>tloc</span> <span class='ocrx_word' id='word_1_779' title='bbox 1279 5751 1672 5815; x_wconf 63' lang='lat' dir='ltr'>entmsauhenedamss.</span> 
     </span>
    </p>
   </div>
   <div class='ocr_carea' id='block_1_3' title="bbox 0 0 1948 6148">
    <p class='ocr_par' dir='ltr' id='par_1_3' title="bbox 0 0 1948 6148">
     <span class='ocr_line' id='line_1_61' title="bbox 0 0 1948 6148; baseline 0 0"><span class='ocrx_word' id='word_1_780' title='bbox 0 0 1948 6148; x_wconf 95' lang='lat' dir='ltr'> </span> 
     </span>
    </p>
   </div>
  </div>
 </body>
</html>
