3870 6150
594 290 831 361 omnarmruu
848 296 1042 358 contacno.
1620 304 1671 359 na
1711 374 1714 382 Ι

105 431 113 470 :
138 414 199 471 Non
235 410 416 486 concupisces
449 413 546 484 (Erod
578 427 624 479 xx,
665 410 718 484 Π),
747 410 805 482 jam
818 411 942 494 Aptara
967 407 1091 474 dicente,
1119 407 1215 461 omnia
1240 403 1292 461 sub
1313 411 1440 478 peccato,
1468 412 1502 462 ut
1524 413 1675 481 promissio

140 509 267 564 iuerat:
296 508 400 580 Diliges
439 506 601 578 proximum
640 510 703 561 tum
738 504 810 559 sicut
859 516 893 555 ει
914 501 971 555 lida
992 500 1064 557 iesu
1073 499 1177 555 Christi
1199 499 1316 554 daretur
1336 500 1517 556 credentibus
1539 504 1610 573 (Gal.
1631 520 1674 571 ιιι,

103 619 117 658 ι
141 603 249 674 (blattis.
277 619 332 669 111,
362 604 414 672 19).
442 602 472 657 ln
496 617 553 673 quo
578 615 709 655 sermone
734 603 807 670 Apo·
860 594 960 666 ibit)
978 635 985 649 .
1000 613 1015 644 o
1045 594 1146 648 Nonne
1168 592 1236 648 satis
1263 594 1387 648 ostendit
1415 594 1469 651 hoc
1496 599 1592 652 actum
1615 614 1675 654 esse

106 712 225 751 omnem
246 695 341 767 legem
368 694 436 749 dicit
459 694 573 767 impleri
598 694 669 765 (dat.
695 709 723 763 v,
754 691 807 764 ll),
858 702 912 760 ρει
935 688 1042 760 legem,
1064 690 1098 742 ut
1120 690 1267 758 peccatum
1286 691 1506 758 cognosceretur
1523 692 1552 745 et
1565 707 1675 764 preva-

103 790 187 845 mm
212 789 265 844 nisi
290 789 390 860 diligat
415 789 514 856 Deum,
542 803 629 844 nemo
655 786 749 860 diligit
769 803 810 841 se·
859 781 997 837 mentione
1023 784 1188 852 augeretur.
1214 780 1267 836 Ubi
1289 780 1367 835 euim
1389 781 1434 836 lex
1453 798 1511 838 non
1543 788 1595 854 εει,
1622 801 1676 841 uec

119 883 241 955 ideoque
260 881 395 938 Dominus
409 881 439 937 in
461 882 505 936 his
525 881 637 938 duobus
660 881 810 954 preceptis
858 873 1063 946 prevaricatio,
1087 877 1116 929 et
1137 874 1175 930 sic
1196 874 1330 929 adversus
1346 873 1493 931 victoriam
1517 878 1626 949 pcccati
1640 879 1677 934 ad

108 977 202 1049 legem
224 976 296 1032 dixit
322 975 529 1048 prophetasque
557 975 673 1047 impleri
701 974 808 1046 (uano.
859 968 986 1025 diuinam
1008 969 1127 1041 gratiam
1151 983 1216 1041 que
1239 967 1269 1023 in
1291 967 1526 1040 promissionibus
1548 974 1590 1027 εει
1607 988 1675 1027 con·

103 1071 152 1141 ιο).
188 1071 257 1135 Que
289 1070 346 1125 duo
379 1074 519 1141 precepta
546 1069 609 1141 jam
646 1072 727 1136 eraut
757 1069 808 1123 ho·
859 1062 1024 1134 fugeretur3
1049 1065 1135 1135 atque
1159 1060 1198 1118 ita
1221 1061 1339 1117 lexnou
1361 1064 1435 1117 esset
1455 1062 1589 1120 adversus
1606 1083 1675 1138 pro·

104 1163 276 1220 sdiviuitus
304 1163 385 1233 data3
421 1167 451 1218 at
481 1167 621 1218 eternum
656 1163 809 1235 premium
860 1156 945 1212 missa
966 1155 1027 1224 liei,
1050 1155 1118 1228 quia
1140 1155 1207 1211 ideo
1231 1171 1285 1227 per
1308 1155 1387 1211 illam
1414 1155 1447 1210 lit
1471 1157 1595 1228 cognitio
1608 1175 1676 1231 pec·

103 1257 306 1329 spromissum
330 1256 458 1312 nondum
483 1260 556 1311 erat.
585 1257 642 1311 lloc
668 1256 728 1328 ipse
752 1272 810 1312 non
860 1250 924 1320 caii,
943 1254 973 1306 ει
993 1265 1027 1305 ει
1049 1248 1286 1322 prevaricatione
1311 1249 1383 1321 legis
1410 1249 1587 1307 abundantia
1608 1269 1677 1326 pec·

103 1349 189 1422 adin
213 1350 271 1405 suis
292 1350 393 1405 litteris
418 1349 527 1423 possint
553 1348 638 1405 etiam
662 1350 692 1405 in
717 1350 809 1407 Veteri
859 1343 925 1412 cati,
952 1345 984 1398 nt
1007 1343 1045 1399 ad
1067 1343 1268 1399 liberationem
1294 1346 1460 1414 querantur
1477 1345 1679 1418 promissiones

103 1448 173 1501 ento
192 1460 313 1516 regnum
337 1445 472 1500 coelomm
491 1459 551 1499 esse
573 1443 756 1516 promissum.
782 1442 809 1499 Si
859 1436 921 1506 liei,
955 1437 1033 1510 quod
1066 1440 1110 1492 est
1135 1437 1227 1509 gratia
1261 1436 1322 1505 liei,
1356 1440 1385 1491 ει
1415 1436 1534 1511 incipiat
1561 1455 1622 1496 esse
1649 1440 1678 1496 in

103 1537 286 1594 lisoiendam
307 1537 568 1610 perficiendamque
588 1537 728 1609 justitiam
748 1537 810 1610 jam
858 1534 978 1590 homine
998 1534 1119 1608 justitia,
1149 1551 1207 1590 non
1231 1551 1291 1603 sua,
1318 1535 1366 1590 sed
1391 1535 1449 1602 Dei,
1475 1535 1529 1592 hoc
1546 1542 1589 1594 est
1612 1538 1679 1594 data

103 1636 190 1688 sture
222 1631 394 1703 possibilitas
426 1646 478 1703 per
500 1631 623 1686 liberum
648 1630 807 1703 arbitrium,
859 1628 934 1684 douo
961 1628 1021 1684 liei.
1059 1629 1151 1693 Quam
1182 1629 1268 1685 etiam
1303 1644 1379 1684 nunc
1405 1628 1520 1701 quidem
1554 1630 1624 1688 sicut
1650 1636 1679 1688 ει

103 1730 138 1781 ἐι
164 1724 235 1797 legis
260 1725 309 1779 Dei
332 1730 471 1793 sanctum,
492 1725 611 1796 justum,
638 1724 810 1796 benignum·
858 1726 927 1778 tunc
967 1721 1003 1778 de
1040 1722 1145 1778 iudeis
1185 1721 1292 1778 dictum
1330 1725 1391 1776 est:
1427 1724 1596 1794 ignorantes
1628 1727 1678 1783 liei

103 1818 252 1887 vadatum,
281 1819 342 1889 jam
369 1821 431 1873 erat
455 1817 627 1890 promissum
656 1804 1008 1890 premiumBjustitiam,
1033 1822 1063 1872 et
1090 1832 1170 1871 suam
1194 1816 1320 1872 volentes
1349 1815 1533 1885 constituere,
1557 1817 1677 1889 justitie

103 1926 212 1968 arnum.
244 1914 319 1982 Ergo
340 1911 468 1969 Christus
494 1912 583 1984 gratis
610 1915 741 1968 mortuus
767 1915 810 1967 est
860 1909 908 1966 [tei
936 1924 995 1965 non
1020 1914 1087 1966 sunt
1112 1909 1231 1981 subjecti
1262 1909 1346 1979 (Rom.
1372 1925 1400 1977 v,
1439 1908 1475 1980 3).
1503 1909 1555 1966 Ρει
1583 1910 1678 1984 legem

103 2023 119 2076 1,
151 2006 208 2077 21).
248 2007 322 2077 Ergo
354 2022 448 2078 neque
478 2022 531 2079 ρει·
564 2005 659 2078 legem
688 2006 809 2078 justitia,
858 2003 966 2080 quippe
987 2006 1018 2058 et
1037 2002 1077 2058 illi
1087 2002 1237 2075 justificari
1260 2019 1290 2059 se
1304 2001 1488 2075 arbitrantur,
1517 2004 1676 2061 sufficiente

113 2115 167 2172 per
190 2104 299 2154 nature
319 2099 546 2171 possibilitatem,
569 2101 620 2155 sed
646 2116 680 2156 ex
706 2099 763 2156 lide
778 2116 810 2155 ac
861 2096 914 2151 sibi
929 2096 966 2152 ad
983 2096 1114 2154 eamdem
1132 2096 1339 2153 custodiendan
1362 2097 1454 2153 libero
1477 2097 1603 2170 arbitrio,
1623 2099 1677 2155 hoc

103 2192 137 2248 tei
156 2195 316 2264 pertesum
337 2193 481 2250 Christum
503 2194 653 2250 Dominum
679 2196 810 2250 nostrum
861 2196 902 2246 est
921 2189 1033 2261 justitia
1052 2207 1103 2246 sua
1129 2191 1239 2263 prolata
1265 2207 1297 2246 ex
1322 2193 1426 2246 natura
1456 2192 1592 2265 humana,
1619 2209 1677 2249 non

111 2287 301 2343 mediatorem
319 2288 369 2343 liei
384 2291 413 2343 ει
437 2287 586 2343 hominum
608 2288 630 2359 (l
645 2290 713 2344 itm.
728 2305 758 2356 ιι,
773 2291 809 2354 tl.
861 2283 965 2339 donata
989 2301 1025 2341 ει
1052 2285 1145 2357 gratia
1165 2284 1270 2354 divina,
1306 2289 1424 2359 propter
1457 2287 1534 2359 prod
1564 2286 1678 2359 justitia

103 2380 215 2437 neuim
244 2404 258 2431 «
286 2397 337 2453 per
367 2399 458 2438 unum
484 2382 629 2437 hominem
663 2385 811 2455 peecatum
861 2379 910 2436 liei
932 2379 1044 2437 dicitnr.
1066 2382 1147 2437 Unde
1168 2381 1305 2454 scriptum
1330 2386 1395 2438 est:
1420 2383 1474 2437 Per
1490 2383 1585 2455 legem
1600 2384 1678 2440 enim

103 2474 129 2530 ,ἰι
149 2474 180 2528 iu
203 2476 353 2543 mundum,
378 2479 407 2531 ει
435 2492 487 2547 ρει
508 2478 660 2548 ρεεεειιιιιι
683 2492 759 2531 ιιιοιε
784 2479 813 2531 ει
861 2473 987 2545 cognitio
1011 2475 1128 2548 peccati.
1157 2476 1237 2530 Nunc
1264 2479 1361 2532 autern
1395 2475 1457 2532 sine
1482 2477 1547 2548 lege
1567 2477 1678 2548 justitia

103 2592 106 2622 l
132 2584 233 2624 omnes
256 2568 385 2625 homines
415 2569 588 2641 pertransiit,
614 2569 644 2624 in
666 2585 724 2641 quo
749 2585 810 2626 om·
861 2566 911 2622 liei
934 2568 1084 2624 manifesta
1107 2573 1159 2638 est,
1187 2566 1337 2626 testihchta
1361 2586 1414 2641 per
1437 2569 1532 2642 legem
1555 2575 1582 2626 ει
1609 2587 1675 2643 pro·

103 2665 257 2717 ccaverunt
282 2666 365 2729 (Rom.
394 2679 420 2731 v,
457 2664 510 2734 ιι),
542 2682 556 2715 u
595 2664 692 2735 procul
724 2661 811 2719 dnbio
861 2660 962 2732 phetas
982 2662 1065 2731 (Rom.
1091 2678 1130 2732 ιιι,
1157 2665 1202 2732 ιθ,
1232 2663 1287 2735 ιι).
1319 2665 1390 2720 Cum
1415 2662 1493 2733 dicit,
1527 2665 1678 2721 manifesta

103 2770 152 2811 ore
174 2757 271 2811 mortis
292 2756 387 2828 hujus,
409 2756 459 2812 uhi
482 2779 496 2808 ε
518 2758 565 2813 lex
589 2757 644 2813 alia
668 2760 812 2829 repugnat
862 2759 914 2823 εει,
941 2755 1067 2811 ostendit
1087 2755 1154 2828 quia
1175 2760 1205 2812 et
1225 2758 1294 2812 tunc
1316 2760 1387 2825 erat,
1409 2758 1457 2812 sed
1477 2761 1615 2831 tanquam
1631 2759 1679 2815 illa

103 2849 194 2905 uentis
214 2850 300 2922 (Rom.
326 2867 373 2919 vu,
395 2850 451 2922 23),
475 2871 487 2902 s
513 2851 660 2906 nominem
680 2850 812 2905 liberavit
860 2849 954 2921 pluvia
986 2866 1073 2922 quam
1103 2850 1217 2906 Gedeon
1256 2850 1420 2923 impetravit
1452 2852 1524 2920 (tud.
1558 2869 1596 2921 vr,
1623 2853 1678 2927 37),

103 2947 173 2999 »erat
196 2960 254 2998 sue
279 2944 447 3016 possibilitas
466 2947 588 3013 nature,
605 2961 670 3017 que
697 2943 812 3015 perdita
860 2947 929 2999 tuuc
949 2944 1027 3000 velut
1053 2943 1082 2999 in
1106 2944 1211 3000 vellere
1232 2944 1349 3015 occulta,
1371 2960 1447 3000 nunc
1474 2950 1524 3002 aut
1549 2946 1626 3002 velut
1650 2947 1680 3003 iu

103 3040 177 3108 sture
200 3037 321 3109 indiget,
349 3037 470 3093 sauciata
492 3038 648 3108 salvatore,
673 3037 723 3094 sed
749 3054 813 3110 gra-
861 3052 928 3092 area
964 3037 1125 3093 manifesta.
1161 3038 1232 3093 Cum
1273 3053 1342 3111 ergo
1384 3038 1440 3109 lex,
1477 3039 1538 3095 sine
1578 3040 1679 3113 gratia,

103 3129 110 3185 i
133 3147 186 3203 per
209 3131 294 3186 tidem
315 3132 399 3186 unius
423 3132 549 3187 hominis
571 3131 738 3188 mediatoris
762 3131 812 3188 Dei
861 3146 919 3186 non
947 3147 1025 3187 mors
1047 3131 1154 3203 peccati
1177 3131 1315 3204 potuisset
1336 3148 1408 3200 esse,
1436 3133 1485 3188 sed
1511 3133 1610 3190 virtus.
1634 3134 1680 3192 Sic

103 3223 209 3291 ιίιιιιιιι,
234 3225 359 3281 hominis
379 3228 445 3282 lesu
471 3225 573 3281 Christi
604 3225 653 3298 qui
681 3230 710 3281 et
740 3181 939 3282 Deuscenim
974 3223 1084 3280 dictum
1110 3228 1174 3280 ests
1209 3247 1223 3275 α
1250 3224 1371 3282 Aculeus
1393 3227 1493 3283 mortis
1521 3233 1679 3300 peccatum,

103 3321 166 3385 sset,
183 3318 329 3374 homiuem
357 3319 433 3387 tecit,
450 3322 480 3374 et
503 3336 625 3375 maneus
649 3321 731 3391 Deus,
756 3321 810 3376 ho·
860 3318 951 3373 virius
974 3321 1069 3374 autem
1094 3318 1199 3390 peccati
1223 3319 1267 3375 lex
1294 3321 1317 3390 tl
1342 3319 1402 3376 Gor.
1430 3337 1474 3389 xv,
1503 3321 1556 3393 56).
1580 3341 1594 3374 ι
1620 3323 1680 3378 Sic·

103 3417 174 3480 ctus,
199 3413 298 3468 refecit
324 3413 385 3485 ipse
410 3413 489 3486 quod
520 3414 597 3470 iecit.
622 3415 694 3470 Puto
715 3417 811 3470 autem
862 3416 894 3467 ut
909 3411 1078 3483 confugiunt
1098 3412 1210 3467 multia
1229 3412 1300 3469 lucie
1317 3413 1504 3486 repugnantis
1521 3416 1629 3486 peccati
1642 3415 1680 3471 ad

103 3522 144 3562 on
167 3507 256 3562 lateat
267 3506 338 3562 fides
361 3507 473 3576 Christi,
490 3524 554 3579 que
568 3511 668 3581 postea
687 3507 717 3562 in
731 3524 810 3564 reve·
862 3504 983 3577 gratiam
997 3506 1075 3560 relut
1093 3504 1123 3560 in
1145 3521 1242 3562 aream
1265 3523 1342 3562 nunc
1362 3511 1520 3579 patentem,
1538 3506 1577 3563 ita
1598 3510 1681 3580 pauci

103 3600 221 3654 invenit
233 3599 262 3654 in
275 3600 392 3656 occultis
408 3600 495 3657 fuisse
509 3601 683 3673 temporibus
695 3602 811 3657 Patrum
861 3599 898 3654 ad
922 3614 987 3654 eam
1010 3599 1226 3672 confugiebant,
1254 3600 1331 3656 velut
1358 3600 1387 3655 in
1411 3601 1515 3657 vellere
1542 3606 1611 3657 tunc
1641 3604 1680 3658 la·

103 3710 174 3761 rum,
214 3710 379 3767 perquam
413 3699 508 3751 tamen
545 3694 631 3750 etiam
666 3695 726 3768 ipsa
764 3695 812 3752 liei
862 3694 982 3748 tentem.
1011 3694 1076 3748 llec
1101 3709 1169 3749 vero
1204 3699 1367 3767 temporum
1398 3693 1560 3750 distributio
1591 3696 1679 3752 reler-

118 3787 229 3844 liberati
249 3793 325 3857 suut,
352 3788 515 3861 quicunque
540 3789 673 3845 omuibus
699 3789 813 3862 generis
861 3786 957 3843 turad
971 3785 1150 3843 altitudinem
1172 3787 1334 3844 divitiarum
1349 3787 1495 3860 sapientie
1514 3792 1543 3843 et
1556 3789 1682 3846 scientie

103 3879 117 3936 .i
136 3881 317 3954 temporibus
337 3881 452 3937 liberari
469 3887 623 3955 putuerunt
637 3884 749 3940 occulto
762 3883 811 3939 usi
863 3880 922 3949 Dei,
962 3880 998 3936 de
1036 3897 1094 3953 qua
1131 3880 1238 3938 dictum
1264 3887 1323 3939 est:
1356 3882 1447 3948 Quam
1485 3882 1682 3940 inscrutabilia

105 3991 192 4043 ,uon
213 3979 309 4031 tamen
328 3975 522 4047 vituperabili.
550 3977 631 4033 Unde
657 3977 725 4034 dicit
737 3981 811 4051 ltpo·
863 3979 929 4031 sunt
946 3974 1055 4048 judicia
1079 3975 1141 4048 ejus
1156 3978 1184 4031 et
1209 3975 1422 4050 investigabiles
1442 3976 1495 4031 vie
1512 3977 1573 4049 eJus
1595 3978 1680 4050 (Rom.

128 4090 142 4119 s
156 4069 298 4125 liabentes
319 4074 415 4126 autem
439 4069 573 4127 eumdem
590 4071 722 4144 spiritum
736 4072 812 4143 fidei,
863 4086 893 4139 11,
919 4069 984 4141 ³3);
1012 4088 1024 4119 ι
1054 4072 1234 4143 quapropter
1265 4069 1288 4125 si
1311 4073 1378 4126 ante
1402 4074 1517 4142 tempus
1542 4070 1624 4144 legis,
1653 4075 1683 4127 et

114 4162 249 4219 eumdem
265 4180 350 4236 quem
367 4167 395 4219 ei
419 4164 462 4219 illi
475 4165 631 4222 secundum
651 4167 729 4238 quod
744 4168 812 4223 scri-
862 4170 992 4237 tempore
1017 4165 1078 4238 ipso
1114 4163 1291 4237 legisjustos
1315 4166 1412 4220 Patres
1440 4179 1475 4220 ex
1500 4164 1557 4220 lide
1588 4165 1682 4221 riven-

104 4260 168 4311 est:
191 4256 303 4312 Credidi
327 4259 541 4331 propterquod
567 4260 677 4315 locutus
698 4277 772 4331 sum,
786 4265 815 4316 ct
863 4262 917 4328 tes,
945 4275 1003 4315 non
1023 4257 1197 4331 possibilitas
1221 4260 1333 4314 nature
1358 4257 1480 4314 infirme
1504 4264 1534 4314 et
1556 4259 1683 4332 indigne

103 4349 218 4406 edimus
245 4355 364 4422 propter
386 4352 461 4424 quod
483 4355 511 4408 et
533 4352 678 4425 loquimur
702 4353 740 4424 (ll
754 4356 813 4414 Gor.
864 4367 898 4406 ac
923 4350 1041 4421 vitiatae,
1067 4355 1097 4408 ει
1121 4353 1172 4408 sub
1193 4356 1311 4426 peccato
1336 4352 1517 4421 venundatae,
1554 4353 1603 4409 sed
1633 4354 1683 4411 liei

103 4458 135 4494 .r›
150 4439 220 4494 lude
234 4443 276 4495 est
289 4440 368 4512 quod
381 4442 420 4497 ait
440 4441 499 4513 ipse
519 4442 656 4498 llediator
673 4459 681 4498 z
697 4463 712 4494 c
724 4443 813 4499 Abra·
866 4445 959 4518 gratia
979 4462 1032 4518 per
1058 4445 1144 4501 iidem
1159 4445 1354 4519 justificabat,
1381 4449 1410 4501 et
1433 4462 1511 4501 nune
1536 4446 1636 4502 eadem
1651 4448 1682 4502 in

103 4533 239 4605 rucupivit
258 4534 353 4590 videre
370 4535 445 4590 diem
464 4552 571 4608 meum,
600 4536 672 4593 vidit
691 4540 720 4593 ει
739 4539 814 4610 gari·
825 4555 856 4632 D
867 4544 1000 4612 apertum
1014 4540 1076 4614 jam
1099 4539 1215 4595 veniens
1238 4539 1363 4595 revelata
1383 4538 1530 4611 justiticat.
1557 4540 1682 4598 Anathc·

103 4626 213 4697 ttltocn.
236 4642 296 4694 viu,
317 4630 369 4686 56).
389 4648 403 4678 n
418 4629 484 4684 lude
503 4630 616 4701 prolato
635 4635 815 4689 sacramento
866 4633 982 4690 matizat
1020 4649 1090 4706 ergo
1124 4633 1259 4704 Pelagius
1284 4632 1391 4705 scripta
1423 4648 1484 4700 sua,
1527 4633 1576 4688 ubi
1612 4650 1682 4691 con·

103 4719 204 4775 sedech
231 4736 339 4775 mensae
371 4722 526 4778 Dominice
561 4724 639 4780 novit
672 4730 815 4782 eternum
864 4732 910 4783 tra
935 4742 1009 4796 eam,
1037 4731 1066 4783 et
1102 4727 1126 4782 si
1155 4742 1213 4781 non
1245 4741 1297 4799 ρει
1335 4725 1554 4795 contumaciam,
1585 4730 1683 4785 ιειιιειι

103 4814 272 4870 sacrdotium
296 4815 429 4886 figurare.
455 4819 516 4872 tam
537 4834 604 4872 vero
628 4818 696 4874 data
716 4819 746 4873 in
767 4820 815 4875 lit·
866 4821 1057 4894 ignorantiam
1094 4821 1230 4893 disputat,
1257 4819 1473 4892 possibilitatem
1503 4820 1683 4880 defendendo

104 4922 157 4980 ege
177 4924 265 4980 quiam
290 4908 358 4965 dicit
376 4911 526 4982 Apostolus
550 4910 735 4980 subintrasse,
756 4935 771 4964 «
785 4917 817 4968 ut
866 4919 987 4984 nature,
1008 4915 1045 4973 ad
1071 4914 1210 4971 vincenda
1236 4917 1352 4986 peccata
1373 4918 1401 4969 et
1429 4913 1578 4986 implenda
1601 4934 1684 4974 man·

103 5004 159 5056 aret
180 5001 316 5058 delictum
350 5003 436 5073 (hom.
463 5021 490 5074 v,
517 5005 572 5076 20),
600 5027 614 5055 u
642 5010 670 5061 et
698 5005 733 5061 de
759 5022 817 5079 qua
866 5009 932 5065 data
968 5011 1018 5065 aut
1053 5008 1077 5064 si
1114 5025 1148 5064 ea
1183 5024 1235 5064 sua
1261 5024 1321 5064 esse
1354 5011 1450 5080 negat,
1485 5011 1536 5064 sut
1571 5009 1682 5082 scriptis

116 5114 131 5147 ι
156 5096 198 5151 Ex
221 5096 284 5168 lege
308 5097 471 5169 hereditas,
482 5098 543 5169 jam
564 5115 622 5155 non
638 5116 670 5154 ex
692 5099 815 5172 promis·
866 5103 935 5171 suis,
961 5104 1011 5158 aut
1043 5100 1169 5158 inimicis
1198 5100 1256 5157 suis
1289 5100 1357 5158 dicit
1375 5100 1507 5158 immissa
1543 5120 1608 5176 que
1635 5120 1686 5160 sua

111 5188 232 5245 Abrahae
261 5191 309 5245 sed
344 5206 397 5263 per
428 5192 668 5264 repromissionen
699 5193 818 5250 donavit
867 5213 928 5253 esse
952 5199 1050 5269 negat,
1073 5195 1297 5252 anathematizet
1320 5211 1354 5251 ea
1379 5200 1408 5251 et
1426 5195 1545 5252 damnet
1568 5201 1686 5268 patema

103 5281 203 5348 »Quid
229 5283 318 5354 igitur
337 5283 406 5339 lexi
433 5286 699 5359 «transgressionis
726 5288 818 5360 gratia
867 5288 1064 5347 exhortatione
1088 5293 1117 5346 ει
1139 5290 1306 5346 auctoritate
1342 5289 1536 5346 sanctimonie
1564 5295 1630 5345 ιιιει.
1655 5289 1685 5346 Si

107 5381 161 5446 est,
178 5377 268 5433 donec
281 5377 392 5434 veniret
406 5395 503 5435 semen
518 5381 563 5435 cui
576 5381 750 5453 promissum
764 5387 816 5453 est,
868 5401 936 5457 ergo
959 5384 1021 5442 vult
1046 5401 1200 5442 onerosum
1226 5383 1282 5439 sibi
1315 5388 1343 5441 et
1366 5383 1569 5456 perniciosum,
1598 5382 1685 5438 discat

103 5471 171 5526 itum
210 5487 263 5544 per
301 5472 419 5545 angelos
455 5473 485 5529 iu
524 5491 612 5530 manu
639 5475 817 5544 Mediatoris;
867 5478 999 5535 Ecclesire
1023 5479 1189 5535 mandalum
1214 5477 1338 5548 auterre,
1354 5477 1432 5549 quod
1452 5475 1683 5532 scandalumau·

103 5579 138 5620 or
159 5568 255 5621 autem
273 5567 358 5622 unius
378 5584 434 5622 non
458 5572 511 5636 est,
531 5569 607 5624 [teus
627 5573 724 5625 autem
744 5584 819 5626 unus
868 5572 977 5630 ditores
997 5576 1026 5630 ει
1045 5573 1254 5646 imperversum
1280 5568 1432 5627 dilectores
1444 5569 1505 5642 ejus
1527 5585 1685 5643 usquequa·

103 5673 131 5715 ει
151 5673 221 5730 crgo
243 5659 376 5716 adversus
407 5661 546 5733 promissa
572 5662 653 5717 licit
675 5663 766 5720 Absit.
790 5664 817 5721 Si
869 5683 924 5739 que
941 5683 1075 5742 spargere
1096 5682 1156 5722 uon
1174 5666 1334 5740 quieseunt.
1356 5662 1386 5719 si
1400 5662 1477 5718 euim
1499 5663 1687 5736 cognoverint

107 5751 176 5809 data
203 5758 277 5810 esset
295 5755 340 5810 lex
364 5771 428 5827 quae
456 5759 551 5827 posset
570 5755 726 5828 justificare
755 5774 818 5814 om·
869 5760 1002 5817 eumdem
1027 5759 1133 5817 librum
1155 5776 1242 5833 quem
1264 5754 1339 5814 illius
1364 5757 1411 5813 sel
1432 5761 1543 5830 putant.
1563 5773 1632 5813 esse
1648 5760 1705 5811 aex

106 5860 144 5903 ει
168 5847 231 5920 lega
254 5852 328 5904 εεεει
347 5849 467 5920 justitio,
493 5849 544 5906 sed
572 5850 721 5925 conclusit,
747 5851 821 5910 Scri-
870 5856 979 5913 norunt
1002 5853 1213 5932 episcoporum
1239 5849 1460 5911 catholicorum
1476 5845 1675 5912 auctoritate,
1696 5848 1734 5897 ex

206 5945 339 6019 Parnon
364 5946 473 6013 CXXX.
1511 5945 1564 6011 hh
