3870 6150
204 207 271 263 1003
575 194 579 202 ’
649 205 789 260 ltl'l‘Elt'l).
811 205 854 259 ΑΙ)
872 205 954 260 SAEC.
976 202 1019 258 lx.
1031 231 1065 243 ·-
1084 176 1208 259 lSlboRl
1227 203 1439 260 hancnrolns
1821 209 1881 261 root

201 315 381 388 prppositum
398 314 482 367 firma
495 313 588 367 fronte
601 313 770 380 caderet,ct
784 313 955 385 omniaque
966 329 1018 384 per
1028 324 1057 398 Α
1068 312 1240 369 renitentem
1263 311 1375 368 statutis
1395 312 1538 368 canonicis
1558 329 1616 368 non
1636 328 1721 384 posse
1744 315 1882 386 compelli.

202 407 400 480 suggestiones
409 405 592 461 inimicorum
605 421 723 461 suorum
738 406 874 462 amiserat
885 407 1018 479 potestati
1068 407 1111 462 lu
1138 407 1200 463 haec
1228 406 1426 463 serenissimus
1453 423 1503 463 rex
1529 408 1623 463 taliter
1650 408 1710 463 [leo
1736 407 1883 479 aspirante,

200 503 262 574 ejus
285 500 321 555 ab
346 499 505 556 honorabili
532 499 651 555 concilio
673 499 871 568 redderentur,
895 506 924 556 et
945 501 1018 556 tanti
1068 500 1219 572 respondit
1231 501 1262 556 in
1279 500 1410 573 synodali
1425 517 1486 557 esse
1498 501 1617 557 arbitrio
1631 501 1663 556 in
1675 504 1761 558 tanto
1776 502 1885 574 negotio

200 595 256 650 loci
268 594 373 666 praesul
384 593 515 666 legaliter
522 594 603 668 prius
616 593 828 666 statuipristino
839 593 1017 663 redderetur,
1069 595 1214 667 sequenda
1226 594 1412 667 perscribere,
1425 611 1462 650 ne
1475 594 1582 667 aliquid
1593 595 1629 651 ad
1643 612 1674 651 se
1694 598 1806 668 praeter
1817 612 1885 653 rere

87 757 90 760 ,
200 691 308 744 ettunc
321 702 380 743 non
400 690 465 742 ante
485 687 595 743 veniret
615 687 652 743 ad
671 703 796 757 causam,
811 692 840 744 et
854 688 878 743 si
890 688 930 743 ita
943 691 1019 745 recte
1068 690 1192 746 rentiam
1214 689 1249 744 de
1271 688 1465 744 ecclesiasticis
1484 690 1606 761 negotiis
1632 690 1795 761 pertinere,
1814 707 1884 747 com-

199 781 353 851 viderstur,
366 779 559 838 accusantium
568 780 1017 855 propositionibusresponderet.
1068 784 1184 840 mittens
1197 783 1286 839 etiam
1303 783 1435 854 potestati
1449 783 1618 854 pontificum
1638 787 1672 839 ut
1685 784 1748 839 sive
1759 787 1887 857 preposi-

199 876 291 950 Digna
299 874 407 932 resvisa
415 875 592 932 estmarimo
602 874 784 931 sacerdotum
793 892 925 947 numero,
933 880 1018 950 atque
1068 883 1129 934 tum
1152 877 1258 933 vellent
1279 876 1379 933 audire
1400 878 1561 948 negotium,
1585 878 1645 933 sive
1669 878 1798 947 nollent,
1817 881 1885 950 quod

199 978 369 1044 mereretur;
377 973 510 1030 effectum
519 973 670 1030 decernere
677 973 1019 1046 tamenaliquidsynodus
1068 972 1160 1044 magis
1174 974 1310 1044 putarent
1323 971 1402 1039 utile,
1419 971 1615 1043 deliberarent,
1631 971 1800 1028 dummodo
1810 989 1886 1028 vene

199 1068 261 1125 sine
283 1068 364 1140 regia
385 1067 487 1124 notitia
507 1083 567 1123 non
589 1067 783 1141 presumpsit,
799 1066 849 1124 sed
871 1068 1018 1140 suggestio
1067 1066 1148 1122 randi
1171 1065 1332 1139 provisione
1356 1064 1467 1121 concilii
1488 1082 1545 1137 pax
1567 1066 1597 1121 in
1622 1066 1744 1122 civitate
1767 1067 1887 1122 Romana

195 1163 276 1235 justa
291 1177 343 1234 per
355 1163 518 1234 legatorum
540 1161 746 1234 negligentiam
767 1178 824 1218 non
848 1162 962 1230 meruit,
977 1179 1018 1219 se·
1067 1159 1234 1216 Christianis
1262 1158 1396 1216 omnibus
1421 1158 1599 1215 redderetur.
1624 1159 1697 1225 Qure
1726 1176 1798 1216 cum
1817 1161 1886 1233 juste

198 1256 326 1313 cundum
338 1259 405 1312 vota
419 1271 587 1327 responsum
599 1254 697 1327 jussus
709 1260 752 1312 est
764 1255 840 1328 regis
854 1256 1018 1328 preceptio·
1068 1254 1185 1311 offertur
1203 1253 1338 1310 mandata
1361 1252 1414 1308 Dei
1432 1255 1616 1326 complentur
1636 1254 1732 1310 ltaliae
1755 1271 1816 1310 suar
1827 1255 1886 1312 dare

198 1350 283 1406 nibus
305 1366 380 1422 papa
399 1349 587 1422 Symmachus
607 1354 672 1406 ante
685 1348 850 1423 patrimonii
864 1351 906 1406 vel
927 1351 1018 1408 Eccle·
1067 1351 1217 1405 rectorem.
1239 1350 1429 1420 agnoscentes
1449 1347 1561 1403 nullum
1581 1347 1668 1404 nobis
1691 1348 1825 1404 laborem
1845 1367 1884 1404 re·

198 1444 305 1500 siarum
316 1460 386 1516 quas
393 1443 528 1500 amiserat
534 1444 729 1516 receptionem
738 1460 803 1500 cum
811 1444 1018 1517 impugnatori·
1067 1442 1214 1510 mansisse,
1227 1441 1283 1497 nisi
1297 1443 1331 1497 ut
1343 1440 1514 1497 dissidentes
1528 1458 1593 1497 cunr
1607 1441 1785 1498 humilitate
1795 1459 1887 1516 propo

197 1537 251 1594 bus
266 1536 324 1593 suis
342 1537 372 1592 in
388 1535 592 1609 disceptatione
614 1537 777 1610 confligere.
798 1538 853 1603 Qui
869 1539 1017 1609 potestatis
1067 1536 1114 1593 siti
1126 1535 1216 1592 nostri
1236 1535 1273 1591 ad
1292 1535 1473 1591 concordiam
1494 1535 1693 1605 hortaremur,
1712 1537 1783 1608 quia
1804 1553 1885 1593 unum

197 1647 257 1687 sue
280 1629 440 1703 privilegia,
462 1636 491 1687 et
514 1647 580 1703 quar
600 1648 652 1704 pro
671 1631 849 1688 conscientie
873 1636 1015 1705 qnantm
1066 1632 1154 1688 tanta
1167 1629 1208 1685 rei
1221 1629 1358 1697 restabat,
1372 1627 1448 1685 unde
1470 1629 1527 1684 lleo
1541 1632 1885 1701 pareremus,utsancta

192 1724 272 1797 juste
288 1725 465 1780 aestimamus
485 1725 687 1782 emundatione
710 1726 889 1796 submiserat,
904 1741 941 1782 ne
962 1693 1202 1796 bachrincipis
1210 1722 1349 1779 voluntati
1356 1721 1510 1778 invitemus
1517 1728 1650 1779 senatum
1665 1723 1884 1795 amplissimum,

195 1819 287 1875 voluit
299 1819 360 1876 rice
374 1835 532 1875 resumere.
1063 1817 1141 1890 quali
1154 1818 1281 1888 oportuit
1297 1816 1442 1888 legatione
1457 1816 1600 1872 destinata
1621 1820 1793 1885 monentes,
1809 1817 1885 1872 etin·

231 1913 286 1970 Sed
306 1913 377 1970 dum
402 1917 475 1969 esset
498 1913 624 1985 synodus
644 1915 675 1970 in
696 1914 874 1971 Hierusalem
901 1914 1015 1971 basilica
1063 1914 1206 1967 struentes
1230 1926 1326 1967 causas
1347 1911 1398 1966 llei
1420 1910 1508 1984 ipsius
1535 1910 1646 1983 judicio
1669 1927 1739 1967 csse
1762 1911 1883 1968 commit-

195 2007 320 2064 Sessoria
346 2006 445 2079 palatii
472 2008 635 2079 constituta,
656 2007 797 2081 aliquibus
823 2008 1016 2065 sacerdotibus
1063 2004 1580 2077 tendas,quivaletcorpusoccidere,
1593 2004 1773 2062 stanimam
1781 2006 1884 2061 mittere

194 2101 286 2158 risum
301 2104 354 2169 est,
369 2103 401 2157 ut
415 2100 528 2157 libellus
541 2117 628 2174 quem
650 2106 828 2173 accusatores
847 2106 1016 2173 paraverant
1064 2098 1095 2154 in
1111 2099 1286 2170 gehennam,
1302 2097 1352 2170 qui
1368 2097 1440 2152 dixit
1458 2097 1532 2152 mihi
1544 2097 1720 2167 vindictam,
1736 2103 1766 2155 et
1780 2116 1833 2171 ego
1848 2115 1885 2153 re

194 2196 245 2268 qui
263 2194 390 2269 quotidie
411 2194 600 2251 seditionibus
621 2195 811 2268 appellabant,
825 2195 1016 2268 susciperetur
1063 2191 1200 2263 tribuam,
1214 2191 1291 2263 apud
1306 2207 1392 2263 quem
1411 2191 1585 2247 conscientia
1604 2191 1689 2248 nuda
1709 2197 1763 2261 est,
1778 2192 1823 2248 cui
1834 2209 1883 2248 non

194 2287 349 2360 asynod03
365 2287 395 2344 in
408 2303 464 2361 quo
477 2290 620 2361 suscepto,
635 2288 784 2345 duoerant
803 2304 867 2360 quaa
881 2290 926 2344 vel
940 2289 1014 2345 veri·
1064 2285 1278 2342 absconduntur
1308 2285 1430 2341 occulta.
1460 2285 1593 2357 Cogitare
1625 2286 1791 2357 prudentes
1818 2287 1883 2342 viros

193 2381 247 2438 tati
269 2380 388 2437 inimica
412 2370 516 2453 essent,
541 2380 585 2438 vel
611 2381 665 2455 ipsi
688 2385 830 2454 quantum
854 2383 1015 2439 ostenditur
1063 2383 1207 2452 oportere,
1223 2383 1331 2451 quanta
1352 2378 1597 2447 inconvenienter,
1613 2384 1643 2434 et
1654 2380 1883 2452 praejudicialiter

193 2474 383 2531 ecclesiastico
408 2475 557 2548 proposito
583 2482 790 2548 repugnarent.
817 2478 923 2548 Unum,
949 2477 1015 2550 quia
1064 2473 1093 2528 in
1107 2472 1193 2544 huius
1205 2473 1328 2544 negotiis
1341 2473 1478 2544 principis
1492 2472 1697 2545 contigissent,
1710 2477 1742 2529 et
1754 2491 1808 2531 nos
1817 2474 1884 2529 viam

194 2568 329 2626 dicebant
357 2569 480 2626 crimina
509 2570 661 2627 memorati
692 2570 823 2642 superius
851 2570 1015 2643 Symmachi
1063 2583 1115 2640 per
1129 2567 1204 2622 hanc
1218 2583 1306 2638 quam
1319 2566 1373 2638 ipsi
1384 2566 1527 2623 vocabant
1540 2567 1753 2624 remissionem
1770 2569 1884 2642 peccab's

193 2679 278 2736 papas
284 2663 362 2736 apud
370 2664 482 2736 regiam
490 2664 647 2721 constitisse
659 2663 791 2719 notitiam
804 2664 1015 2736 :quodfalsum
1063 2677 1123 2718 non
1137 2660 1248 2732 aperire
1263 2660 1313 2716 sed
1325 2660 1469 2730 claudere,
1484 2660 1534 2733 qui
1547 2661 1625 2734 quod
1638 2661 1793 2719 dicebatur
1807 2663 1886 2734 majo

193 2772 254 2812 esse
274 2757 434 2813 declaravit.
460 2757 523 2813 Non
550 2757 629 2813 enim
656 2757 739 2830 quasi
762 2773 866 2813 novam
898 2773 1014 2813 causam
1063 2755 1104 2810 ris
1122 2754 1222 2827 judicii
1245 2770 1391 2810 servamus
1414 2754 1587 2813 instruentes
1608 2772 1671 2824 eos,
1687 2756 1759 2828 quia
1778 2772 1885 2829 pernos

194 2849 351 2906 audientiae
367 2850 566 2921 commisisset,
581 2851 605 2906 si
618 2850 678 2923 ejus
695 2850 868 2907 conscientia
886 2851 1015 2907 convicta
1063 2849 1137 2905 illins
1157 2848 1284 2906 Christus
1306 2848 1439 2919 innotuit,
1455 2865 1515 2905 non
1540 2865 1602 2905 esse
1625 2850 1729 2906 ovium
1744 2850 1806 2924 lupi
1826 2851 1886 2906 insi-

126 3008 129 3013 ¹
195 2944 230 2999 de
248 2959 348 3000 errore
366 2944 456 3000 solam
478 2959 508 2999 se
530 2943 615 3000 sciret
639 2949 805 3016 exspectare
829 2944 1012 3001 sententiam.
1064 2943 1125 2998 dias
1140 2942 1296 3015 praevidere
1318 2942 1368 2998 sed
1391 2943 1523 3014 pastoris.
1539 2943 1664 3000 llaxime
1678 2944 1751 3016 quia
1764 2946 1796 3001 in
1810 2961 1883 3001 caua

194 3035 279 3093 Aliud
297 3036 374 3109 quod
395 3053 448 3109 per
466 3053 561 3092 servos
583 3037 618 3093 de
641 3037 687 3093 his
707 3054 771 3110 quar
794 3037 966 3110 objiciebant
984 3037 1182 3143 secprretata
1202 3036 1305 3093 multos
1325 3038 1375 3110 qui
1399 3054 1429 3093 se
1451 3037 1687 3110 dedignabantur
1707 3055 1883 3112 cognoscere,

193 3146 259 3185 cum
274 3129 467 3203 loquebantur
483 3146 565 3203 posse
586 3131 766 3202 convincare,
780 3130 919 3188 addentes
937 3132 1014 3205 qnod
1065 3135 1095 3186 et
1120 3133 1175 3187 lleo
1197 3131 1361 3187 satisfacere
1383 3147 1465 3187 error
1487 3130 1658 3200 involverat,
1683 3136 1713 3189 et
1737 3133 1808 3206 quia
1831 3150 1882 3190 non

193 3223 254 3295 ipse
268 3223 414 3296 mancipia
424 3222 559 3292 traderet,
576 3225 679 3298 quibus
694 3230 832 3297 qnantum
847 3226 894 3282 ille
908 3242 1013 3282 assere·
1064 3228 1196 3297 poterant
1214 3226 1295 3297 plura
1310 3226 1361 3281 sub
1374 3226 1429 3281 hac
1442 3225 1590 3281 occasione
1605 3226 1745 3283 Ecclesia
1757 3228 1881 3284 membra

192 3317 272 3386 bant,
282 3316 371 3390 possit
380 3318 411 3373 in
424 3316 599 3375 indicatione
614 3319 753 3393 superari.
766 3319 835 3385 Quae
846 3336 891 3376 res
901 3319 1015 3376 canoni·
1064 3318 1199 3391 dispergi,
1216 3318 1267 3374 sed
1282 3319 1375 3391 magis
1394 3336 1446 3391 per
1465 3319 1723 3377 mansuetudinem
1745 3321 1880 3378 sustineri

193 3411 246 3467 bus
253 3414 281 3468 et
289 3410 483 3484 ipsispublicis
494 3417 555 3468 erat
567 3411 677 3486 legibus
689 3413 814 3484 inimica,
824 3431 887 3470 curn
895 3415 1014 3471 Petrum
1064 3412 1141 3468 Sicut
1163 3412 1232 3468 boni
1246 3428 1298 3468 nos
1312 3413 1406 3485 operis
1426 3412 1530 3469 Paulus
1547 3413 1693 3485 magister
1704 3416 1879 3480 instruxerat.

194 3509 299 3561 statuta
319 3506 488 3577 sanxissent,
506 3509 537 3562 ut
557 3522 628 3580 quos
649 3506 686 3562 ad
709 3508 916 3564 accusationem
936 3508 1015 3580 leges
1065 3506 1162 3562 dicens
1176 3524 1183 3562 ε
1197 3506 1345 3563 sanandos
1366 3523 1426 3563 esse
1447 3507 1586 3579 plurimos
1608 3524 1663 3578 per
1675 3510 1880 3582 patientiamet

194 3598 288 3654 srccnli
299 3615 359 3655 nnn
377 3599 544 3670 admittunt,
560 3600 604 3654 bis
618 3600 732 3656 dicendi
747 3602 777 3657 in
794 3602 957 3674 cognitione
971 3602 1013 3658 vel
1064 3600 1223 3656 doctrinam
1229 3617 1238 3670 ;
1252 3605 1281 3655 et
1298 3600 1461 3673 quicunque
1482 3604 1620 3672 putantur
1636 3603 1691 3672 rai,
1707 3609 1737 3660 et
1759 3603 1878 3676 gravibm

193 3693 364 3764 assequendi
379 3692 489 3766 aliquid
510 3694 711 3766 denegandam
732 3711 794 3750 esse
813 3695 966 3751 licentiam.
981 3697 1016 3751 Et
1064 3693 1185 3766 peccatis
1208 3693 1341 3764 involuti,
1368 3696 1500 3767 quamvis
1522 3696 1619 3751 nullus
1644 3697 1684 3752 sit
1710 3698 1763 3770 qui
1788 3698 1877 3754 delicto

194 3786 262 3842 drrm
285 3786 360 3842 inter
384 3787 440 3843 ista
465 3803 530 3860 ques
552 3791 648 3844 essem
671 3789 804 3844 iacienda
827 3789 1013 3858 tractabatur,
1064 3790 1167 3857 careat,
1182 3786 1255 3842 sicut
1275 3788 1397 3844 loannes
1418 3792 1541 3844 testatur
1556 3790 1706 3860 apostolus
1721 3808 1730 3847 ι
1745 3791 1775 3849 Si
1797 3791 1876 3846 dican

193 3880 422 3953 praefatuspapa,
437 3886 469 3937 ut
491 3897 604 3937 causam
626 3881 743 3952 diceret,
759 3882 937 3938 occurrebat.
960 3882 1014 3948 Qui
1064 3881 1199 3953 quoniam
1218 3885 1368 3952 peccatum
1393 3899 1452 3938 non
1476 3883 1729 3950 habeo,menda1
1752 3902 1824 3952 sum,
1838 3899 1877 3940 eos

193 3974 310 4031 veniens
331 3974 366 4030 ab
389 3975 562 4031 irruentibus
584 3974 675 4031 turbis
699 3977 870 4031 aemulorum
896 3993 1013 4032 suorum
1064 3979 1163 4030 tamen
1175 3975 1270 4047 magis
1283 3975 1426 4047 pressuris
1440 3977 1591 4033 hominem
1605 3980 1763 4036 sustentari
1778 3984 1807 4037 et
1817 3994 1877 4051 prae

194 4067 235 4123 ita
249 4071 385 4124 tractatus
400 4073 451 4138 ost,
467 4071 499 4123 ut
513 4069 610 4124 multis
623 4068 796 4142 presbyteris
809 4070 859 4142 qui
874 4086 940 4125 cum
952 4070 1014 4142 ipso
1064 4068 1178 4139 terreri,
1192 4069 1300 4142 hasque
1322 4070 1465 4142 passiones
1485 4071 1596 4143 judicio
1617 4072 1718 4129 divino
1741 4073 1876 4146 suspendi.

194 4166 277 4217 erant
295 4179 348 4233 per
364 4160 472 4217 cadem
494 4162 587 4232 ipsam
608 4162 707 4218 mortis
729 4163 828 4220 luisset
850 4164 970 4230 occasio,
986 4168 1016 4219 et
1065 4162 1180 4219 llarime
1203 4179 1270 4219 cum
1292 4163 1341 4220 illa
1362 4180 1427 4236 quar
1448 4165 1645 4237 praemisimus
1670 4167 1750 4224 inter
1768 4169 1823 4224 alia
1846 4167 1875 4221 de

195 4253 356 4310 recentium
385 4253 478 4309 adhuc
503 4255 622 4327 vestigia
651 4257 802 4312 vulnerum
831 4256 947 4312 illustris
973 4258 1016 4312 vir
1063 4256 1233 4313 auctoritate
1259 4258 1334 4313 sedis
1358 4259 1511 4326 obstarent,
1536 4260 1604 4331 quia
1632 4262 1712 4332 quod
1742 4275 1877 4335 possessor

138 4394 148 4403 .
196 4362 292 4402 comes
318 4346 474 4418 aligenius,
495 4352 525 4402 et
551 4347 688 4404 sublimes
709 4349 760 4404 viri
784 4349 898 4418 Gudile‚
918 4354 946 4406 at
967 4352 1015 4406 Ve·
1064 4350 1125 4420 ejus
1147 4351 1295 4422 quondam
1316 4352 1416 4408 beatus
1435 4354 1534 4409 Petrus
1554 4354 1665 4410 meruit
1684 4356 1715 4411 in
1742 4357 1877 4412 nobilitata

197 4440 309 4497 daulfus
333 4440 458 4513 maiores
475 4441 577 4497 domus
598 4442 685 4514 regiae
707 4443 927 4515 perspexissent,
942 4438 1248 4516 quostossessionis
1271 4446 1399 4515 accessit,
1422 4451 1451 4502 et
1475 4447 1633 4503 claritatem
1656 4453 1788 4507 veterem
1811 4450 1878 4505 robis

196 4551 291 4591 secum
306 4536 384 4592 rmde
398 4550 528 4607 egressus
541 4536 643 4605 tuerat,
660 4537 695 4593 ad
710 4537 786 4593 beati
802 4539 877 4594 Petri
896 4539 1017 4611 apostoli
1067 4537 1124 4608 dat,
1152 4539 1200 4596 det
1227 4540 1329 4595 Christi
1357 4541 1516 4596 rectoribus
1544 4541 1650 4597 devote
1679 4545 1877 4610 demandare

198 4633 278 4701 septa
300 4629 474 4686 convexerit.
489 4630 538 4685 llis
550 4629 591 4686 ita
612 4631 691 4700 actis,
709 4635 738 4687 et
758 4631 844 4687 rebus
857 4633 934 4688 varia
948 4649 1014 4688 con·
1065 4632 1203 4703 scriptum
1217 4649 1277 4687 esse
1290 4649 1341 4705 per
1353 4635 1525 4706 prophetam
1539 4651 1572 4689 ex
1585 4651 1712 4705 persona
1728 4639 1783 4695 Ilei
1797 4657 1804 4695 :
1816 4640 1878 4694 Nun·

194 4723 307 4779 lusione
317 4723 447 4792 turbatis,
461 4723 567 4780 iterum
581 4741 634 4780 nos
645 4725 830 4796 adjustitiam
844 4726 1016 4783 contulimus
1065 4725 1200 4797 quidnon
1213 4728 1398 4783 valetmanns
1407 4744 1471 4783 mea
1484 4729 1520 4784 ad
1533 4731 1771 4789 consumendum
1783 4751 1831 4791 eos
1839 4731 1878 4806 qni

194 4816 395 4889 principalem,
409 4817 529 4875 scientes
551 4819 700 4876 divinitate
715 4820 832 4892 propria
848 4837 948 4893 regere
961 4823 1014 4876 llo-
1065 4821 1251 4875 erraverunt?
1265 4821 1328 4876 llaee
1340 4821 1440 4877 eodem
1455 4822 1611 4895 sepissime
1626 4827 1662 4879 ut
1674 4828 1808 4897 oportuit
1816 4843 1878 4883 conr

195 4909 319 4979 minum,
343 4927 429 4983 quem
457 4911 493 4967 ad
522 4912 608 4968 ltaliae
633 4912 826 4985 gubernacula
852 4915 1015 4986 provideret
1064 4914 1358 4970 monentesuthabita
1368 4914 1527 4972 intentione
1540 4916 1738 4991 discederent,
1747 4923 1877 4978 ettaclun

195 5006 266 5076 ipse.
301 5004 387 5076 Cujus
416 5006 632 5062 mansuetudini
662 5007 760 5062 omnia
787 5025 838 5080 per
869 5008 1014 5064 relationis
1064 5010 1195 5062 nostrum
1211 5007 1286 5079 quod
1306 5008 1382 5064 Deus
1403 5008 1592 5082 inspiraverat
1608 5011 1698 5082 juxta
1717 5015 1876 5072 mandatnm

194 5099 308 5169 seriem,
323 5097 397 5154 sicut
417 5115 463 5154 ros
483 5099 627 5172 poscebat,
648 5100 828 5174 ingessimus,
848 5101 1014 5160 intimantes
1063 5101 1201 5172 principis
1213 5117 1271 5157 non
1284 5102 1466 5174 discuterent,
1477 5104 1527 5160 sed
1543 5111 1749 5180 sequerentur,
1760 5109 1876 5166 sicutde

194 5193 281 5249 ctiam
307 5209 383 5266 saepe
415 5193 594 5249 nominatum
626 5211 730 5267 papam
757 5212 809 5268 per
834 5197 941 5265 sedem,
968 5198 1014 5252 cui
1063 5194 1875 5266 oebatliliosEcclesiar,necsubhacintermissionecon

193 5287 376 5359 subjacuerat
390 5304 455 5342 cum
474 5288 541 5357 suis,
558 5289 582 5343 si
595 5289 770 5346 voluntatem
783 5306 881 5346 rursus
894 5291 1014 5348 haberet
1063 5289 1225 5360 tenderent,
1233 5294 1262 5345 et
1269 5295 1428 5348 crescerent
1440 5292 1572 5348 Ecclesia
1585 5292 1873 5372 detrimentaque&

194 5381 329 5449 crerrndi,
343 5379 531 5453 adjudicium
546 5381 632 5438 luisse
645 5382 865 5450 commonitum,
880 5384 929 5439 sed
942 5385 1010 5440 alle·
1062 5384 1198 5455 poscebat
1220 5400 1286 5439 cnm
1304 5384 1488 5443 festinatione
1501 5388 1640 5458 succurri,
1656 5395 1686 5446 et
1699 5391 1788 5448 nobis
1800 5392 1872 5463 huju

193 5490 277 5545 gesse
292 5490 357 5530 eum
371 5491 423 5546 per
436 5475 557 5531 directos
572 5474 721 5548 episcopos
742 5476 885 5532 mandatis
900 5477 1011 5532 canoni·
1062 5477 1223 5546 celeritatis,
1239 5481 1268 5534 et
1289 5479 1365 5535 illius
1386 5479 1557 5538 obedientia
1576 5483 1734 5542 necessitas
1751 5485 1871 5543 imminc-

191 5566 245 5622 bns
259 5567 312 5624 sibi
326 5569 496 5626 concessisse
510 5568 615 5625 ellectu
630 5568 807 5642 purgationis
827 5586 884 5625 suae
897 5571 1010 5627 culmen
1059 5571 1118 5627 bat.
1146 5571 1267 5629 blaxime
1286 5589 1351 5629 cum
1372 5590 1488 5631 omnem
1510 5592 1585 5648 pene
1598 5576 1718 5650 plebem
1738 5581 1870 5638 cernimus

191 5659 326 5718 humiliat
337 5662 453 5734 quantis
466 5663 601 5734 periculis
611 5679 687 5736 pene
698 5678 850 5736 oppressus
861 5663 1008 5721 dominum
1060 5665 1122 5737 ejus
1138 5666 1335 5723 communioni
1355 5667 1605 5727 indissociabiliter
1620 5672 1788 5746 adhesisse,
1800 5674 1869 5746 coa

182 5767 287 5822 regem
296 5753 405 5815 babere
412 5756 491 5831 quod
501 5756 587 5816 vellet
595 5757 718 5815 faciendi
729 5774 759 5814 se
770 5757 1009 5830 interimjustitiae
1060 5775 1111 5814 nos
1126 5776 1184 5816 non
1205 5760 1316 5818 modica
1331 5761 1445 5835 quidem
1461 5780 1528 5820 cura
1540 5765 1721 5837 stimulabat,
1735 5787 1774 5827 ne
1784 5771 1812 5826 in
1824 5769 1867 5822 ati·
