3870 6150
135 264 187 319 ras
282 316 285 321 ,
573 256 715 317 tersus.
734 261 779 318 ab
796 260 876 317 SEC.
897 259 940 315 lx.
956 287 992 301 -
1010 256 1137 315 tarnum
1154 250 1369 315 usucarours
1769 266 1820 320 aas

134 372 214 442 pium
229 368 349 442 paganis
365 367 422 423 tuls
438 366 644 425 sacerdotalem
654 368 685 425 in
696 372 724 425 te
739 385 838 425 curam
852 368 949 443 vigere
959 384 986 459 Α
997 370 1056 435 tur,
1076 383 1113 423 ne
1133 367 1164 422 in
1184 382 1286 423 eorum
1311 369 1453 440 potestate
1475 366 1532 424 sint
1552 368 1651 424 divina
1671 372 1819 441 mysteria,

134 462 283 530 sentimus,
306 461 352 517 cui
372 478 426 517 nos
447 478 562 534 quoque
584 465 724 535 quantum
744 464 881 520 Dominus
900 464 949 519 dat
999 461 1102 533 quibus
1116 461 1147 516 in
1162 461 1248 516 domo
1261 462 1312 518 Dei
1325 461 1527 534 prosaelernm
1541 479 1660 519 suorum
1677 465 1820 536 magnitu-

133 572 216 628 posse
226 571 286 610 non
297 555 443 623 desumus,
453 559 604 612 exorantes
617 555 798 613 dilectionem
813 560 904 629 tuam,
917 563 949 613 ut
999 554 1065 609 dine
1084 571 1137 610 nec
1153 554 1302 611 habitandi
1314 555 1363 626 jus
1379 555 1546 611 residetnec
1558 557 1670 613 orandi.
1683 557 1755 612 Data
1766 559 1818 630 pri

133 649 200 723 quia
222 652 337 722 tempus
355 648 464 705 laboris
480 648 633 706 indicimus
644 650 675 706 in
689 653 789 706 saneta
800 651 948 723 vigilantia
998 647 1044 703 die
1068 647 1133 702 ldus
1154 647 1291 718 Octobris,
1306 648 1492 705 Constantino
1510 653 1539 706 et
1562 649 1657 721 nuno,
1678 650 1747 705 viris
1767 651 1817 706 cla·

133 758 307 815 perseveres,
324 742 414 799 donec
427 743 544 799 dextera
562 743 676 799 Domini
697 744 781 800 iaciat
802 744 947 812 virtutem,
998 740 1116 796 rissimis
1133 741 1305 797 consulibus.

133 839 163 892 et
176 837 228 893 suh
244 836 367 909 pedihus
379 836 510 893 Ecclesiae
531 854 589 892 sue
611 841 740 894 nouerat
762 841 946 896 tentatorem.
1232 835 1318 890 llltlll.
1335 864 1370 876 -
1382 835 1430 891 Aa
1448 836 1578 893 eumdem.

24 939 28 947 '
133 932 302 987 Consolatur
316 930 394 986 euim
412 947 464 987 nos
483 947 537 1003 per
555 931 653 987 omnia
670 936 830 1005 preparata
844 932 947 989 divini·
1033 928 1088 982 l.ro
1103 926 1251 999 opiscopus
1262 931 1423 985 butruntio
1436 929 1581 1004 episeopo.

132 1031 178 1080 tus
194 1024 407 1081 clementissimi
424 1024 561 1098 principis
575 1025 656 1096 tides,
667 1042 752 1099 quem
764 1027 795 1082 in
805 1043 838 1083 oo
850 1044 948 1084 rursus
1033 1020 1110 1076 Licet
1123 1037 1237 1092 sperem
1254 1021 1435 1078 dilectionem
1446 1025 1527 1079 tuam
1539 1024 1575 1080 ad
1586 1040 1677 1081 omne
1688 1041 1759 1098 opus
1769 1025 1813 1082 be

132 1119 205 1174 sicut
220 1118 347 1190 oportuit
370 1135 433 1174 sum
454 1118 619 1175 cohortatus
638 1119 775 1193 alloquio,
791 1123 823 1175 nt
836 1120 946 1195 impiis·
997 1131 1068 1170 mim
1083 1130 1144 1170 emo
1162 1114 1305 1183 (lemtim,
1319 1118 1458 1173 utimum
1468 1116 1744 1175 offimoiortmtiiori
1756 1137 1812 1193 noi·

132 1213 272 1267 simorum
298 1213 443 1268 latronum
464 1211 579 1268 ausibus
599 1212 771 1270 districtiore
792 1215 948 1271 constantia
997 1208 1033 1263 ott
1054 1208 1204 1276 industria,
1227 1213 1257 1264 oi
1279 1209 1333 1265 ¹1⁰0
1353 1226 1515 1284 ootlssmom
1537 1211 1593 1269 fuit
1609 1212 1719 1269 fraires
1739 1230 1811 1270 mont

133 1306 220 1361 faciat
238 1305 356 1374 obviari,
374 1323 446 1378 quos
460 1307 541 1362 neias
557 1311 600 1363 est
617 1310 730 1363 tantum
744 1307 779 1364 de
789 1325 840 1364 suo
851 1309 947 1365 favore
999 1302 1169 1358 Lunensium
1183 1302 1349 1376 episcopum
1365 1307 1395 1359 oi
1413 1304 1547 1360 Rutilium
1559 1305 1773 1379 presbytorum,
1786 1316 1813 1364 nt

134 1399 525 1473 prnsumereutetiamnpud
536 1400 815 1474 Constantinopolim
824 1403 949 1459 audeant
997 1395 1191 1468 promisimus,
1206 1396 1347 1453 destinare
1359 1397 1462 1469 quihus
1480 1405 1530 1455 tua
1551 1398 1670 1456 dilectio
1685 1403 1811 1471 societur,

132 1494 267 1549 insanire.
290 1493 347 1550 Sed
368 1493 422 1549 hoc
445 1493 487 1549 eis
505 1494 571 1550 ideo
585 1493 689 1550 divina
701 1495 887 1567 providentie
900 1513 945 1552 ra·
998 1493 1029 1544 ut
1046 1489 1120 1545 nihil
1139 1489 1168 1545 iu
1188 1489 1233 1544 his
1252 1506 1317 1563 qnae
1331 1490 1367 1546 ad
1385 1490 1551 1549 universalis
1564 1495 1702 1551 necleta
1716 1499 1810 1551 statum

133 1588 212 1644 tione
232 1586 419 1661 permittitur,
432 1592 466 1644 ut
485 1589 579 1660 magis
599 1604 632 1645 ac
657 1589 752 1662 magis
773 1606 831 1662 quo
846 1590 947 1664 spiritu
996 1587 1046 1638 aut
1058 1582 1144 1639 dubie
1163 1583 1307 1656 pertinent
1325 1587 1375 1640 aut
1393 1585 1530 1657 segniter,
1544 1604 1610 1643 cum
1628 1589 1811 1645 residentibus

132 1681 277 1753 agitentur
289 1684 437 1755 appareat,
451 1698 488 1738 ne
508 1681 631 1738 dubitari
644 1682 734 1755 possit
756 1683 787 1739 in
811 1687 946 1756 quantum
996 1675 1077 1733 vobis
1090 1676 1192 1749 quibus
1205 1677 1417 1735 exsecutionem
1437 1684 1542 1736 nostre
1563 1680 1764 1754 dispositionis
1777 1684 1812 1738 in·

132 1778 227 1831 essent
243 1775 390 1831 audaciam
409 1775 584 1848 prorupturi,
606 1776 629 1831 si
651 1780 716 1848 post
735 1776 946 1834 damnationem
957 1764 1144 1842 Btllffiiflmo
1159 1787 1194 1826 oo
1208 1771 1376 1844 pominiossi
1386 1778 1488 1828 comio
1496 1773 1709 1847 moderatione,
1724 1779 1755 1831 ut
1767 1794 1810 1832 nee

131 1868 309 1941 impiissimae
319 1869 436 1925 heresis
446 1867 621 1941 disceptandi
632 1870 825 1927 contrahdem
835 1870 946 1944 accipe·
996 1865 1201 1921 benevolentius
1214 1869 1307 1937 portos
1320 1865 1482 1939 notuoiitioe
1491 1868 1750 1941 mmmmm-‘iod
1758 1871 1811 1926 oie

132 1967 195 2019 rent
208 1965 392 2034 potestatem,
403 1965 435 2018 ut
451 1967 592 2036 quantum
608 1962 639 2020 in
650 1964 720 2036 ipsis
733 1966 786 2035 est,
798 1965 947 2022 latiushoc
997 1974 1053 2030 quo
1062 1974 1251 2031 personarum
1263 1960 1426 2031 acceptione
1439 1960 1568 2017 divinum
1582 1963 1613 2018 in
1630 1964 1811 2036 omnihusju·

130 2056 228 2113 iurore
247 2056 388 2127 sevirent,
409 2073 498 2128 quem
518 2057 622 2113 iratres
640 2061 670 2114 et
683 2058 843 2131 coepiscopi
857 2060 946 2116 nostri
995 2050 1101 2107 ditium
1116 2052 1266 2125 cogitetur·
1284 2053 1366 2118 Quod
1387 2058 1417 2110 ut
1436 2060 1516 2110 moto
1533 2057 1811 2115 obmrmutinmimt

130 2150 181 2222 qui
197 2149 236 2205 ad
255 2166 308 2205 nos
323 2166 418 2222 nuper
433 2166 469 2206 ex
481 2151 595 2223 AEgypti
608 2151 738 2222 partibus
752 2153 905 2225 confugere
917 2170 946 2209 se
996 2145 1133 2201 custodiri
1142 2146 1289 2202 catholice
1299 2147 1431 2219 primitus
1438 2148 1505 2206 tidei
1515 2156 1647 2207 servetur
1656 2152 1809 2226 integritas,

126 2242 280 2314 pertulisse
298 2242 436 2314 deplomt,
450 2242 554 2316 quibm
569 2247 598 2300 et
612 2243 853 2302 christianissimo
866 2245 944 2318 prin-
996 2242 1029 2294 ut
1040 2239 1168 2312 quiaper
1179 2241 1275 2296 omnia
1284 2261 1298 2290 ι
1308 2246 1429 2315 angusta
1439 2243 1566 2299 etardus
1575 2245 1623 2300 via
1635 2249 1681 2301 est
1693 2263 1758 2320 que
1767 2246 1810 2302 du-

131 2336 193 2408 cipe
206 2338 264 2391 eta
278 2339 327 2390 tua
342 2336 521 2392 fraternitate
531 2338 591 2393 Deo
606 2337 711 2410 placita
723 2339 858 2395 charitate
871 2340 945 2396 sola·
995 2333 1034 2388 oii
1043 2333 1080 2388 od
1093 2333 1179 2388 vitom
1199 2333 1306 2406 (Merit.
1320 2351 1369 2402 l¹12
1395 2336 1447 2408 ii),
1467 2359 1481 2388 o
1503 2353 1598 2411 nomm
1612 2339 1645 2395 in
1659 2340 1809 2411 sinistrum,

126 2429 171 2486 tia
184 2429 299 2502 pietatis
319 2430 448 2501 impendi
466 2447 526 2486 non
546 2431 737 2505 ambigerem,
751 2434 837 2489 etiam
848 2433 872 2489 si
884 2433 946 2507 ipse
994 2442 1089 2498 nonne
1114 2427 1150 2483 od
1174 2427 1322 2484 (initorum
1343 2429 1379 2484 nb
1399 2430 1460 2502 nius
1482 2432 1597 2488 immite
1620 2433 1763 2492 devietur.
1782 2438 1810 2494 Et

130 2538 189 2580 nou
210 2522 358 2579 scriberes.
381 2524 582 2596 Opportunum
602 2529 700 2581 autern
723 2526 830 2583 credidi
852 2530 886 2583 nt
908 2528 946 2584 nd
995 2521 1063 2592 quia
1077 2522 1240 2593 evangelica
1252 2525 1281 2578 et
1294 2524 1447 2595 apostolica
1463 2525 1534 2581 tides
1551 2542 1656 2584 omnes
1668 2534 1810 2603 expugnat

128 2617 207 2689 ipsos
221 2632 336 2691 quoque
350 2616 455 2691 scripta
471 2617 625 2692 dirigerem
642 2636 707 2694 que
719 2619 781 2676 illos
794 2620 903 2694 possint
914 2621 945 2677 in
995 2631 1119 2685 errores,
1132 2620 1161 2671 et
1180 2616 1216 2671 ab
1236 2632 1294 2672 unc
1312 2617 1400 2672 latere
1413 2619 1575 2675 Nestorium
1586 2620 1699 2693 dejicit,
1713 2623 1749 2679 ab
1761 2624 1810 2679 alia

128 2711 293 2767 communis
306 2709 374 2767 fidei
388 2712 532 2783 proposito
541 2712 678 2769 roborare
694 2718 724 2770 et
736 2713 814 2787 quod
827 2731 881 2787 pro
893 2730 944 2787 pa·
995 2709 1140 2780 Eutychen
1160 2712 1189 2764 et
1211 2709 1363 2782 participes
1388 2712 1449 2783 eJ'us
1471 2712 1560 2769 elidit.
1583 2715 1665 2772 Hanc
1684 2718 1809 2790 regulam

130 2805 230 2862 tientia
242 2820 294 2861 sua
303 2821 429 2877 superna
438 2805 667 2863 remuneratione
675 2811 945 2881 mereantur,agno·
994 2807 1170 2859 mementote
1185 2803 1363 2872 servandum,
1374 2808 1405 2860 ut
1417 2805 1590 2880 quicumque
1603 2807 1635 2864 in
1649 2809 1701 2866 illa
1709 2811 1809 2883 synodo

127 2903 247 2957 scerent.
264 2899 342 2956 Sicut
357 2898 458 2956 beatus
469 2900 620 2973 Apostolus
631 2900 724 2970 docet,
733 2901 831 2959 dicens
846 2919 853 2958 :
869 2923 884 2953 «
895 2904 945 2959 Ex·
995 2911 1059 2968 que
1072 2912 1178 2952 nomen
1197 2897 1299 2968 synodi
1312 2914 1365 2954 nec
1380 2899 1487 2955 habere
1498 2901 1593 2974 potuit
1608 2918 1662 2958 nec
1677 2912 1807 2973 meretur,

127 2993 213 3068 cipite
226 2994 326 3066 itaque
346 2992 411 3049 illos
429 3009 496 3050 curn
516 2995 623 3066 gaudio
636 2994 667 3051 in
681 2995 812 3065 Domino,
826 3000 855 3052 et
867 2996 942 3069 ejus·
994 2993 1023 3045 oi
1034 2990 1065 3045 in
1079 2991 1371 3064 qoomolomlmtiom
1380 3009 1460 3048 ⁸⁰³1ss
1466 2993 1629 3066 Diomomos
1639 2996 1808 3071 impetitum

128 3088 207 3144 modi
226 3103 293 3144 curu
311 3087 422 3143 honore
439 3087 553 3157 hebete,
567 3088 703 3162 quoniam
725 3092 841 3162 propter
857 3090 944 3148 fldem
994 3088 1091 3140 autem
1103 3085 1247 3141 luvenalis
1260 3086 1392 3155 ostendit,
1407 3086 1505 3144 dolent
1527 3093 1558 3145 ut
1580 3089 1747 3149 dilectionis
1758 3097 1807 3151 tua

126 3179 231 3240 Christi
243 3180 380 3255 usquead
392 3185 518 3238 mortem
534 3187 716 3238 accesserunt
727 3182 836 3256 (Pttttp.
852 3200 883 3256 11,
896 3186 941 3256 29,
994 3178 1133 3235 relatione
1154 3180 1357 3252 comperimus,
1381 3197 1410 3237 se
1431 3185 1510 3238 metu
1534 3183 1624 3240 victos
1651 3192 1683 3244 et
1707 3191 1806 3244 tsrrme

127 3274 182 3351 30).
195 3297 210 3327 »
224 3274 297 3333 illud
311 3291 377 3332 sane
386 3275 544 3348 plurimum
556 3275 630 3332 mihi
642 3275 791 3349 displicere
802 3277 942 3351 significo,
992 3277 1138 3344 superatos
1149 3273 1185 3328 ad
1196 3289 1366 3331 consensum
1376 3276 1565 3332 scelestissimi
1574 3277 1680 3350 judicii
1691 3281 1806 3354 potuisse

127 3368 205 3443 quod
221 3367 297 3427 inter
311 3368 472 3426 dilectionis
489 3373 546 3425 tue
565 3368 683 3426 clericos
695 3370 814 3445 quidam
825 3387 885 3429 esse
898 3372 942 3429 di-
993 3366 1137 3438 compelli,
1146 3371 1175 3423 et
1189 3368 1420 3426 communionem
1436 3370 1611 3449 catholicam
1624 3373 1757 3433 obtinere
1766 3376 1806 3433 de

127 3467 242 3532 cuntur,
260 3462 310 3536 qui
331 3461 559 3519 adversariorum
572 3462 746 3521 conniveant
759 3465 900 3537 pravitati,
914 3473 944 3523 et
993 3459 1118 3517 siderant
1127 3461 1314 3518 satisfactioni
1324 3479 1424 3519 eorum
1438 3481 1494 3536 pax
1506 3466 1635 3524 fraterna
1646 3473 1803 3541 prestetur,

127 3572 194 3613 vasa
219 3557 270 3613 irre
294 3556 369 3613 vasis
392 3555 597 3614 misericordie
625 3557 809 3616 misceantur.
835 3559 944 3626 Quibus
992 3553 1032 3611 ita
1049 3558 1082 3611 ut
1098 3570 1158 3610 uun
1176 3555 1270 3612 dubiis
1283 3557 1506 3630 professionibus
1518 3561 1669 3634 Eutychen
1683 3581 1804 3622 cumeae

125 3649 330 3724 investigandis
349 3653 379 3707 et
397 3650 547 3707 ”sauhte
568 3666 694 3723 congrua
714 3653 879 3710 coercendis
892 3653 941 3712 de·
993 3647 1127 3721 dogmate
1145 3665 1270 3723 olimque
1288 3652 1466 3708 consortibus
1483 3653 1541 3709 mit
1555 3657 1754 3716 mathematis
1765 3675 1803 3716 ax·

125 3744 174 3802 bet
187 3744 335 3818 diligentia
348 3743 499 3819 vigilanter
513 3745 652 3803 insistere.
671 3748 713 3802 lta
730 3751 763 3803 ut
782 3744 876 3821 197
897 3748 943 3805 his
992 3743 1151 3801 sacratione
1171 3745 1374 3802 condemnent.
1396 3747 1435 3802 lle
1456 3747 1500 3803 his
1516 3750 1616 3805 autem
1635 3752 1691 3824 qui
1709 3753 1739 3809 in
1757 3754 1803 3811 has

125 3840 228 3913 quibus
243 3839 381 3912 prodesse
393 3855 453 3895 non
464 3838 592 3912 potuerit
603 3839 753 3911 corroetio,
774 3858 833 3898 nou
846 3847 944 3914 parcat
991 3852 1076 3892 onuaa
1089 3837 1201 3909 gravius
1213 3853 1375 3910 peccarem,
1396 3842 1426 3896 et
1439 3839 1475 3897 ob
1489 3841 1543 3898 hoc
1559 3845 1743 3917 superiorem
1756 3847 1801 3904 sibi

125 3933 266 3990 abscissio.
290 3932 424 4007 oportuit
444 3933 551 3989 etenim
577 3950 631 3990 nos
655 3934 813 4007 evangelici
838 3936 940 3992 memi-
990 3929 1085 3986 locum
1097 3930 1127 3986 in
1143 3931 1243 3987 eadem
1257 3931 1362 3989 infelici
1378 3933 1487 4006 synodo
1503 3935 1701 4011 vindicarunt,
1714 3947 1748 3998 ut
1758 3942 1802 3998 hu·

125 4028 200 4084 nisse
220 4026 361 4096 mandati,
374 4026 452 4101 quod
471 4026 534 4099 ipsa
551 4027 676 4084 veritate
690 4028 866 4100 precipitur,
882 4034 943 4086 «ut
991 4023 1136 4080 miliorum
1162 4025 1285 4082 fratrum
1311 4026 1523 4101 simplicitatem
1548 4035 1729 4106 arrogantie
1751 4050 1801 4091 sua

125 4121 148 4177 si
160 4137 214 4176 nos
226 4120 334 4189 oculus,
348 4123 397 4175 aut
417 4136 479 4192 pes,
499 4123 551 4177 aut
570 4120 685 4177 dextera
699 4121 940 4193 scandalizaverit,
990 4117 1163 4190 prejudiciis
1188 4125 1389 4193 aggravarent,
1410 4122 1432 4177 si
1458 4122 1531 4181 torte
1552 4126 1730 4200 resipiscunt
1746 4133 1800 4186 eta

126 4228 229 4270 manus
241 4229 258 4268 a
271 4229 409 4285 compage
429 4213 557 4285 corporis
575 4213 722 4270 auferatur
739 4215 849 4287 (llattlr.
860 4232 940 4286 xvru,
990 4212 1057 4268 iacti
1079 4212 1123 4269 sui
1145 4212 1310 4272 defensione
1324 4220 1466 4273 cessantes
1485 4218 1516 4273 iu
1535 4220 1798 4282 condemnationem

125 4309 163 4380 8),
185 4326 200 4360 s
220 4306 287 4379 quia
307 4305 410 4362 melius
430 4305 467 4362 sit
486 4306 531 4361 his
549 4306 580 4363 in
599 4306 723 4364 Ecclesia
738 4323 834 4365 carere
847 4326 939 4366 mem·
990 4306 1099 4380 proprii
1109 4310 1798 4381 convertunturerroris,hommsisahsfactiotalis

124 4401 194 4472 bris,
206 4416 294 4474 quam
313 4415 381 4456 curn
395 4398 465 4472 ipsis
483 4399 513 4454 iu
531 4402 640 4456 esterna
651 4401 693 4457 ire
706 4401 855 4475 supplicia.
869 4405 941 4461 llam
990 4400 1111 4470 accedit,
1122 4417 1187 4475 qua·
1206 4419 1264 4459 non
1285 4404 1434 4462 refutanda
1446 4405 1588 4480 videatur,
1601 4411 1798 4470 maturioribus

124 4496 266 4570 snperllue
286 4500 366 4551 extra
390 4493 545 4550 Ecclesiam
563 4493 662 4568 positis
685 4496 853 4567 resistimus,
868 4497 891 4555 si
904 4495 1151 4589 abpapostolicre
1166 4496 1248 4553 Sedis
1260 4497 1385 4554 conciliis
1397 4506 1565 4572 reservetur,
1584 4508 1620 4559 ut
1637 4506 1797 4563 examinati

124 4591 169 4648 his
182 4590 232 4664 qui
244 4591 280 4646 ab
296 4588 373 4646 intus
386 4590 453 4646 sunt
472 4587 501 4644 in
522 4589 563 4645 eis
583 4605 654 4662 quos
676 4590 823 4664 decipiunt
838 4592 938 4650 valne-
990 4589 1214 4662 omnibusatque
1224 4592 1370 4664 perpensis
1378 4593 1413 4649 de
1422 4592 1490 4666 ipsis
1502 4611 1605 4653 eorum
1612 4600 1796 4671 agutuemtu

123 4699 231 4740 ramur.
242 4683 408 4756 dhjicieuda
420 4699 536 4755 prorsus
553 4683 689 4756 pestilera
701 4685 763 4741 hec
773 4686 939 4743 sacerdotali
988 4682 1056 4756 quid
1078 4683 1211 4740 constitui
1233 4685 1332 4742 debeat
1360 4687 1525 4745 estimetur.
1553 4691 1656 4765 ltaque
1680 4693 1793 4768 primia

123 4779 222 4851 vigore
242 4777 380 4850 patientia
404 4780 457 4847 est,
472 4793 537 4849 que
551 4777 665 4834 sibimet
678 4779 801 4850 peccatis
815 4779 938 4836 aliorum
989 4776 1121 4848 Ecclesia,
1130 4777 1174 4833 cui
1184 4782 1210 4834 te
1220 4779 1359 4835 Dominus
1370 4781 1625 4856 voluitpresidera
1637 4789 1792 4864 cujusquam

123 4871 267 4945 parcendo
279 4887 338 4927 non
352 4871 451 4943 parcit.
468 4870 548 4927 Sicut
562 4871 622 4926 lleli
640 4871 786 4943 quondam
808 4874 939 4932 sacerdos
988 4869 1097 4941 uuum,
1120 4874 1151 4928 ut
1171 4876 1239 4929 ante
1257 4874 1321 4946 jam
1343 4874 1519 4948 scripsimus,
1531 4893 1642 4936 nomen
1662 4883 1701 4939 ad
1720 4883 1791 4939 durs
1845 4912 1847 4919 ·

121 4965 248 5023 filiorum
256 4980 376 5021 suonam
388 4964 490 5020 delicta
502 4964 661 5037 tolerando,
673 4982 738 5023 cum
752 4966 820 5039 ipsis
836 4967 938 5025 divine
988 4963 1131 5036 recitetur,
1145 4966 1361 5040 quamquidde
1376 4968 1418 5025 eis
1432 4970 1565 5027 constitui
1581 4973 1697 5047 debeat,
1710 4989 1791 5034 rervm
1845 4958 1847 4975 Ι

120 5060 240 5135 justitie
257 5058 430 5115 sententiam
448 5058 554 5116 meruit
567 5059 701 5132 experiri,
715 5061 784 5134 quia
797 5061 880 5134 segni
892 5063 937 5117 iu·
988 5062 1285 5130 processmostendat.
1301 5063 1339 5118 ne
1353 5064 1572 5122 commonitorio
1587 5068 1791 5128 vessanensis

123 5151 465 5227 dulgentiadissimulavit
473 5151 597 5223 plectere
609 5156 779 5225 peccatores.
791 5154 938 5220 Quantum
987 5153 1147 5210 dilectionis
1174 5158 1230 5212 tuas
1250 5156 1332 5213 nobis
1354 5157 1448 5214 oblato
1467 5162 1669 5222 necessarium
1682 5182 1741 5223 non
1752 5161 1792 5221 tait

121 5249 217 5322 itaque
240 5245 439 5320 opportunitas
459 5245 563 5307 invitat
582 5245 666 5303 officii
689 5246 937 5319 religiosissimum
988 5247 1113 5320 epistolis
1132 5249 1201 5321 quid
1216 5249 1510 5322 videreturinserera,
1525 5270 1595 5312 cum
1608 5256 1792 5317 sustineretis

120 5341 281 5416 principem
301 5339 414 5397 dilectio
432 5345 482 5396 tua
500 5339 613 5397 studeat
630 5341 823 5414 frequentare,
839 5347 867 5399 et
879 5360 938 5400 non
987 5341 1061 5414 gatis
1074 5346 1176 5398 cuncta
1186 5344 1336 5414 committi,
1347 5351 1791 5419 quorumsermoneaxnmnibm

120 5438 213 5494 solum
229 5435 351 5508 regiam,
368 5434 417 5490 sed
435 5438 463 5490 et
483 5434 687 5492 sacerdotalem
701 5435 790 5508 ipsius
808 5442 937 5495 mentem
986 5435 1150 5509 diligentius
1185 5438 1376 5497 instruereris.
1413 5441 1550 5500 annitere
1590 5444 1692 5520 igitur,
1721 5448 1791 5506 hate

121 5530 252 5601 precibus
264 5528 336 5586 meis
348 5528 498 5587 obsecrare
509 5527 637 5601 persiste,
646 5533 679 5584 ut
691 5546 938 5588 memorcommu·
986 5529 1160 5601 charissime,
1171 5537 1204 5589 ut
1219 5550 1283 5607 que
1298 5534 1432 5591 Ecclesia
1446 5536 1496 5594 liei
1506 5546 1675 5613 conmuni
1686 5541 1790 5600 fideliter

121 5622 164 5678 nis
183 5623 250 5680 ildei
271 5640 358 5697 quam
377 5620 483 5695 Spiritu
501 5624 599 5677 sancto
616 5621 736 5680 docente
748 5625 935 5698 suscepimus,
985 5630 1016 5682 et
1026 5624 1177 5684 efficaciter
1190 5643 1257 5684 cum
1271 5627 1316 5684 his
1327 5628 1471 5700 tratribus,
1490 5647 1564 5705 qaas
1578 5636 1671 5693 tanta
1685 5637 1728 5694 rai
1738 5634 1787 5693 ito·

120 5717 249 5772 omnium
279 5716 483 5773 hereticorum
508 5715 740 5776 machinamenta
762 5719 935 5792 confringat,
985 5732 1057 5776 neos
1067 5723 1197 5777 auctores
1208 5721 1358 5795 elegimus,
1369 5723 1544 5798 exsequaris,
1559 5728 1787 5802 praemuniam

121 5821 212 5883 nepe
222 5808 377 5884 quidquam
388 5807 444 5865 illis
453 5809 484 5867 in
497 5809 621 5867 ecclesiis
631 5809 735 5867 Christi
749 5810 834 5869 licere
843 5811 934 5886 prtia·
984 5813 1045 5888 ipsa
1064 5828 1113 5871 ros
1132 5831 1223 5872 cause
1238 5813 1321 5885 ratio,
1335 5832 1457 5890 spesque
1472 5816 1566 5879 divini
1584 5821 1686 5883 aam'lli
1698 5823 1785 5883 sabae
