3870 6150
123 269 174 329 433
566 275 707 332 dPl‘h'Nl).
727 278 771 332 Ab
791 277 871 332 SAEC.
892 277 987 332 31.-
1007 276 1129 332 lSlllttRl
1148 276 1361 334 uuacaroms

123 379 289 450 necaverit,
318 398 336 437 a
362 381 556 439 sacerdotibus
585 384 630 438 sel
655 382 799 455 judicibus
828 383 943 440 distrin·
952 384 1174 473 Asanctionum
1186 384 1320 441 obediens
1341 386 1508 444 observator
1529 403 1591 445 essa
1609 386 1686 466 uolui

124 479 218 548 gatar,
235 476 311 548 quod
323 477 410 532 semel
423 476 452 531 iu
465 492 542 533 anno
553 478 589 532 ad
603 477 755 533 concilium
770 477 940 547 sacerdotes,
992 478 1082 549 perba
1094 478 1187 533 fronte
1201 480 1345 551 maiorum
1359 482 1471 537 statutis
1481 499 1686 554 repugnaus‚s

125 573 153 626 et
163 570 282 640 judices,
297 575 383 643 atque
402 574 512 627 actores
531 571 699 643 patrimonii
711 569 805 627 nostri
818 572 943 626 debcant
993 589 1055 643 pus,
1068 572 1226 644 presbyter,
1236 572 1381 644 diaconus,
1390 579 1439 630 aut
1448 575 1569 632 clericus
1576 577 1686 645 fueriti

123 664 275 720 convenire
296 665 375 736 quod
389 665 570 720 ecclesiarum
585 665 715 721 omnium
739 681 824 720 causa
837 664 872 720 ad
885 665 943 735 epi·
992 665 1112 721 concilio
1126 667 1584 740 excommunicationisubiaceat,
1603 670 1626 725 si
1640 687 1686 727 uer

124 758 202 830 scopi
225 757 435 815 ordinationem
459 759 606 831 pertinere
624 759 734 828 debeat,
754 759 831 831 quod
852 775 943 814 sacer·
991 759 1087 825 fuerit,
1098 764 1126 814 ct
1134 759 1306 815 honestioris
1315 760 1370 816 loci
1380 778 1501 833 persona
1511 763 1610 833 fuerit,
1625 764 1686 821 med

124 852 207 908 dotes
232 852 415 907 moderanter
441 868 529 924 agere
551 851 673 908 debeant
699 869 750 923 per
781 852 940 925 parochias,
991 852 1159 908 facultatum
1173 854 1686 929 suarumamittatliscijurihusproit

125 945 204 1018 quod
228 946 302 1000 servi
322 946 448 1002 ccclesia
469 947 525 1002 sive
546 945 717 1002 clericorum
737 962 796 1001 uon
818 946 942 1002 debeant
991 945 1018 1002 si
1034 961 1099 1001 vero
1114 945 1233 1002 minoris
1249 947 1303 1002 loci
1322 964 1444 1020 persona
1465 954 1508 1004 est
1530 950 1685 1007 amissione

126 1037 414 1094 anostrisactoribus
433 1039 462 1095 iu
484 1040 601 1112 angaria
614 1041 708 1112 aliqua
726 1039 848 1112 fatigari.
861 1038 941 1103 Quod
990 1056 1106 1095 suarum
1133 1039 1269 1096 multatus
1291 1041 1322 1096 iu
1351 1042 1481 1098 exsilium
1505 1044 1667 1115 deputetur.

125 1133 327 1205 religiosorum
341 1150 461 1205 corpora
469 1150 534 1189 cum
542 1134 658 1205 hymnis
666 1133 818 1190 etcanticis
827 1136 940 1188 tautum
991 1134 1170 1190 Rcccaredus
1193 1150 1245 1189 rex
1270 1134 1343 1190 hauc
1364 1135 1604 1194 deliberationem
1628 1154 1685 1211 qua

126 1226 282 1282 deferenda
302 1227 359 1283 sint
380 1227 416 1282 ad
437 1227 575 1299 sepulcra.
599 1227 680 1293 Quod
699 1226 890 1282 Ballimathiae
913 1228 942 1281 et
991 1229 1090 1281 sancta
1111 1226 1293 1283 definivimus
1317 1229 1427 1300 synodo
1450 1230 1625 1286 confirmans
1644 1231 1686 1287 sul

16 1340 21 1349 ’
125 1321 219 1392 turpia
233 1321 343 1377 cantica
356 1321 536 1394 prohibenda
561 1339 578 1376 a
600 1326 764 1377 sanctorum
783 1320 940 1376 solemniis.
992 1322 1123 1375 htausona
1135 1321 1164 1375 in
1178 1321 1283 1378 Christi
1295 1324 1414 1378 nonrine
1425 1324 1552 1379 ecclesia
1562 1325 1686 1381 catholic

125 1416 179 1470 llas
194 1432 292 1471 omnes
310 1415 526 1471 constitutiones
548 1414 749 1471 ecclesiasticas
774 1431 844 1487 quas
868 1430 942 1468 sum·
991 1415 1115 1470 recensis
1129 1416 1527 1489 metropolitanusepiscopos
1539 1419 1686 1489 provincia

30 1562 32 1571 ,
126 1510 419 1583 matimbreviterque
433 1507 652 1582 perstrinximus
673 1508 756 1582 (sicut
775 1507 887 1581 plenius
911 1508 941 1562 iu
990 1508 1046 1563 nita
1070 1508 1115 1563 his
1133 1509 1383 1565 constitutionibus
1405 1511 1507 1582 quibus
1528 1511 1558 1566 in
1582 1512 1686 1568 urbel

125 1619 232 1659 canone
255 1603 455 1673 continentur)
497 1618 616 1658 manere
640 1602 763 1674 perenni
789 1601 941 1658 stabilitate
990 1601 1117 1670 interfui,
1136 1619 1225 1657 mauu
1237 1619 1304 1658 mea
1316 1601 1478 1676 subscripsi.
1495 1605 1631 1662 Similiter
1644 1608 1686 1662 311

126 1697 276 1754 sancimus.
299 1697 413 1770 siquis
436 1697 554 1753 clericus
577 1714 647 1770 crgo
666 1700 716 1752 aut
739 1695 825 1753 laicus
837 1697 941 1752 harum
991 1696 1070 1767 scopi
1084 1696 1322 1768 subscripserunt.

463 1945 663 2013 lNClPlUNT
684 1945 882 2013 CAPITULA
903 1944 1071 2012 CONCILII
1092 1943 1241 2024 Quanti
1263 1942 1470 2010 TOLETANI.

164 2077 188 2130 1.
204 2075 243 2131 lte
255 2074 383 2132 oratione
401 2079 429 2131 et
450 2076 515 2131 ildei
535 2076 711 2133 confessione
723 2093 788 2149 quae
800 2075 830 2133 in
844 2079 979 2158 sanctaB
1028 2075 1071 2128 19.
1085 2072 1165 2138 Quod
1180 2072 1210 2127 in
1224 2074 1313 2128 veteri
1332 2075 1396 2145 lege
1409 2073 1445 2128 ab
1459 2088 1535 2129 anuo
1550 2073 1686 2146 vigesimo

126 2167 176 2222 Dei
191 2168 313 2224 Ecclesia
326 2169 505 2241 praedicatur.
991 2165 1086 2221 levita
1101 2166 1229 2222 ordinari
1243 2167 1424 2223 mandantur.

161 2268 188 2320 2.
205 2263 287 2318 Nulla
301 2280 377 2336 pene
390 2279 435 2319 res
449 2263 542 2335 magis
557 2264 714 2335 disciplina.
727 2279 822 2320 mores
836 2264 872 2319 ab
887 2265 942 2319 Ec·
1027 2262 1071 2315 211.
1099 2260 1180 2326 Quod
1205 2261 1364 2317 sacerdotes
1392 2261 1441 2316 liei
1467 2260 1686 2333 irreprehensibi

126 2357 209 2413 clesia
230 2356 332 2413 Christi
354 2356 471 2429 depulit,
499 2373 587 2429 quam
607 2356 768 2413 inordinata
792 2356 942 2414 diversitas
993 2352 1107 2409 debent.

127 2450 222 2507 officii.
1028 2450 1073 2503 21.
1089 2447 1172 2513 Quod
1184 2448 1260 2519 apud
1272 2448 1360 2503 Deum
1368 2449 1574 2505 conscientiam
1584 2465 1686 2521 puram

161 2549 188 2603 3.
200 2548 239 2601 113
252 2544 377 2601 formula
389 2545 549 2602 secundum
562 2562 649 2619 quam
670 2545 771 2602 debeat
785 2548 882 2602 sancte
896 2563 941 2619 sy·
992 2541 1126 2597 homines
1140 2543 1247 2597 lamam
1265 2542 1403 2613 optimam
1418 2559 1470 2598 nos
1484 2543 1591 2598 habere
1603 2545 1686 2615 oport

125 2639 217 2696 nodus
231 2639 261 2695 in
270 2639 321 2695 Dei
334 2639 450 2695 nomino
463 2641 535 2696 fleri.
1027 2634 1071 2687 22.
1087 2630 1340 2696 Quemadmodum
1354 2631 1495 2687 antistites
1510 2632 1549 2688 ita
1556 2632 1686 2705 presbyt!

160 2735 187 2788 4.
201 2735 231 2789 ln
246 2733 424 2789 solemnitate
439 2733 562 2805 paschali
577 2733 700 2806 qualiter
713 2734 784 2790 solat
797 2733 828 2790 in
844 2733 944 2807 llispa-
993 2725 1057 2780 vitae
1069 2725 1141 2781 Sicut
1154 2725 1282 2793 nomine,
1304 2725 1345 2780 sta
1367 2728 1396 2781 Θῐ
1417 2725 1527 2781 merim
1546 2727 1638 2782 Vitam
1651 2728 1686 2784 tel

125 2826 181 2882 niis
194 2826 314 2881 33113133
330 2827 461 2882 existere.
992 2817 1188 2876 testimonium
1204 2819 1279 2875 vita.

162 2923 187 2974 5.
202 2920 242 2975 lla
256 2919 388 2990 baptismi
398 2923 591 2976 sacramento.
1029 2916 1074 2970 23.
1087 2913 1170 2977 Quod
1185 2930 1276 2985 prona
1288 2913 1324 2970 sit
1337 2914 1430 2971 omnis
1442 2919 1511 2970 aetas
1525 2915 1560 2970 ab
1575 2915 1686 2973 adalae

162 3016 187 3068 3.
203 3011 400 3085 Comperimus
422 3014 500 3084 quod
522 3029 574 3086 per
597 3013 748 3069 nonnullas
767 3014 900 3071 ecclesias
913 3015 943 3071 in
992 3008 1113 3064 malum·

126 3106 171 3162 die
181 3109 269 3162 sexta
279 3107 358 3163 feria
372 3106 509 3178 passionis
520 3106 633 3162 Domini
646 3107 747 3163 clausis
761 3108 942 3164 basilicarum
1027 3102 1072 3157 24·
1087 3101 1166 3166 Qu⁰d
1179 3102 1304 3158 maxime
1317 3102 1347 3157 in
1363 3102 1560 3159 sacerdotibus
1573 3104 1625 3160 Dei
1643 3104 1686 3160 vit

126 3200 233 3255 loribus
247 3217 304 3255 non
317 3200 476 3256 celebretur
490 3200 625 3256 officium.
993 3210 1123 3251 errorum
1136 3195 1307 3267 ignorantia.

161 3299 187 3350 7.
202 3293 323 3360 Quidam
338 3294 367 3350 in
381 3294 427 3350 die
440 3294 571 3365 ejusdem
585 3294 735 3351 dominica
754 3295 893 3369 passionis
906 3296 943 3351 ad
1028 3292 1073 3345 25.
1088 3290 1128 3344 De
1141 3289 1314 3361 presbyteris
1336 3291 1532 3363 parochitanis
1547 3292 1616 3347 dum
1639 3291 1686 3349 ord

126 3388 228 3444 horam
244 3404 351 3444 nouam
363 3387 508 3459 jejunium
522 3389 644 3443 solvunt.
992 3382 1070 3456 quod
1095 3383 1223 3440 libellum
1242 3383 1393 3441 officialem
1410 3402 1428 3441 a
1445 3387 1591 3443 sacerdote
1609 3402 1662 3443 suo
1679 3403 1686 3443 1

161 3486 187 3538 8.
203 3483 329 3537 Lucerna
344 3485 374 3537 et
388 3497 485 3537 cereus
499 3480 573 3536 inira
586 3482 695 3554 vigilias
711 3483 786 3555 apud
803 3483 942 3556 quasdam
953 3456 980 3532 C
993 3476 1107 3532 debent·

126 3575 256 3631 ecclesias
269 3591 327 3631 non
340 3575 560 3643 benedicuntur,
575 3577 605 3630 et
617 3592 668 3631 cur
691 3593 708 3632 a
729 3575 812 3632 nobis
830 3575 944 3631 benedi·
1027 3573 1073 3627 26.
1088 3570 1207 3636 Quando
1221 3572 1391 3644 presbyteri,
1405 3576 1454 3629 aut
1475 3572 1589 3630 diaconi
1607 3575 1639 3630 in
1660 3591 1686 3648 pr

125 3671 236 3737 cantur,
250 3668 409 3740 inquirunt.
993 3664 1212 3733 constituuntur,
1243 3669 1354 3738 oportet
1375 3682 1422 3722 eos
1447 3667 1653 3740 professionem
1675 3684 1686 3724 3

160 3766 187 3818 11.
202 3761 334 3818 Nonnulli
345 3761 525 3818 sacerdotum
538 3780 590 3835 per
603 3763 748 3835 Hispanias
761 3764 944 3837 reperiuntur
994 3774 1044 3813 suo
1057 3759 1162 3815 lacero.

126 3856 176 3929 qui
191 3845 365 3912 Dominicam
378 3856 534 3912 orationem
548 3873 636 3929 quam
651 3856 772 3912 salvator
789 3859 886 3913 noster
898 3857 945 3911 do
1028 3855 1073 3907 27.
1088 3851 1116 3907 Si
1128 3852 1288 3926 episcopus,
1300 3854 1461 3925 presbyter,
1474 3854 1621 3925 diaconus,
1632 3863 1683 3914 aut

124 3951 182 4006 cuit
195 3955 223 4006 et
237 3949 374 4022 pracepit
387 3966 445 4005 non
456 3950 593 4022 quotidie,
604 3949 654 4006 sed
666 3953 778 4006 tautum
789 3949 837 4005 die
849 3950 945 4005 Domi·
993 3961 1081 4000 conus
1095 3961 1112 4000 a
1125 3946 1216 4018 gradu
1229 3963 1280 4002 suo
1292 3947 1397 4019 dejecti
1412 3949 1529 4019 fuerint,
1543 3956 1573 4004 et
1586 3950 1617 4006 in
1631 3966 1686 4008 seor

128 4043 312 4099 nicodicunt.
994 4038 1070 4093 nodo
1103 4039 1271 4096 innocentes
1294 4041 1490 4110 inveniantur,
1511 4044 1633 4114 qualiter
1650 4060 1686 4102 ra

163 4140 206 4191 lt).
221 4135 302 4200 Quod
315 4136 478 4192 sacerdotes
491 4136 632 4208 llispauiae
646 4135 747 4191 diebm
760 4136 942 4208 quadragesi·
992 4132 1090 4187 beant.

126 4245 181 4283 11113
195 4227 309 4283 alleluia
323 4228 483 4285 decantent.
1027 4229 1073 4282 28.
1087 4226 1117 4283 Si
1130 4228 1289 4302 episcopus,
1303 4230 1462 4302 presbyter,
1483 4247 1531 4287 seu
1549 4232 1686 4290 diaeonus

164 4325 206 4376 11.
221 4321 301 4386 Quod
317 4320 346 4375 in
356 4322 528 4392 quibusdam
539 4322 737 4395 Hispaniarum
747 4322 872 4380 ecclesiis
884 4322 943 4379 lau·
992 4320 1091 4376 ordine
1104 4323 1273 4378 clericorum
1290 4339 1400 4395 magos,
1414 4325 1570 4396 aruspices,
1586 4327 1686 4385 ariam

126 4415 176 4471 des
189 4417 252 4487 post
265 4415 431 4486 Apostolum
447 4415 607 4472 decantent.
993 4415 1093 4470 resset
1104 4416 1255 4488 sortilegos
1268 4419 1416 4473 consulere
1432 4418 1539 4474 luerint
1551 4420 1686 4493 deprehet

162 4513 204 4565 12.
220 4511 259 4564 De
272 4508 387 4579 hymnis
401 4509 489 4565 etiarn
504 4511 652 4567 canendis.
992 4507 1028 4563 de
1040 4508 1079 4563 eis
1091 4511 1238 4579 agendum
1251 4511 1295 4566 sit.

162 4605 253 4659 13113
267 4603 374 4674 hymno
381 4619 496 4675 quoque
506 4602 592 4658 trium
606 4620 763 4676 puerorum
772 4605 802 4661 in
812 4621 870 4677 quo
880 4604 942 4659 uni·
1028 4605 1074 4657 29.
1090 4603 1266 4660 Contiuitimi
1287 4605 1413 4661 hostium
1435 4607 1599 4664 sacerdotes
1621 4625 1686 4683 prop

124 4713 205 4752 versa
217 4696 280 4751 coeli
290 4699 432 4768 terraque
447 4699 578 4751 creatura
591 4698 680 4752 Deum
693 4698 847 4754 collaudat.
993 4695 1042 4767 qui
1058 4697 1166 4768 aragia
1176 4701 1317 4770 potestate
1330 4699 1473 4756 licentiam
1487 4702 1686 4775 acceperintiu

161 4791 204 4845 11.
220 4789 300 4855 Quod
323 4790 352 4845 in
374 4790 461 4845 tinem
483 4791 656 4861 psalmorum
678 4808 736 4847 non
762 4792 836 4846 sicut
849 4808 866 4846 a
879 4792 942 4864 qui·
993 4789 1153 4846 mundandi
1168 4794 1243 4847 sunt.

124 4882 243 4938 busdam
258 4882 347 4954 gloria
361 4882 447 4953 Patri,
471 4884 521 4939 sed
541 4883 634 4941 honor
651 4888 681 4941 et
696 4885 788 4957 gloria
809 4885 885 4941 Patri
900 4884 941 4941 di·
1029 4887 1073 4940 30.
1087 4885 1167 4949 Quod
1179 4901 1254 4957 sape
1270 4885 1413 4958 principes
1434 4892 1533 4945 contra
1556 4890 1685 4961 quoslibe

125 4979 214 5031 catur.
992 4977 1071 5033 statis
1096 4977 1234 5035 obnoxios
1258 4980 1452 5037 sacerdotibus
1471 4999 1521 5039 sua
1540 4985 1686 5057 negotiac

162 5073 205 5125 15.
219 5069 293 5125 Sunt
310 5069 428 5142 quidam
440 5069 491 5142 qui
509 5068 538 5125 in
552 5070 610 5127 line
624 5071 872 5143 responsoriorum
885 5075 943 5145 glo·
992 5074 1066 5128 tunt.

125 5163 270 5218 riamnon
286 5164 395 5219 dicunt.
806 5213 809 5218 .
1027 5169 1071 5222 31.
1094 5168 1129 5222 Ut
1151 5165 1279 5239 episcopi
1304 5167 1334 5222 iu
1361 5170 1547 5242 protegendis
1572 5174 1684 5246 populis

135 5260 137 5263 ’
163 5263 205 5316 16.
222 5260 262 5315 lle
275 5259 444 5331 Apocalypsi
468 5260 550 5330 libro,
573 5265 607 5318 ut
628 5267 769 5333 teneatur,
785 5266 814 5317 et
828 5263 943 5333 quando
990 5261 1141 5317 tondendis
1154 5260 1317 5334 impositam
1338 5278 1355 5317 a
1373 5263 1432 5319 Deo
1450 5263 1503 5319 sibi
1523 5282 1625 5323 curam
1647 5285 1686 5325 nor

125 5354 247 5426 legatur.
991 5359 1069 5426 gant.

161 5450 202 5503 17.
219 5447 299 5512 Quod
309 5447 429 5519 quidem
445 5448 604 5506 sacerdotes
618 5465 676 5505 nou
696 5448 750 5505 rita
762 5452 826 5520 post
837 5449 941 5506 dictam
1026 5450 1070 5503 32.
1086 5448 1165 5513 Quod
1180 5451 1298 5507 avaritia
1313 5452 1397 5508 radix
1415 5458 1585 5511 cunctorum
1598 5456 1686 5513 mator

123 5541 283 5597 orationem
310 5542 488 5599 Dominicam
515 5543 611 5598 statim
640 5540 877 5611 communicant,
913 5548 942 5599 31
991 5558 1113 5613 quorum
1127 5544 1306 5600 sacerdotum
1322 5549 1579 5606 mentesobtiueat.

122 5640 219 5704 postea
231 5635 462 5693 benedictionem
477 5637 508 5691 in
520 5635 626 5708 populo
639 5635 716 5691 daut.
1027 5638 1071 5691 33.
1087 5637 1253 5711 Quicunque
1267 5640 1417 5713 episcopus
1432 5642 1550 5699 alterius
1561 5644 1686 5719 episcopi

159 5728 201 5782 111.
215 5728 296 5792 Quod
319 5730 478 5802 peruiciosa
499 5729 674 5787 consuetudo
699 5747 881 5806 nequaquam
899 5737 941 5789 est
991 5728 1046 5784 sim
1068 5746 1118 5801 per
1137 5731 1255 5802 triginta
1276 5749 1365 5788 annos
1386 5735 1447 5792 sine
1468 5737 1566 5811 aliqua
1579 5736 1686 5817 interpr

120 5817 279 5876 retinenda.
352 5872 356 5876 ,
746 5878 750 5883 ,
989 5823 1158 5900 possederit,
1172 5828 1203 5881 ut
1216 5828 1400 5886 1333313331.
