3870 6150
123 256 185 312 ιιιι
309 217 313 224 ’
570 242 1359 304 sepenumero.rx.-1svuoa1uanear0n1s
1742 241 1793 294 vva
1845 211 1850 219 ’

121 361 267 419 hensihilis
281 360 386 430 erupit,
397 364 501 415 utcunr
512 362 637 413 rectores
650 356 711 427 ejus
720 354 884 427 patrimonii
895 369 939 407 ur-
950 368 980 439 A
990 368 1053 407 mus
1066 351 1101 407 ad
1115 351 1320 421 omnipotentis
1332 349 1381 406 [tei
1394 348 1540 404 servitium
1564 345 1718 413 festinare,
1731 350 1760 401 ut
1769 346 1795 400 ah

121 456 196 511 bana
208 453 253 509 vel
267 452 372 508 rustica
393 451 502 524 pradia
517 449 584 522 jura
605 449 660 504 illis
679 452 843 520 competere
858 462 939 518 posse
990 446 1120 501 bumana
1135 444 1269 500 servitute
1290 443 1374 500 liberi
1387 443 1418 498 in
1431 441 1528 497 divino
1548 438 1691 512 mysterio
1703 439 1797 495 valant

121 547 311 620 suspicantur,
330 545 419 601 fiscali
440 560 521 600 more
543 543 641 600 titulos
660 541 836 615 imprimant,
855 543 940 610 atque
991 540 1021 595 in
1033 538 1215 594 monasteriis
1233 536 1402 594 conversari.
1418 535 1499 601 Quod
1519 535 1543 590 si
1567 532 1678 606 passim
1697 532 1796 588 dimitti·

121 644 185 709 hcc,
199 641 275 713 quod
290 641 451 712 competere
466 636 639 710 pauperibus
655 636 808 702 aestimant,
822 650 880 689 nou
892 633 939 704 ju·
991 650 1065 702 mus,
1080 633 1213 688 omuibus
1225 631 1356 704 fugiendi
1370 628 1552 687 ecclesiastici
1562 628 1642 700 juris
1657 625 1798 682 dominium

122 735 207 803 dicio,
221 734 271 790 sed
286 732 419 789 manibus
433 731 596 788 defendant.
991 727 1167 784 occasionem
1182 726 1354 799 praebemus.
1370 724 1398 782 si
1418 740 1485 780 vero
1504 721 1690 790 festinantes,
1704 719 1740 775 ad
1751 736 1798 775 om·

156 831 191 885 Et
202 845 268 884 cum
282 844 334 901 per
344 826 543 899 praedicatores
554 841 620 880 suus
634 823 741 880 Veritas
751 823 826 879 dicat
841 841 847 878 ε
865 842 877 872 ι
893 821 939 875 Ni·
954 878 957 882 ,
991 821 1145 894 nipotentis
1158 820 1209 876 Dei
1225 819 1371 876 servitium
1392 818 1505 875 incaute
1525 816 1705 883 retinemus,
1719 814 1757 868 illi
1767 813 1799 868 in·

121 924 163 981 hil
185 940 238 995 per
252 920 467 978 contentionem
488 919 599 989 (Philip.
614 934 645 986 ιι,
659 919 696 989 2),
710 937 724 970 u
742 917 827 972 etiam
847 916 941 988 ipsum
991 915 1123 971 venimur
1136 930 1243 987 negare
1255 913 1389 986 quaedam
1403 913 1452 985 qui
1464 910 1546 967 dedit
1556 909 1670 965 omnia.
1683 907 1759 964 Unde
1768 924 1801 962 ue

120 1013 252 1084 litigiosae
270 1009 462 1066 contentionis
480 1008 588 1062 malurn
610 1006 830 1075 transcenditur,
850 1010 878 1060 et
896 1020 942 1060 res
991 1025 1068 1065 cesse
1086 1013 1128 1065 est
1150 1011 1190 1077 ut,
1209 1008 1310 1081 siquis
1333 1024 1368 1062 ex
1379 1007 1453 1080 juris
1476 1003 1664 1061 ecclesiastici
1687 1001 1803 1057 servitute

121 1106 267 1179 quaelihet,
281 1121 347 1160 cum
361 1103 520 1159 aestimatur
532 1101 658 1156 ecclesiae
671 1117 752 1173 posse
765 1101 940 1171 competere,
991 1103 1027 1158 ad
1042 1103 1091 1157 ltei
1105 1102 1252 1158 servitium
1275 1101 1400 1158 converti
1414 1100 1573 1169 desiderat,
1590 1096 1731 1169 probetur
1742 1094 1805 1166 prius

121 1201 148 1255 vi
161 1201 286 1255 tenetur.
302 1196 427 1254 Proinde
442 1194 575 1267 praesenti
591 1196 703 1250 decreto
713 1193 908 1262 constituo,ut
918 1191 943 1248 si
992 1197 1022 1253 in
1045 1197 1116 1252 laico
1137 1196 1236 1251 habitu
1258 1196 1436 1264 constitutus,
1451 1193 1517 1248 etsi
1531 1189 1805 1260 moresilliusatque

122 1294 185 1366 quis
196 1291 452 1349 ecclesiasticomm
468 1308 595 1365 unquam
610 1289 708 1345 titulos
722 1303 829 1360 ponere
843 1285 941 1341 sivein
992 1290 1169 1346 conversatio
1178 1290 1253 1345 bono
1263 1288 1405 1345 desiderio
1414 1287 1489 1343 illius
1499 1283 1804 1348 testimoniumiemut,

123 1387 240 1456 rustico,
254 1385 352 1441 sivein
368 1386 480 1442 urbano
493 1385 601 1459 praedio
615 1400 666 1439 sua
681 1386 783 1454 sponte
799 1396 939 1453 praesum·
991 1384 1098 1455 absque
1115 1385 1172 1440 ulla
1185 1383 1356 1440 retractione
1372 1383 1477 1438 servire
1492 1381 1521 1436 in
1535 1377 1722 1435 monasterio
1734 1377 1806 1431 omni-

123 1481 220 1552 psarit,
236 1480 388 1535 anathema
402 1480 448 1535 sit.
462 1481 495 1535 Et
505 1478 713 1550 responderunt
727 1491 828 1531 omnes
843 1492 849 1530 :
864 1476 941 1529 Ana·
992 1478 1102 1550 potenti
1123 1477 1245 1534 Domino
1259 1476 1449 1549 permittatur,
1466 1480 1494 1531 et
1507 1475 1546 1530 ab
1562 1474 1698 1529 humano
1711 1471 1807 1527 servitio

123 1575 222 1630 thema
236 1573 280 1629 sit.
992 1571 1064 1628 liber
1078 1571 1200 1640 recedat,
1216 1571 1265 1643 qui
1281 1587 1333 1642 pro
1347 1570 1442 1626 divino
1456 1567 1600 1640 obsequio
1622 1564 1806 1622 districtiorem

159 1670 185 1723 ls
199 1670 296 1723 autem
309 1667 357 1739 qui
370 1668 471 1738 praeest
487 1665 623 1736 ccclesiae,
639 1665 662 1720 ei
684 1665 739 1720 hoc
755 1664 797 1718 vel
810 1663 870 1734 ipse
882 1660 943 1718 fieri
994 1665 1088 1722 subire
1103 1665 1214 1737 appetit
1225 1665 1400 1721 servitutem.

123 1761 262 1833 praecipit,
273 1759 316 1816 vel
327 1759 387 1816 sine
400 1776 451 1814 sua
461 1758 653 1831 preceptione
665 1758 774 1813 tactum
787 1755 876 1826 digna
888 1771 940 1827 pu·
954 1737 982 1811 B
994 1785 1093 1853 Incipit
1116 1784 1229 1854 epistola
1251 1783 1345 1838 Felicis
1365 1782 1466 1839 Sim-553
1487 1782 1612 1851 episcop,-
1637 1783 1733 1834 mm
1757 1778 1807 1833 6,,

125 1855 186 1911 ιιίιε
210 1853 459 1910 auimadversione
484 1852 651 1924 neglexerit,
674 1851 830 1906 anathema
849 1848 945 1904 sitiit
1154 1856 1229 1924 porto
1245 1869 1324 1925 pape
1342 1855 1525 1909 Romanorum
1538 1851 1662 1906 directa.

125 1948 446 2020 responderuutomnes
464 1947 643 2004 :anemone
656 1945 702 2000 sit.
1030 1949 1148 2004 Domino
1172 1947 1335 2004 beatissimo
1358 1951 1387 2001 et
1409 1943 1578 2000 honorabili
1604 1948 1709 1999 sancto
1736 1943 1807 2006 Patn,

160 2042 238 2099 Sicut
252 2041 388 2113 indignos
403 2057 453 2096 nos
474 2057 525 2112 per
543 2039 617 2095 beati
638 2039 714 2094 Petri
728 2037 848 2110 apostoli
862 2052 942 2091 rave·
995 2043 1144 2108 Gereonio,
1160 2043 1240 2097 Fam
1253 2045 1349 2096 vestra
1364 2039 1462 2095 salutis
1475 2043 1603 2094 amator.

124 2136 248 2191 rentiam
262 2151 343 2190 mens
353 2132 483 2189 fidelium
496 2135 659 2200 veneratur,
670 2133 711 2186 ita
726 2133 852 2186 nostram
863 2130 943 2184 inssr·
1031 2135 1202 2192 Beatissimae
1209 2138 1309 2191 vestrm
1317 2133 1424 2201 salutis,
1434 2150 1466 2189 aa
1474 2132 1642 2189 sanctitatis
1656 2133 1724 2203 jura
1735 2147 1808 2204 penes

125 2230 255 2284 mitatem
265 2228 347 2283 decet
357 2226 537 2298 semetipsam
547 2241 660 2296 semper
674 2240 838 2296 agnoscere,
852 2227 881 2278 et
893 2224 944 2278 im·
995 2231 1086 2286 Deum
1100 2232 1166 2284 sunt
1179 2228 1338 2295 manifesta,
1360 2227 1429 2282 dum
1447 2226 1711 2299 predicationibus
1723 2225 1809 2281 sdliut

125 2338 221 2394 pensae
235 2320 288 2376 sibi
304 2319 495 2375 venerationis
510 2335 598 2374 onera
611 2319 765 2374 declinare.
786 2318 825 2372 Ει
846 2333 945 2372 amora
996 2323 1164 2396 apostolicis,
1181 2328 1211 2379 et
1224 2323 1361 2378 doctrinae
1375 2337 1450 2376 veroe
1471 2320 1541 2376 fidei
1561 2321 1683 2376 cultura
1694 2321 1808 2376 universa

125 2415 231 2487 quippe
241 2413 369 2470 fidelium
379 2413 464 2483 hujus
474 2412 549 2467 sedis
561 2411 718 2466 rectoribus
728 2426 791 2465 mos
804 2411 878 2466 utha
888 2425 945 2465 me·
995 2413 1104 2483 repleta
1118 2412 1154 2467 sit
1164 2417 1251 2480 terra,
1266 2427 1318 2483 per
1330 2410 1493 2466 divinorum
1513 2414 1617 2465 tamen
1632 2409 1808 2466 eruditionem

125 2509 212 2564 ritum
227 2506 331 2579 erupit,
352 2511 386 2562 ut
403 2521 468 2561 cum
488 2522 589 2562 eorum
604 2521 723 2577 corpora
738 2504 885 2559 humanda
897 2503 946 2558 de-
995 2502 1809 2579 eloquiorum,vestrainstruenteadmonitioueexhortato

126 2603 269 2669 teruntur,
279 2601 341 2656 haec
350 2599 509 2656 dalmaticis
517 2603 681 2670 contegant,
692 2598 809 2654 easdem
817 2597 946 2654 dalmati·
994 2601 1037 2655 ria
1050 2598 1291 2671 superaedificatur
1304 2598 1462 2653 orthodoxa
1478 2597 1587 2654 Christi
1600 2597 1735 2663 Ecclesia,
1749 2611 1808 2668 apo·

127 2712 182 2763 eas,
208 2710 260 2767 pro
284 2693 440 2749 sanctitatis
461 2692 629 2761 reverentia,
652 2691 765 2748 sibimet
783 2690 946 2764 partiendas
996 2693 1094 2749 stuliea
1104 2692 1283 2749 institutione
1294 2691 1415 2747 tundata
1425 2690 1630 2747 etaiidelibus
1639 2689 1809 2747 Patribustir·

127 2788 250 2861 populus
262 2786 380 2855 scindat,
393 2792 421 2843 et
433 2803 498 2841 curn
514 2786 609 2841 adsint
618 2785 707 2841 multa
722 2785 809 2840 sacris
822 2784 946 2855 corpori·
996 2786 1123 2842 missinae
1129 2786 1272 2842 roborata.
1280 2786 1416 2858 Adquam
1424 2801 1527 2840 omnes
1535 2782 1810 2857 beatissimiapostoli

126 2883 178 2937 bus
190 2880 381 2953 apostolorum
395 2861 612 2951 martyrumque
625 2878 774 2946 velamina,
783 2884 811 2933 et
822 2896 839 2933 a
851 2894 947 2949 pecca·
996 2881 1057 2954 pari
1068 2880 1186 2936 honoris
1201 2885 1229 2935 et
1243 2879 1388 2951 potestatis
1402 2879 1547 2934 consortio
1560 2879 1692 2951 praediti,
1705 2877 1809 2951 populo·

128 2981 222 3030 torum
236 2990 356 3046 corpore
370 2973 494 3028 sumitur
517 2973 592 3045 quod
606 2990 658 3045 pro
671 2988 774 3044 magna
788 2972 947 3028 reverentia
996 2991 1060 3031 rum
1075 2973 1193 3046 agmina
1207 2975 1414 3042 convertentes,
1430 2971 1477 3045 pie
1489 2977 1654 3044 sancteque
1670 2993 1684 3025 a
1699 2972 1733 3027 de
1745 2975 1810 3026 tene

127 3072 295 3125 reservetur.
308 3069 347 3123 lta
358 3084 416 3140 qua
430 3084 461 3122 re
471 3067 605 3139 praesenti
619 3066 733 3122 decreto
748 3065 898 3133 constituo,
913 3070 983 3180 utC
996 3069 1054 3124 bris
1069 3068 1103 3123 ad
1117 3068 1215 3124 lumen
1229 3068 1311 3137 (Patr.
1327 3083 1356 3136 ιι,
1372 3066 1399 3138 9)
1415 3086 1429 3119 ι
1445 3067 1576 3139 delapsu
1591 3065 1768 3123 infidelitatis
1781 3065 1810 3120 ad

127 3164 275 3229 feretrum,
287 3177 343 3233 quo
357 3161 630 3233 Romanipoutiticis
645 3176 748 3232 corpus
763 3159 946 3231 adsepelien·
994 3178 1093 3218 veram
1113 3160 1209 3228 fidem,
1231 3161 1265 3217 de
1280 3166 1371 3217 morte
1389 3160 1425 3216 ad
1443 3161 1533 3217 utam
1551 3161 1701 3231 homines,
1720 3160 1810 3216 divine

127 3257 196 3311 ilum
216 3255 339 3323 ducitur,
354 3254 434 3309 nullo
450 3255 578 3326 tegmine
594 3254 710 3310 veletur.
730 3254 821 3320 Quam
838 3252 946 3308 decreti
995 3254 1253 3327 praedestinationis
1279 3254 1371 3327 gratia
1391 3253 1547 3327 prescitos,
1564 3253 1739 3310 salutaribus
1751 3268 1810 3325 pre·

127 3348 185 3405 niei
198 3365 296 3404 curam
307 3364 407 3421 gerere
422 3348 496 3404 sedis
509 3348 594 3418 hujus
609 3347 789 3419 presbyteros
801 3364 833 3403 ac
850 3347 944 3403 diaco·
995 3348 1082 3420 ceptis
1098 3364 1130 3403 ac
1143 3349 1258 3403 monitis
1277 3348 1483 3420 perduxerunt.
1503 3348 1639 3412 Quorum
1659 3351 1810 3404 meatorum

128 3460 178 3499 nos
193 3459 353 3499 censemus.
379 3442 409 3498 Si
432 3442 496 3514 quis
521 3458 588 3497 vero
604 3458 637 3497 ex
659 3458 760 3497 eorum
778 3440 879 3496 ordine
892 3441 946 3496 hoo
996 3442 1191 3515 apostolorum
1213 3447 1303 3498 vestra
1328 3441 1490 3497 fraternitas
1511 3441 1687 3498 honoranda
1703 3455 1811 3514 sequena

127 3535 220 3610 281
239 3552 337 3592 curare
346 3535 516 3607 neglexerit,
527 3536 684 3591 anathema
694 3535 738 3590 sit.
750 3535 784 3592 Et
794 3535 946 3608 responde·
995 3536 1107 3603 merita,
1131 3539 1161 3591 et
1180 3537 1334 3608 perfectius
1354 3535 1476 3607 implens
1497 3535 1645 3608 exempla,
1669 3536 1809 3591 Ecclesiam

126 3636 195 3686 runt
208 3646 307 3685 omnes
323 3646 329 3684 :
345 3629 504 3687 anathema
517 3628 562 3683 sit.
996 3631 1045 3685 Dei
1068 3646 1181 3685 morum
1204 3630 1354 3701 probitate,
1370 3634 1399 3686 et
1412 3632 1528 3685 actuum
1549 3630 1706 3686 sanctitate
1717 3628 1810 3685 coude-

162 3724 315 3795 hntiquam
325 3724 444 3778 Petrum
455 3722 947 3794 regulamsequeus,nihilunquam
997 3727 1084 3792 corat,
1100 3728 1128 3780 et
1147 3722 1203 3779 ilde
1226 3740 1304 3780 sacra
1325 3723 1550 3795 christianisque
1567 3723 1704 3780 moribus
1716 3723 1811 3795 vigens,

129 3817 164 3872 de
172 3816 401 3889 ordinationibus
414 3815 614 3888 accipiendum
624 3832 684 3872 esse
695 3817 845 3886 constituo,
855 3830 947 3889 neque
998 3834 1062 3891 quae
1074 3818 1135 3873 fleri
1148 3819 1204 3875 lteo
1218 3817 1321 3889 placita
1335 3816 1474 3889 precipit,
1491 3815 1597 3871 studiis
1614 3817 1812 3889 pontificalibus

130 3927 163 3965 ex
183 3910 295 3966 datione
314 3908 405 3983 pallii,
429 3925 521 3981 nequc
545 3926 581 3964 ex
600 3909 751 3965 traditione
773 3910 946 3978 chartarum,
998 3912 1195 3968 indesinenter
1217 3914 1363 3983 operatur,
1388 3915 1416 3966 et
1438 3910 1559 3982 perficit,
1581 3927 1703 3967 servans
1721 3910 1812 3966 diune

129 4019 223 4076 neque
243 4019 277 4059 ex
299 4019 332 4058 ea
349 4020 436 4074 quam
449 4019 523 4058 nova
540 4019 590 4075 por
603 4002 790 4058 ambitionem
804 4003 947 4058 simulatio
997 4006 1069 4077 legis
1081 4009 1236 4079 praecepta,
1250 4005 1317 4078 quia
1330 4026 1344 4056 a
1357 4021 1416 4061 nou
1431 4004 1576 4060 auditores
1589 4005 1665 4076 legis
1674 4006 1746 4077 justi
1757 4007 1813 4059 sunt

130 4097 239 4152 invenit
259 4097 449 4169 appellatione
473 4096 594 4168 pastelli.
611 4096 682 4162 Quia
696 4097 773 4153 enim
788 4096 948 4153 ordinando
997 4100 1073 4171 apud
1089 4101 1189 4167 Deum,
1207 4120 1221 4150 »
1237 4100 1309 4154 sicut
1320 4102 1417 4154 narrat
1429 4098 1592 4170 Apostolus,
1610 4121 1626 4149 a
1640 4100 1690 4155 sed
1704 4099 1813 4155 ιεειοιει

130 4189 948 4262 episcopopontiiexmanumimponit,evangelicamvero
997 4193 1070 4265 legis
1088 4192 1320 4264 justificabuntur
1341 4192 1425 4263 (ιιοιι.
1444 4207 1475 4262 ιι,
1498 4193 1552 4261 te).
1575 4212 1590 4240 n
1616 4193 1684 4248 llaec
1708 4191 1812 4264 quidem

130 4281 281 4338 lectionem
304 4281 434 4337 minister
455 4282 533 4353 tegit,
547 4281 772 4338 confirmationis
784 4299 850 4338 vero
865 4283 949 4356 hujus
997 4285 1179 4354 meditantes,
1193 4286 1337 4359 perlatum
1351 4289 1402 4355 est,
1417 4286 1488 4341 sicut
1502 4301 1519 4339 a
1534 4285 1715 4357 quibusdam
1736 4286 1813 4340 ltorna

130 4375 281 4448 epistolam
295 4375 426 4431 notarius
443 4374 550 4443 scribit,
565 4375 637 4430 sicut
651 4376 816 4448 pontificem
829 4393 949 4433 mianum
997 4380 1187 4446 venientibus,
1208 4395 1257 4434 vos
1276 4378 1445 4451 Augustino,
1473 4378 1623 4435 consodali
1645 4383 1753 4447 nostro,
1771 4392 1813 4450 per

130 4487 190 4528 nou
204 4470 295 4540 decet,
312 4486 397 4542 quam
412 4468 537 4541 imponit
550 4468 684 4540 vendere,
701 4469 741 4525 ita
752 4469 892 4538 minister,
904 4470 948 4526 vel
958 4480 988 4551 Ι)
998 4472 1194 4528 venerabilem
1208 4472 1389 4528 sanctitatem
1413 4474 1539 4528 vestram
1559 4474 1746 4544 postmodum
1761 4471 1812 4544 epi·

129 4564 256 4621 neurius
266 4581 325 4620 non
339 4563 435 4634 debet,
444 4563 474 4618 in
485 4562 665 4620 ordinatione
678 4564 750 4636 ejus,
761 4580 858 4621 vocem
868 4581 950 4621 suam
1000 4583 1084 4639 scopo
1098 4567 1257 4638 auglorum
1270 4566 1349 4637 genti
1362 4566 1506 4634 ordinato,
1521 4571 1551 4621 et
1569 4566 1642 4623 illue
1653 4567 1769 4634 directo,
1781 4569 1813 4620 at·

27 4675 32 4684 ·
130 4662 181 4714 aut
196 4659 339 4715 calamum
359 4658 534 4715 venundare.
550 4659 603 4713 Pro
616 4658 796 4716 ordinatione
812 4675 891 4731 ergo,
906 4660 950 4714 vel
999 4677 1055 4733 que
1069 4660 1167 4732 Anglis
1182 4659 1338 4731 scripsisse,
1353 4676 1425 4732 quos
1439 4658 1508 4715 olim
1521 4660 1556 4716 ad
1569 4659 1662 4717 iidem
1676 4674 1814 4717 couversos

130 4753 225 4824 pallio,
239 4769 289 4808 seu
309 4752 425 4821 chartis,
441 4755 527 4825 atque
546 4752 671 4824 pastello,
687 4752 821 4809 eumdem
835 4752 885 4824 qui
901 4769 949 4808 or·
1000 4754 1813 4827 pervoscognovimus,utquartaprogenieconjunctiuoa

130 4843 273 4900 dinandus
293 4853 344 4915 est,
365 4846 409 4901 vel
430 4845 587 4913 ordinatus,
610 4846 726 4901 omnino
751 4846 859 4917 aliquid
884 4845 950 4901 dare
1000 4850 1180 4919 separentur.
1197 4846 1267 4912 Quae
1288 4846 1463 4903 consuetudo
1483 4846 1640 4904 dudumin
1655 4848 1721 4917 illis,
1734 4846 1811 4903 autin

130 4937 279 5010 prohibeo.
296 4941 336 4994 Ex
356 4938 500 5010 praedictis
520 4939 606 4995 rebus
620 4940 644 4995 si
658 4940 720 5012 quis
741 4939 848 5011 aliquid
871 4955 948 4995 com·
999 4942 1060 4997 istis
1075 4941 1214 5013 partibus,
1229 4941 1344 5013 quando
1356 4957 1414 4996 uua
1423 4940 1568 4997 vobiscum
1583 4941 1753 4999 abiatantia
1767 4957 1811 4996 uu·

131 5031 209 5086 modi
232 5031 421 5103 appellatione
446 5033 569 5104 exigere,
595 5035 639 5090 val
658 5039 755 5106 petere
779 5033 851 5089 torte
874 5050 948 5106 prae·
1000 5035 1083 5090 tritus
1095 5038 1180 5106 atque
1194 5036 1310 5089 edoctus
1327 5034 1379 5103 tui,
1395 5050 1454 5090 non
1473 5039 1545 5102 erat,
1557 5051 1615 5091 ιιεε
1633 5037 1663 5091 iu
1675 5036 1741 5092 ullis
1755 5050 1813 5107 prae

131 5124 294 5197 sumpserit,
320 5124 495 5182 indistricto
517 5127 725 5200 omnipotentis
749 5127 796 5184 llei
818 5128 949 5183 examine
1000 5128 1180 5185 decessorum
1190 5131 1349 5183 vestromm
1360 5127 1481 5184 decretis
1489 5133 1540 5184 aut
1548 5128 1731 5201 rehquomm
1740 5143 1813 5200 gene

131 5219 222 5275 reatui
245 5218 400 5290 subjaceat.
422 5219 447 5274 ls
461 5224 557 5275 autom
578 5222 628 5292 qui
647 5221 792 5277 ordinatus
809 5222 912 5291 fuerat,
927 5221 950 5275 si
1000 5222 1105 5292 ualitar,
1127 5221 1171 5276 vel
1195 5221 1355 5293 specialiter
1378 5223 1496 5278 Petrum
1518 5221 1663 5279 institutis
1684 5224 1753 5296 legi,
1774 5225 1814 5277 aut

131 5329 189 5368 non
204 5328 239 5368 ex
251 5311 364 5385 placito,
375 5329 470 5386 neque
484 5316 610 5382 exactus,
627 5320 677 5370 aut
693 5315 809 5387 petitus,
824 5320 888 5386 post
903 5331 948 5370 ac·
999 5316 1136 5371 hactenus
1149 5315 1185 5370 ab
1200 5315 1265 5370 ullis
1279 5314 1454 5388 sapientibus
1466 5330 1528 5372 esse
1539 5331 1714 5374 concessum
1728 5316 1815 5381 didici,

65 5479 71 5490 ι
130 5410 228 5478 ceptus
240 5407 353 5462 chartas
367 5411 396 5464 et
408 5405 527 5479 pallium
542 5406 646 5463 offerre
668 5408 775 5479 aliquid
788 5408 903 5464 cuilibet
917 5424 949 5463 ex
999 5409 1050 5465 sed
1064 5425 1179 5482 semper
1201 5425 1293 5481 usqne
1313 5408 1469 5481 septimum
1483 5408 1608 5481 originis
1622 5426 1684 5466 suae
1703 5410 1816 5484 gradum

129 5500 206 5555 clero
221 5500 320 5572 gratiae
335 5501 534 5557 tantummodo
547 5517 631 5556 causa
643 5502 775 5570 voluerit,
791 5502 845 5557 hoc
861 5501 949 5574 accipi
999 5504 1052 5559 hoc
1065 5520 1082 5558 a
1095 5501 1200 5558 sanctis
1221 5502 1448 5559 antecessoribus
1461 5502 1573 5573 vestris,
1588 5508 1620 5561 et
1632 5505 1747 5562 coeteris
1764 5519 1817 5559 sau·

40 5584 42 5592 ἱ
128 5593 207 5648 nullo
231 5595 316 5650 modo
336 5595 531 5667 prohibemus,
545 5594 613 5668 quia
635 5595 696 5667 ejus
718 5594 824 5651 oblatio
844 5596 948 5652 nullam
999 5597 1051 5652 ctis
1072 5595 1211 5665 Patribus,
1231 5600 1290 5651 tam
1310 5596 1341 5651 iu
1363 5595 1478 5652 Nicaena
1496 5596 1610 5669 synodo
1634 5614 1727 5671 quam
1746 5604 1773 5652 et
1792 5596 1817 5650 in

127 5686 219 5758 eulpae
234 5689 373 5745 maculam
388 5690 503 5763 ingerit,
521 5707 584 5763 quae
605 5707 640 5745 ex
655 5689 820 5762 accipientis
841 5691 947 5746 ambitu
1000 5691 1062 5746 aliis
1076 5690 1180 5746 sanctis
1192 5690 1318 5746 conciliis
1338 5689 1519 5762 cougregatis
1533 5691 1646 5748 servari
1666 5692 1768 5750 debete
1781 5705 1818 5745 re-

119 5795 180 5836 ιιοιι
199 5782 348 5856 processit.
371 5785 473 5842 Multos
488 5801 521 5841 ει
536 5784 727 5844 ecclesiastica
747 5784 853 5841 familia
866 5785 945 5841 novi·
998 5785 1072 5859 peri,
1097 5788 1124 5841 et
1144 5802 1160 5840 a
1181 5789 1256 5841 recte
1277 5784 1454 5855 viventibus,
1479 5800 1512 5841 ac
1536 5784 1634 5844 Deum
1658 5784 1818 5844 timentibus
