3870 6150
601 218 835 276 blatttttttttttllt
856 220 1050 275 (jotti-rituti.
1614 226 1665 287 430

121 344 170 383 eos
189 326 238 382 illa
258 325 380 382 Nicaence
402 325 503 399 synodi
524 331 629 383 statuta
650 333 798 384 serventur
810 340 837 412 Α
849 331 946 383 tanven
970 331 1037 400 quia
1061 332 1122 402 ipsa
1140 332 1259 402 sanctio,
1276 332 1354 404 quod
1369 332 1452 406 pejus
1465 336 1517 406 est,
1533 352 1549 391 a
1567 339 1664 393 miritis

107 421 373 495 praevaricatoribus
385 422 492 477 censita
509 439 568 477 csse
587 429 753 490 noscuntur,
767 424 797 479 id
848 424 954 478 clericis
968 426 1148 495 cognoscitur
1160 426 1268 494 violari,
1280 427 1318 481 ita
1329 430 1359 482 ut
1372 445 1431 484 nou
1441 430 1562 501 jubente
1573 448 1665 487 sacer·

103 520 212 589 septem
232 517 313 571 annis
334 516 409 571 iuter
429 517 647 571 «catechumenos
665 521 755 585 orent,
770 524 798 573 et
847 516 912 572 dote
927 522 1110 590 expectorato
1129 519 1240 587 ellectu,
1257 524 1370 592 totaque
1385 522 1539 594 disciplina
1558 529 1662 581 severi·

103 616 151 667 ‚ter
175 611 345 680 catholicos,
371 615 397 665 ct
428 616 525 682 postea
549 612 745 666 moderatione
770 618 797 667 et
848 615 905 665 tate
919 613 1089 684 posthabita,
1105 613 1269 670 immaniter
1284 632 1348 687 quae
1367 617 1396 671 in
1412 617 1496 673 domo
1509 620 1663 691 pontificali

103 705 135 760 ia
147 705 272 777 episcopi
281 704 412 759 fidelibus
425 707 455 759 in
470 706 611 761 oblatione
621 706 797 761 eucharistico
847 706 1033 777 reperiuntur
1045 707 1184 762 invadunt
1205 714 1233 763 et
1250 709 1391 765 abradunt
1406 729 1412 766 :
1431 711 1495 767 ideo
1510 729 1586 768 nirnc
1601 714 1663 770 hece

103 799 206 855 nicent.
847 800 932 871 hujus
947 801 1044 872 placiti
1056 801 1260 856 constitutione
1274 802 1409 859 internos
1419 807 1543 860 censoria
1555 808 1663 879 placuit

103 893 119 948 ri
135 893 256 964 jubente
276 894 422 949 sacerdote
443 911 494 965 pro
514 911 687 966 quacunque
714 896 797 966 culpa
847 895 992 962 custodiri,
1008 900 1038 950 ut
1051 895 1187 951 defuncto
1207 896 1333 953 antistite
1352 900 1394 952 vel
1418 899 1505 954 etiarn
1521 901 1613 956 adhuc
1633 903 1660 956 iu

103 1004 127 1042 m
140 987 218 1042 exire
232 988 443 1059 contempserit,
455 1005 506 1060 pro
520 1005 595 1044 noxa
608 990 796 1044 contumacias
847 989 988 1060 supremis
1000 993 1114 1061 agente,
1130 992 1225 1045 nullus
1241 991 1406 1047 clericorum
1421 994 1570 1065 cujuslibet
1585 996 1662 1050 ordi·

103 1083 258 1153 accipiatur
271 1082 307 1136 ad
322 1082 447 1137 reniam.
846 1084 899 1149 nis,
911 1083 1006 1152 officii,
1023 1084 1163 1156 gradusve
1178 1085 1223 1156 sit,
1239 1086 1395 1158 quidquam
1410 1087 1444 1142 de
1460 1086 1545 1143 domo
1558 1105 1663 1161 prasu-

115 1176 165 1247 qui
181 1176 275 1231 clerici
288 1176 317 1230 in
333 1181 462 1232 mutuam
476 1179 583 1232 cadem
599 1179 794 1249 proruperint,
846 1181 915 1243 mat,
932 1178 975 1232 vel
995 1178 1072 1250 quod
1090 1179 1124 1233 de
1143 1178 1261 1234 utilitate
1283 1181 1463 1236 instrumenti
1479 1183 1581 1237 domus
1600 1199 1661 1238 esse

103 1270 206 1341 ignitas
222 1270 380 1326 officiorum
398 1271 428 1325 in
446 1272 494 1326 tali
513 1289 629 1327 excessu
647 1277 794 1327 contume-
845 1271 1016 1342 agnoscitur,
1031 1272 1115 1327 idest
1130 1274 1243 1328 mobilis
1258 1279 1285 1329 et
1300 1275 1463 1343 immobilis,
1479 1277 1520 1332 rei
1534 1277 1663 1333 ecclosia-

103 1365 223 1427 itulerit,
239 1384 254 1418 a
273 1366 406 1436 pontitice
423 1366 577 1421 districtius
591 1367 758 1422 vindicetur.
846 1367 923 1420 stica
940 1370 1059 1422 conetur
1075 1367 1221 1435 invadere,
1238 1368 1309 1423 nihil
1324 1369 1410 1437 furto,
1426 1370 1497 1425 nihil
1510 1370 1575 1426 dolo
1594 1388 1661 1443 sup·

103 1459 140 1523 tui
155 1463 253 1514 contra
267 1460 377 1515 decreta.
392 1478 533 1515 cationum
546 1461 697 1516 indiscreto
711 1462 794 1516 cleri·
846 1460 983 1531 primens,
997 1461 1129 1516 auferens
1143 1464 1228 1533 atque
1240 1462 1428 1532 abscondens,
1443 1463 1494 1518 sed
1512 1464 1536 1518 is
1552 1465 1597 1519 cui
1610 1465 1662 1519 do-

103 1570 135 1608 ue
163 1571 240 1608 nilne
263 1554 481 1617 ordinaverunt,
506 1556 547 1609 cis
570 1556 726 1624 Doniinus,
751 1557 795 1610 vel
846 1570 909 1607 mus
919 1554 1070 1609 commissa
1082 1559 1124 1609 est
1134 1555 1267 1625 subjectis
1277 1555 1329 1610 sibi
1344 1573 1409 1610 cum
1422 1557 1541 1612 consilio
1552 1559 1662 1613 unovel

105 1651 118 1703 t
129 1648 314 1702 ecclesiastica
325 1649 446 1703 charitas
456 1649 593 1719 ignoscat.
606 1651 716 1705 almodo
727 1667 794 1704 vero
848 1646 959 1702 duobus
973 1648 1261 1716 lldelissimis,omnia
1274 1650 1309 1704 ad
1321 1653 1433 1721 tempus
1445 1651 1584 1723 pontilicis
1594 1653 1661 1707 sub-

103 1743 108 1796 i
126 1759 180 1796 usu
195 1743 386 1814 proruperint,
404 1743 549 1797 decretum
563 1761 704 1798 canonum
719 1745 796 1815 quod
806 1715 835 1788 B
847 1740 985 1796 stituendi
995 1742 1094 1797 debeat
1104 1745 1333 1813 conservare,vel
1342 1743 1385 1798 his
1395 1744 1482 1815 qtriin
1495 1745 1663 1801 domoinvc-

103 1854 165 1891 mm
177 1854 311 1907 personas
326 1843 463 1891 statutum
477 1842 528 1906 est,
540 1838 630 1905 idest,
642 1844 674 1892 ut
687 1840 796 1893 nullum
848 1835 967 1890 niuntur
980 1836 1087 1890 clericis
1097 1840 1262 1891 consuetam
1272 1837 1437 1892 alimoniam
1452 1839 1661 1896 administrare.

103 1931 185 2001 ajam
208 1933 332 1986 audeant
347 1932 524 1999 observetur,
541 1933 584 1986 vel
600 1933 649 2003 qui
664 1933 797 2003 deinceps
847 1930 1020 1985 Substitutus
1031 1934 1126 1984 autem
1139 1931 1256 1985 antistes
1268 1936 1406 2002 susceptae
1420 1933 1495 1987 sedis
1515 1935 1664 1989 commoda
1728 1994 1738 2009 ·

114 2024 231 2091 luerint,
248 2027 442 2096 deponantur;
457 2026 486 2080 hi
501 2043 567 2081 vcro
584 2027 632 2098 qui
644 2029 713 2081 tales
727 2028 794 2081 hac-
846 2023 1000 2092 ordinabit,
1019 2024 1094 2077 velut
1112 2026 1183 2079 lleus
1200 2025 1349 2097 imperavit
1372 2032 1401 2080 ut
1419 2027 1459 2081 eis
1476 2028 1518 2081 uti
1533 2045 1597 2083 cuin
1617 2029 1661 2082 his

103 2119 203 2175 rdinati
225 2124 299 2189 sunt,
318 2121 395 2174 millo
418 2126 547 2191 tempore
564 2126 793 2192 promoveantur.
847 2118 948 2173 delicat
963 2135 1033 2189 quos
1049 2119 1216 2189 cognoverit
1230 2119 1386 2191 disciplinae
1404 2124 1432 2175 ct
1450 2122 1581 2177 charitati
1596 2139 1660 2195 prc-

103 2213 260 2269 Cotholicus
285 2215 332 2285 qui
353 2216 424 2269 filins
445 2232 511 2269 siros
531 2215 558 2268 in
577 2216 677 2269 lucrosi
700 2215 794 2288 hopli-
846 2211 1000 2267 decessoris
1015 2213 1059 2266 sui
1074 2213 1198 2267 tideliter
1217 2214 1354 2284 paruisse.
1376 2214 1459 2279 Quod
1473 2215 1496 2270 si
1510 2217 1660 2289 quisquam

103 2308 242 2377 obtulerit,
252 2309 356 2364 oblatio
371 2310 445 2364 illius
460 2310 489 2364 ia
503 2309 620 2365 ecclesia
635 2310 795 2365 nullatenus
845 2306 984 2377 posthaec
1000 2306 1152 2377 cujuslibet
1167 2306 1284 2374 ordinis,
1298 2313 1331 2363 ut
1344 2309 1475 2379 superius
1490 2307 1661 2381 dictumest,

103 2419 142 2457 ur.
846 2417 1016 2472 ‹Iciacunquc
1027 2400 1144 2455 clericus
1153 2400 1301 2457 occasione
1311 2403 1345 2457 de
1355 2404 1434 2457 omni
1446 2404 1576 2459 facultate
1584 2405 1664 2476 quip-

103 2496 361 2569 uum'reboptizatis
375 2499 473 2554 tideles
486 2499 611 2570 religiosi
625 2497 718 2553 necin
732 2498 794 2553 cibo
846 2494 922 2565 piam
937 2493 1073 2565 probatus
1086 2495 1173 2550 scierit
1185 2495 1333 2551 abstulisse
1346 2497 1389 2551 vel
1402 2492 1520 2552 forsitan
1534 2497 1600 2553 dolo
1614 2499 1663 2553 ali-

103 2595 158 2646 eni,
530 2601 537 2607 ·
844 2604 902 2658 quo
913 2587 1074 2659 sumpsisse,
1091 2605 1156 2643 reus
1168 2589 1307 2660 sacrilegii
1322 2589 1466 2661 prolixiori
1479 2591 1661 2647 anathemate

103 2686 309 2742 amiliaritotem
337 2692 541 2742 extranearum
561 2688 716 2741 mulierum
730 2687 795 2742 licet
844 2681 1061 2750 condemnetur,
1074 2682 1157 2736 elvia
1170 2699 1284 2754 queque
1297 2683 1662 2755 peregrinaeicommunio

103 2782 181 2835 aneu
192 2783 289 2835 Patres
303 2782 426 2853 antiquis
439 2782 643 2836 monitionibus
655 2798 795 2853 praecepa·
844 2775 1024 2843 concedatur,
1041 2776 1108 2848 quia
1128 2776 1233 2831 durum
1254 2782 1296 2832 est
1317 2782 1347 2832 ut
1365 2778 1394 2832 hi
1413 2795 1483 2849 quos
1505 2783 1617 2834 constat
1632 2781 1661 2836 in

103 2875 172 2929 tesiis
185 2875 357 2942 evitandam,
369 2876 397 2929 id
412 2893 488 2930 nvinc
500 2882 596 2930 temen
612 2876 691 2930 nobis
702 2875 793 2930 visum
843 2870 958 2925 servitio
968 2870 1082 2925 Domini
1093 2887 1157 2925 cum
1169 2871 1268 2942 primae
1279 2871 1352 2926 sedis
1360 2872 1486 2928 antistite
1496 2873 1659 2943 desudasse,
1715 2919 1718 2927 .

103 2969 137 3041 [ui
155 2969 218 3023 talis
239 2969 418 3040 probabitur,
434 2972 456 3024 si
474 2974 536 3040 post
551 2970 675 3041 primam
698 2973 726 3023 et
749 2986 792 3024 se·
844 2963 878 3018 ab
892 2964 936 3019 his
951 2964 1000 3036 qui
1012 2981 1128 3019 suarum
1139 2981 1236 3019 rerum
1246 2965 1449 3022 incubitatores
1461 2969 1547 3038 atque
1558 2983 1663 3039 vagan-

120 3064 373 3118 commonitionem
393 3081 422 3118 se
442 3064 597 3119 emendare
621 3064 791 3135 neglexerit,
804 3089 830 3163 C
843 3058 977 3113 tesluisse
988 3064 1201 3129 cognoscuntur
1211 3059 1334 3130 despecti
1343 3060 1526 3131 aliquatenus
1536 3063 1663 3116 crucien-

103 3158 188 3213 rvitio
202 3161 372 3229 perseverat,
388 3158 473 3212 oflicii
487 3159 530 3212 sui
547 3158 684 3228 dignitate
699 3158 791 3229 prive-
844 3155 900 3207 tur.
916 3153 1032 3223 Sergius
1052 3152 1081 3206 iu
1102 3152 1204 3208 Christi
1225 3153 1340 3208 nomine
1357 3154 1505 3226 episcopus
1521 3155 1571 3209 has
1592 3173 1660 3211 eon·

103 3251 129 3306 id
143 3252 166 3306 si
185 3253 241 3305 lleo
257 3252 375 3322 jairaritc
393 3252 558 3317 correxerit,
579 3257 674 3306 sancto
693 3251 792 3306 minis·
843 3247 1014 3314 stitutiones,
1025 3247 1182 3301 secuudum
1196 3247 1273 3319 qued
1287 3247 1368 3302 nobis
1380 3265 1446 3303 cum
1459 3249 1594 3305 fratribus
1602 3252 1660 3304 Deo

103 3350 246 3400 stauretur,
842 3341 999 3411 inspirante
1008 3341 1190 3412 complacuit,
1203 3341 1290 3411 relegi
1301 3346 1329 3396 et
1341 3341 1494 3412 subscripsi
1505 3360 1514 3411 ;
1524 3344 1537 3397 J
1542 3349 1620 3397 ustus
1629 3344 1660 3398 in
1678 3374 1680 3378 ,

103 3439 179 3493 Licet
199 3441 234 3494 de
261 3458 290 3494 rc
315 3440 477 3508 hujusmodi
511 3456 595 3510 (piram
620 3439 791 3493 constituere
841 3435 942 3488 Christi
957 3434 1379 3504 nomiucsubscripsi3toarines
1391 3435 1658 3492 inChristinominc

103 3534 274 3588 redimitione
288 3535 469 3588 decernimus
482 3534 571 3604 [ui-‘ca
588 3533 738 3587 auctoritas
749 3549 792 3586 ca·
843 3528 990 3598 opiscopus
1005 3527 1175 3598 subscripsi,
1191 3530 1292 3582 Petrus
1306 3527 1334 3582 in
1350 3529 1452 3583 Christi
1469 3529 1585 3584 nomine
1597 3531 1658 3601 epi·

103 3645 155 3681 non
172 3628 291 3696 siluerit,
303 3629 348 3682 sed
361 3628 485 3682 cricleuti
497 3626 642 3681 sanctione
653 3643 794 3697 prtecepc-
841 3638 943 3692 scopus
964 3621 1132 3692 subscripsi;
1154 3622 1270 3676 llarulio
1292 3623 1320 3676 in
1338 3622 1442 3678 Christi
1460 3625 1578 3679 nomino
1597 3625 1657 3696 epi·

103 3721 276 3792 rjuscumqne
291 3723 414 3776 ecclisiae
435 3720 568 3792 pontifice
586 3720 718 3775 defuncto
733 3737 791 3774 non
842 3732 945 3786 scopus
958 3714 1127 3785 subscripsi3
1142 3715 1290 3770 Taurasia
1305 3715 1408 3771 Christi
1421 3717 1540 3772 nomine
1556 3718 1660 3788 episce-

103 3830 147 3883 pro
162 3814 243 3869 libitu
260 3833 319 3880 suo,
338 3816 476 3869 tuomum
493 3832 589 3868 rerum
604 3813 792 3884 direptionem
842 3827 895 3881 pus
905 3810 1073 3880 subscripsi;
1092 3809 1243 3864 Febrorius
1257 3810 1286 3863 in
1301 3809 1405 3865 Christi
1421 3811 1537 3865 nomine
1553 3810 1658 3882 episco-

103 3908 159 3962 iens
172 3909 322 3979 dereliquit
335 3909 485 3980 quisquam
502 3907 601 3974 irruat,
615 3907 792 3978 donmmque
843 3921 895 3975 pus
910 3903 1059 3974 subscripsi
1073 3921 1082 3972 ;
1099 3903 1197 3957 Gratus
1214 3903 1242 3957 in
1254 3903 1357 3958 Christi
1372 3904 1488 3959 nemine
1509 3904 1658 3977 episcopus

103 4008 131 4072 it,
148 4004 197 4057 scd
221 4003 351 4057 sacerdes
370 4003 418 4073 qui
442 4003 642 4073 exsequiarum
665 4006 793 4072 tempore
843 3998 966 4053 directus
981 4015 999 4053 a
1013 3997 1131 4052 domino
1142 4014 1208 4052 meo
1220 3998 1365 4069 Stephano
1379 3998 1512 4071 episcopo
1528 3999 1573 4054 his
1587 4016 1656 4054 con-

105 4098 181 4152 muia
196 4114 258 4168 quae
273 4097 306 4151 ad
327 4096 480 4159 utilitatem
498 4100 526 4149 et
547 4095 793 4150 conservationem
842 4091 1037 4147 stitutionihus
1050 4091 1167 4146 interlui
1182 4091 1380 4165 etsubscripsi.

103 4196 120 4245 rt
135 4191 238 4245 debeat
253 4191 383 4262 diligenti
403 4190 654 4261 circumspectione
667 4189 791 4256 munire,

386 4474 585 4538 lNClPlUb'T
607 4472 804 4539 caetrata
826 4473 993 4539 CONClLll
1015 4472 1242 4538 VALENTlNl.

103 4630 284 4700 Evangelium
299 4635 361 4701 post
380 4630 547 4701 Apostolum
561 4631 682 4700 legatur.
800 4640 830 4713 D
876 4630 903 4682 l.
927 4629 966 4684 lle
989 4627 1127 4699 exsequiis
1153 4627 1300 4682 morientis
1324 4627 1456 4700 episcopi,
1483 4633 1512 4683 et
1534 4629 1657 4701 qualiter

103 4723 229 4779 leluncto
245 4724 379 4794 episcopo
393 4724 426 4778 de
444 4723 792 4794 1·ehusipsius,velec'cle·
841 4723 985 4777 humetur.

103 4818 142 4872 los
154 4818 310 4889 quidquam
327 4823 480 4888 praesumat
496 4817 636 4872 invadere.
876 4821 902 4871 ὅ.
919 4818 956 4870 lle
968 4814 1047 4886 vagis
1059 4819 1086 4869 et
1101 4814 1329 4870 inobedientibus
1337 4816 1456 4871 clericis.

103 4911 256 4983 propinqui
272 4912 419 4966 morientis
435 4911 558 4982 episcopi
579 4910 613 4963 de
629 4910 714 4964 rebus
727 4911 789 4981 ejus
877 4914 903 4964 o.
924 4911 960 4964 Ut
981 4909 1116 4963 clericum
1136 4909 1263 4963 alienum
1286 4910 1382 4964 nullus
1405 4911 1529 4982 ordinet,
1550 4929 1602 4968 nec
1619 4913 1656 4967 sit

103 5009 201 5078 arpent
214 5005 274 5060 sine
290 5005 500 5077 metropolitani
516 5009 545 5059 et
559 5004 787 5074 comprovincia-
840 5003 956 5058 clericus
977 5003 1028 5075 qui
1050 5018 1108 5057 non
1132 5002 1269 5075 spondeat
1291 5004 1384 5059 lecum
1410 5005 1459 5060 ubi
1482 5005 1518 5062 sit
1538 5006 1653 5079 delega-

103 5100 238 5157 rscientia.
839 5103 893 5152 tus.

708 5235 950 5247 t*

330 5368 538 5465 tuutPtv
578 5369 881 5461 CONClLlUltl
916 5369 1296 5463 VALENTINUM.

266 5533 334 5596 Sea
348 5535 584 5616 episcoporum,
601 5552 725 5597 namu
742 5533 890 5597 liuditum
906 5552 992 5597 anno
1008 5539 1046 5598 la
1064 5534 1255 5598 Theoderici
1266 5534 1362 5615 repes.

103 5696 206 5750 ‚Anno
222 5693 321 5766 quinto
339 5694 447 5749 decimo
462 5694 630 5749 Theoderici
649 5693 725 5765 regis
736 5695 788 5749 sub
838 5695 1109 5750 nostrilesuClrristi
1119 5689 1652 5763 Valentinoconciliocongregat.o,dum

103 5787 166 5846 udo
182 5789 279 5845 Nonas
300 5789 471 5857 Decembris,
492 5789 519 5843 iu
542 5788 657 5843 nemine
679 5787 790 5848 honuni
840 5788 1044 5845 ecclesiasticas
1059 5788 1173 5859 reputas
1184 5790 1371 5844 tractaremus
1383 5783 1515 5859 antiquos
1530 5802 1652 5851 cationes
1700 5808 1706 5814 ·
