3870 6150
124 295 175 351 583
567 284 711 343 APPEND.
730 286 774 342 ΑΙ)
792 285 873 341 SAEG.
893 285 937 342 lx.
951 314 986 327 -
1004 283 1126 342 Istuolu
1145 278 1356 340 denudamus
1750 276 1800 336 tat

162 400 247 457 XXXI.
284 397 420 452 Devotam
456 398 623 465 peccantem
659 411 717 448 non
741 393 936 465 recipiandam
946 394 1060 480 Alibus
1071 391 1149 447 laicis
1162 391 1198 446 sit
1209 391 1368 459 decretum,
1385 389 1409 444 si
1423 388 1453 444 in
1464 387 1592 460 aliquam
1612 385 1732 442 haeresis
1745 387 1803 458 opi-

33 529 36 533 ·
123 494 155 550 in
185 490 312 557 ecclesia,
345 488 399 543 nisi
428 503 545 559 peccare
584 486 708 554 desierit,
741 489 770 542 et
805 487 936 542 desinens
987 487 1102 541 aionem
1117 484 1226 540 luerint
1238 483 1387 539 nominati.

124 584 216 659 egerit
236 587 334 656 aptam
357 581 553 653 poenitentiam
576 581 676 636 decem
702 580 793 650 annis,
818 583 847 634 et
867 579 937 634 reci·
1021 578 1142 634 XXXVII.
1162 578 1191 634 Si
1206 576 1268 649 quis
1281 577 1429 649 episcopus
1447 575 1479 629 in
1498 574 1618 630 concilio
1638 588 1803 629 excommu-

121 680 181 752 piat
193 675 437 733 communionem.
453 674 533 729 Prius
546 678 642 730 autern
661 690 748 745 quam
768 673 799 728 in
820 673 937 728 ecclesia
986 672 1095 727 nicatus
1118 671 1213 737 luerit,
1229 671 1287 725 sive
1310 669 1468 741 presbyter,
1485 671 1535 724 ant
1558 668 1704 736 diaconus,
1716 683 1734 720 a
1753 683 1802 720 suo

120 771 296 839 admittatur,
321 768 357 824 ad
384 767 552 835 orationem,
577 767 612 821 ad
646 766 751 821 nullius
778 765 938 820 convivium
987 770 1129 841 episeopo,
1137 765 1568 839 etpostexcommunicatmnem
1578 764 1800 837 praesumpserit,

122 863 284 920 christianae
297 861 425 917 mulieris
438 860 567 927 accedat;
584 860 659 932 quod
672 860 695 914 si
709 859 831 914 admissa
841 858 936 926 inerit,
986 863 1044 917 sivo
1055 862 1202 933 episcopus
1214 861 1328 928 ille,aut
1336 859 1547 932 presbyter‚rel
1561 858 1706 923 diaconus,
1713 857 1801 911 lacere

122 958 212 1013 etiam
235 956 298 1011 haec
324 970 389 1026 quae
414 969 480 1008 eam
505 951 646 1024 receperit
668 952 805 1007 habeatur
825 951 935 1021 absens,
987 955 1158 1010 oblationem
1170 954 1214 1007 vel
1229 952 1414 1024 matutinum)
1429 954 1479 1007 aut
1492 951 1687 1023 vespertinum
1703 949 1802 1003 sacriti-

121 1053 320 1121 corruptoram
346 1046 434 1102 etiam
460 1062 513 1118 par
538 1061 623 1117 poena
657 1044 844 1116 constringat.
869 1044 937 1109 Qua
987 1048 1062 1102 cium
1073 1046 1154 1119 quasi
1165 1047 1195 1101 in
1205 1045 1299 1101 ollloio
1315 1061 1365 1101 suo
1376 1060 1461 1116 agere
1471 1043 1544 1099 sicut
1554 1042 1643 1115 prius,
1654 1058 1712 1097 non
1722 1040 1807 1096 liceat

120 1148 217 1199 autem
255 1139 392 1195 maritum
429 1139 581 1210 accemet,
606 1154 665 1193 non
698 1137 864 1193 admittetur
900 1136 938 1191 ad
988 1140 1014 1195 ei
1029 1155 1081 1195 nec
1095 1140 1126 1194 in
1139 1139 1195 1194 alio
1207 1138 1325 1193 concilio
1338 1154 1421 1208 spem
1435 1134 1676 1193 reconciliationis
1688 1133 1814 1201 habere,

122 1233 332 1307 poenitentiam,
364 1231 420 1286 nisi
456 1231 548 1287 adhuc
585 1231 697 1286 visente
731 1231 793 1301 ipso
832 1229 936 1285 marito
986 1249 1039 1288 nco
1052 1234 1128 1288 ultra
1141 1231 1327 1299 reconciliari,
1344 1231 1393 1286 sed
1407 1230 1491 1286 etiam
1505 1246 1564 1299 eos,
1580 1228 1630 1300 qui
1651 1226 1808 1282 eommuni-

122 1331 198 1383 caste
211 1326 322 1396 vixerit,
335 1330 385 1380 aut
396 1329 547 1396 postquam
568 1324 629 1395 ipse
645 1324 680 1378 de
701 1322 824 1378 haesita
844 1322 938 1378 deces·
987 1326 1124 1395 caverint,
1138 1341 1238 1381 omnes
1253 1324 1288 1380 ab
1301 1324 1419 1380 ecclesia
1436 1323 1541 1395 respui,
1557 1321 1682 1376 maxIme
1698 1322 1804 1390 eosqui

122 1420 199 1476 serit.
987 1418 1114 1475 sciebant
1134 1434 1200 1473 eum
1214 1434 1275 1473 esse
1288 1417 1441 1489 dejectum.
1455 1416 1483 1472 Si
1500 1421 1597 1470 autem
1616 1414 1797 1484 permanserit

156 1512 253 1568 XXXII.
291 1512 388 1566 Nullus
437 1510 597 1582 episcopus,
635 1525 727 1581 neque
776 1508 936 1581 presbyter,
986 1512 1106 1567 turbans
1120 1516 1148 1566 et
1160 1511 1304 1566 concitans
1317 1510 1466 1566 eeclesiam
1478 1525 1530 1581 per
1541 1506 1709 1563 forasticam
1723 1511 1790 1576 pote

123 1621 216 1677 neque
244 1604 390 1674 mecenas,
416 1619 508 1675 neque
532 1602 649 1658 omuino
674 1601 776 1673 ahquis
806 1619 841 1657 ex
864 1603 938 1657 clero
988 1606 1100 1672 statem,
1114 1607 1226 1676 oportet
1247 1620 1314 1659 eum
1335 1603 1410 1659 sieut
1430 1599 1647 1658 seditionarium
1666 1599 1702 1653 ab
1726 1598 1789 1653 omni

122 1694 267 1753 licentiam
281 1696 385 1752 habeat
396 1694 607 1751 intromittendi
623 1695 659 1750 ad
674 1711 714 1762 se,
730 1695 810 1766 quasi
824 1694 935 1766 adopti-
988 1698 1070 1769 plebe
1085 1696 1229 1769 compelli.

122 1805 187 1846 vam
208 1789 333 1862 ailquam
358 1788 521 1857 mulierem,
544 1788 624 1861 quasi
647 1788 677 1842 in
701 1789 764 1843 loco
790 1787 865 1857 filiae,
887 1769 975 1843 autB
1022 1791 1154 1847 XXXVIII.
1196 1790 1397 1862 Presbyterum
1434 1789 1471 1844 ad
1506 1786 1645 1843 secundas
1693 1784 1787 1856 nuptias

121 1883 234 1952 sororis,
256 1888 306 1939 aut
325 1882 436 1951 matris,
456 1883 510 1938 nisi
534 1883 607 1937 forte
631 1898 760 1937 sororem
781 1881 871 1953 patris
892 1882 937 1936 vel
986 1884 1131 1940 convivam
1155 1884 1216 1938 lieri
1239 1900 1296 1938 non
1317 1885 1439 1955 oportet,
1462 1880 1583 1954 quodsi
1607 1879 1644 1934 ad
1669 1877 1785 1934 secundas

122 1977 232 2047 matris,
247 1981 276 2032 et
296 1976 359 2031 illas
380 1975 453 2030 solas
473 1990 611 2046 personas
631 1990 696 2046 quae
712 1974 747 2028 ab
763 1974 841 2028 omni
864 1974 938 2028 maia
986 1966 1101 2049 nuptias
1127 1977 1245 2044 venerit,
1269 1975 1466 2048 poeuilentiam
1491 1972 1630 2045 postulet.
1656 1969 1784 2036 Quomodo

123 2069 283 2141 suspicione
304 2068 405 2123 alienae
425 2073 502 2123 sunt.
528 2067 664 2123 Similiter
685 2070 713 2122 et
732 2066 872 2139 religiosis
895 2068 937 2123 fe·
985 2064 1784 2142 presbyterillcpotestassequipropterconviviuminter·

122 2162 208 2218 minis
228 2162 369 2217 laicorum
390 2160 550 2215 alienorum
572 2159 796 2214 familiaritatem
822 2165 850 2215 et
869 2176 937 2215 con·
988 2167 1031 2218 est
1044 2162 1095 2217 tali
1112 2160 1269 2232 conjugio?

123 2255 244 2310 sortium
265 2253 462 2326 prohibemus,
483 2268 584 2308 eorum
605 2251 722 2322 sedicet,
743 2252 793 2325 qui
812 2269 865 2308 nec
889 2253 937 2308 [lei
1022 2256 1126 2311 XXXIX.
1142 2254 1283 2310 Diaconus
1293 2254 1343 2325 qui
1356 2253 1480 2325 eligitur,
1496 2251 1520 2306 si
1531 2254 1705 2307 contestatus
1718 2248 1781 2304 faciit

122 2347 221 2404 timori
251 2347 378 2418 subJecli,
405 2362 458 2402 nec
488 2345 672 2401 continentiae
705 2345 830 2402 retinent
858 2346 938 2403 disci·
986 2366 1041 2422 pro
1055 2347 1219 2421 accipiendo
1231 2347 1424 2414 matrimonio,
1440 2350 1469 2401 et
1483 2345 1590 2401 dixerit
1603 2361 1663 2401 non
1679 2341 1778 2416 possein

123 2441 240 2513 lilinum·
988 2441 1115 2497 castItate
1132 2457 1312 2512 permanere,
1325 2439 1371 2495 hic
1390 2456 1447 2494 non
1462 2439 1628 2508 ordInetur;
1644 2436 1719 2510 quod
1734 2434 1778 2489 siin

158 2534 268 2589 XXXIIl.
288 2532 316 2588 Si
332 2530 395 2605 quis
414 2532 444 2586 iu
467 2535 633 2604 contemptu
653 2532 760 2605 positus
779 2532 937 2606 presbyter,
987 2534 1166 2591 ordInatione
1181 2533 1310 2601 tacuerit,
1325 2537 1354 2588 ct
1375 2532 1523 2588 ordinatus
1546 2531 1644 2598 luerit,
1660 2534 1689 2585 et
1708 2528 1777 2600 postu

122 2626 171 2678 aut
191 2621 336 2689 diaconus,
350 2621 393 2676 rel
406 2620 569 2692 quicunque
590 2637 626 2677 ex
647 2623 723 2677 clero
738 2625 888 2677 recesserit
902 2621 938 2677 ab
988 2626 1205 2684 matrimonium
1221 2625 1432 2694 desideraverit,
1442 2625 1553 2681 abenas
1562 2626 1626 2679 sita
1638 2619 1775 2679 ministerio.

122 2714 242 2771 ccclesia
253 2729 313 2782 sua,
328 2714 405 2769 nullo
419 2713 503 2769 modo
516 2713 546 2768 in
558 2714 613 2769 alia
626 2714 795 2786 suscipiatur
812 2714 937 2782 ecclesia,
989 2724 1021 2776 ut
1033 2726 1113 2777 vacet
1125 2738 1142 2774 a
1154 2719 1241 2776 clero.

123 2808 172 2864 sed
181 2808 298 2863 omniuo
307 2806 495 2878 compellatur
506 2809 538 2863 ut
545 2806 582 2862 ad
592 2823 672 2864 suam
685 2812 846 2864 revertatur
854 2807 939 2863 eccle·
1024 2814 1075 2868 XL.
1083 2815 1144 2868 Non
1152 2812 1399 2868 liceatdiaconum
1408 2813 1474 2867 ante
1483 2810 1686 2883 presbyterum
1695 2805 1775 2865 selae

122 2901 210 2972 siam3
223 2901 247 2956 si
260 2903 356 2956 autem
367 2900 558 2971 permanserit
579 2901 608 2956 ln
629 2901 773 2973 superbia,
789 2904 817 2956 et
835 2899 940 2957 reverti
989 2907 1045 2962 nisi
1057 2924 1124 2962 cum
1131 2907 1257 2977 jussione
1271 2905 1440 2978 presbyteri.
1816 2894 1819 2931 ¹

124 2993 259 3065 uoluerit,
281 2993 547 3049 excommunicetur
568 2996 598 3048 et
624 2993 798 3065 projiciatur.
823 2994 853 3049 Si
876 2993 940 3066 quis
1024 3001 1162 3055 XL1.N011
1185 2999 1269 3055 liceat
1289 2999 1403 3054 cuilibet
1423 2994 1583 3053 ministeria
1606 2984 1775 3067 tangeret&

123 3092 218 3144 summ
245 3088 392 3159 episcopus
423 3102 507 3142 ausus
537 3086 624 3142 fuerit
653 3102 720 3142 eum
745 3086 876 3142 ordinare
909 3086 939 3141 in
949 3133 977 3209 c
990 3092 1161 3148 subdiacono
1180 3097 1230 3147 aut
1251 3092 1392 3164 acolytho,
1406 3089 1437 3146 ln
1455 3090 1608 3146 secretario
1628 3097 1692 3145 vasa
1710 3081 1776 3142 iloni-

123 3197 176 3236 sua
205 3179 331 3250 ecclesia,
358 3195 418 3235 non
450 3179 643 3235 consentiente
678 3178 812 3251 episcopo
848 3196 898 3234 suo
923 3196 940 3234 a
989 3186 1063 3242 nica,

124 3290 182 3346 quo
197 3274 322 3342 recessit,
338 3272 478 3329 ordInatio
493 3272 568 3328 illius
582 3289 672 3328 vacua
685 3270 848 3344 deputetur.
1023 3279 1100 3334 XLII,
1126 3280 1188 3333 Iton
1214 3278 1294 3333 liceat
1323 3277 1477 3332 mutierem
1507 3275 1537 3331 in
1557 3275 1731 3331 secretarium
1748 3268 1775 3323 ie

157 3368 265 3423 XXXIV.
280 3367 308 3423 Si
330 3367 394 3438 quis
417 3366 575 3438 presbyter,
590 3371 640 3422 aul
660 3365 808 3436 diaconus,
822 3369 872 3421 aut
890 3366 939 3421 ali·
990 3371 1080 3445 gredi.

123 3463 187 3535 quis
199 3462 235 3516 de
248 3459 323 3517 clero
341 3459 488 3532 propriam
510 3459 656 3515 ecclesiam
677 3460 888 3531 derelinquens,
903 3459 940 3515 ad
1024 3467 1109 3521 XLIII.
1126 3465 1268 3533 Lector,si
1280 3464 1395 3519 viduam
1418 3463 1533 3518 alterius
1551 3462 1582 3518 in
1595 3469 1774 3518 uxorcmattr

122 3555 240 3612 alteram
254 3552 402 3609 ecclesiam
416 3552 502 3623 vadit,
514 3558 542 3608 ct
554 3554 644 3608 multo
654 3557 783 3625 tempore
795 3553 834 3608 ibi
844 3553 940 3608 damo-
989 3559 1073 3631 peril,
1087 3557 1118 3613 in
1130 3558 1245 3613 lectoris
1257 3561 1333 3613 statu
1346 3560 1522 3629 permaneat,
1530 3558 1580 3611 aut
1594 3555 1774 3610 alfortense

122 3652 213 3717 ratur,
230 3646 349 3703 omnino
371 3663 520 3719 nunquam
545 3646 689 3702 ministret
711 3646 741 3701 in
764 3647 850 3718 clero,
868 3652 896 3703 et
917 3647 940 3702 si
990 3653 1056 3707 sitas
1069 3652 1114 3721 sit,
1129 3652 1262 3707 diaconus
1275 3651 1334 3717 fiat,
1350 3651 1423 3705 nihil
1439 3654 1536 3705 antem
1552 3665 1650 3722 supra.
1670 3643 1774 3703 Similiter

123 3741 304 3798 admonuerit
316 3757 383 3797 eum
397 3740 547 3812 episcopus
559 3756 637 3806 suus,
653 3744 686 3794 ut
699 3739 736 3794 ad
748 3755 829 3794 suom
843 3738 940 3795 redeat
990 3751 1018 3801 m
1032 3746 1056 3800 si
1068 3745 1200 3817 bigamus
1216 3744 1312 3800 fuerit,

123 3834 297 3908 parochiam,
314 3838 343 3889 et
353 3833 446 3890 redire
458 3833 591 3903 noluerit,
608 3831 655 3887 ubi
669 3837 720 3902 est,
732 3832 773 3887 ibi
790 3833 826 3887 de
845 3831 939 3887 officio
1025 3839 1112 3894 XLIV.
1128 3838 1157 3893 Si
1173 3837 1364 3893 subdiaconus
1379 3835 1535 3892 secundam
1551 3835 1664 3891 duxerit
1677 3839 1772 3888 urano.

124 3945 175 3985 suo
188 3929 357 4000 deponatur,
373 3928 413 3982 ita
424 3931 457 3982 ut
467 3942 617 3998 nunquam
638 3925 668 3980 in
680 3942 765 3981 suum
780 3929 941 3980 revertatur
990 3932 1064 3986 inter
1078 3933 1199 3987 lectores
1214 3932 1258 3988 vel
1273 3930 1404 3986 ostiarios
1418 3928 1569 3997 habeatur,
1583 3929 1622 3983 ita
1644 3934 1674 3983 ,ι
1690 3924 1773 3997 Apum

125 4022 248 4094 gradum
266 4024 384 4092 propter
403 4019 594 4074 dissolutionis
615 4023 774 4090 peccatum.
796 4019 823 4073 Si
843 4022 940 4073 autem
990 4026 1051 4080 lum
1064 4042 1123 4081 non
1138 4026 1224 4096 legat,

125 4113 357 4187 episcopusalter
369 4128 436 4167 eum
457 4112 595 4184 receperit
609 4111 658 4183 qui
676 4113 711 4166 do
731 4113 812 4166 reatu
825 4111 885 4182 ejus
898 4115 941 4166 est
1025 4119 1098 4173 xLV,
1114 4120 1176 4173 Non
1197 4117 1279 4173 liccat
1299 4116 1329 4171 in
1353 4115 1461 4188 pulpito
1484 4114 1609 4187 psallere
1629 4118 1678 4168 cut
1695 4112 1770 4179 legera

126 4207 394 4277 conscius,oportet,
400 4204 495 4276 ipsum
505 4206 670 4277 episcopum
679 4204 739 4258 sine
747 4204 941 4276 increpatione
992 4211 1046 4267 nisi
1060 4211 1109 4283 qui
1124 4211 1159 4266 ab
1174 4210 1304 4282 episcopo
1317 4210 1436 4266 lectores
1450 4213 1516 4264 sunt
1528 4207 1665 4264 ordinati.

125 4299 156 4355 in
170 4298 317 4355 communi
329 4298 452 4354 concilio
465 4314 525 4354 nou
535 4297 662 4366 admitti,
675 4302 707 4352 ut
720 4297 942 4354 ecclesiasticum
1026 4306 1112 4360 XLVI.
1138 4303 1164 4360 Si
1188 4304 1250 4375 quis
1276 4302 1417 4375 obligatus
1442 4308 1485 4357 est
1508 4301 1617 4356 tributo
1639 4294 1729 4361 servili,
1744 4283 1771 4342 tel

126 4410 266 4451 moenem
277 4393 352 4449 ultra
364 4409 424 4449 11011
439 4393 537 4447 ⁵0lvat·
824 4416 826 4421 ·
991 4399 1085 4472 aliqua
1097 4396 1267 4465 conditione,
1280 4397 1324 4452 rel
1338 4394 1494 4468 patrocinio
1513 4393 1675 4466 cujusIIbet,
1690 4378 1772 4445 uolutl

162 4489 257 4545 XXXV.
279 4487 310 4544 Si
332 4487 396 4560 quis
420 4486 582 4559 episcopus,
604 4484 761 4558 presbyter,
783 4491 832 4542 aut
852 4487 981 4571 diaeol)
993 4491 1167 4549 ordinandus
1180 4491 1306 4560 clericus,
1322 4489 1377 4545 uisi
1390 4488 1595 4561 probataeritae
1609 4483 1773 4550 urentur·

126 4600 181 4639 nus
193 4581 462 4651 excommunicatus,
476 4581 507 4635 in
520 4580 639 4635 concilio
650 4580 755 4652 injuste
771 4596 800 4635 se
814 4581 944 4652 queritur
992 4585 1069 4642 troni
1081 4601 1235 4640 consensus
1249 4583 1408 4640 accesserit.

127 4678 360 4745 condemnatum,
375 4676 411 4731 ad
424 4675 568 4747 majorum
582 4674 778 4746 episcoporum
792 4674 943 4730 concilium
1026 4680 1125 4735 XLVII.
1153 4678 1181 4734 Si
1206 4678 1270 4750 quis
1295 4693 1409 4733 servum
1433 4676 1561 4731 alienum
1588 4689 1671 4729 causa
1695 4660 1773 4735 reddi

127 4768 944 4842 revertatur,uteorumiaquisitionemetjudiciumexspe·
992 4773 1037 4828 nis
1065 4772 1164 4827 doceat
1200 4774 1381 4827 contemnere
1417 4768 1568 4824 dominum
1592 4781 1687 4831 suum,
1707 4763 1730 4816 el
1748 4764 1774 4807 rt

128 4870 208 4922 ctans
221 4865 254 4935 (si
275 4879 346 4937 quas
370 4879 401 4918 se
420 4863 511 4935 J'ustas
532 4879 628 4917 causas
649 4862 757 4917 habere
780 4865 869 4934 putat)
889 4861 943 4917 illis
992 4866 1092 4922 cedere
1116 4882 1133 4919 a
1158 4865 1272 4920 servitio
1297 4864 1368 4934 ejus,
1388 4861 1536 4918 durissime
1557 4860 1589 4915 in
1613 4856 1731 4914 omnibus
1746 4856 1774 4898 Ψ

127 4961 258 5032 exponat.
271 4957 300 5014 Si
315 4960 413 5013 autem
432 4955 646 5027 contempserit,
661 4958 690 5009 et
711 4955 892 5027 importunas
913 4971 943 5011 se
993 4964 1109 5032 guatur.

127 5053 234 5126 palatio
245 5066 328 5107 aures
343 5049 507 5122 priucipum
525 5049 685 5121 inquietare
699 5049 831 5120 voluerit,
846 5049 891 5103 hic
906 5050 943 5105 ad
1029 5056 1136 5110 XLVIII.
1150 5056 1211 5109 Non
1224 5053 1308 5108 liceat
1323 5053 1353 5107 in
1366 5048 1585 5124 quadragesima
1608 5045 1708 5103 natales
1719 5045 1772 5094 mar

129 5147 238 5203 nobam
248 5145 358 5201 veniam
365 5144 471 5216 poterit
480 5143 739 5216 pervenire,neque
749 5160 830 5215 spem
839 5142 944 5199 futurae
992 5153 1089 5220 tyrum
1107 5146 1263 5214 celebrare,
1278 5145 1329 5201 sed
1343 5149 1457 5200 tautum
1475 5141 1590 5197 sabbam
1609 5146 1640 5196 et
1652 5128 1771 5194 mnino,

128 5238 369 5299 reconciliationis
381 5237 506 5293 habebit·
993 5258 1044 5314 pro
1057 5239 1327 5297 commemoratione
1342 5254 1443 5294 eorum
1456 5225 1615 5292 oblationes
1635 5231 1733 5291 ouem,
1741 5210 1772 5273 ’ἀ

163 5335 273 5392 XXXVI.
294 5332 323 5389 Si
342 5331 406 5405 quis
427 5330 585 5403 episcopus,
599 5330 656 5385 slve
679 5331 798 5403 alicujus
819 5331 944 5404 episcopi
994 5352 1047 5391 nec
1059 5334 1196 5404 natalitia,
1210 5349 1262 5389 nec
1273 5332 1386 5404 nuptias
1399 5331 1482 5386 liceat
1493 5329 1522 5384 iu
1536 5322 1772 5401 quadragesim&

128 5429 288 5504 presbyter,
302 5426 511 5495 aut-diaconus,
525 5425 555 5478 in
568 5423 689 5496 alicujus
706 5423 824 5479 haeresis
838 5423 944 5495 opimo
993 5428 1105 5485 lebrari.
1816 5422 1819 5441 ¹

127 5540 195 5580 nem
209 5521 412 5591 offenderil,ct
424 5519 460 5574 ob
474 5518 546 5573 hanc
559 5534 674 5573 causam
686 5517 944 5575 fueritexcommu·
1029 5523 1115 5581 XLIX.
1133 5521 1194 5577 Non
1207 5520 1290 5577 liceat
1311 5524 1379 5576 ante
1397 5519 1469 5575 duas
1488 5515 1662 5587 septimanas
1680 5501 1773 5565 Pelei&

128 5618 248 5684 nicetus,
263 5614 360 5671 nullus
374 5612 522 5685 episcopus
535 5625 603 5664 eum
616 5610 646 5665 in
660 5611 945 5668 communionemre·
994 5616 1042 5671 sed
1064 5621 1130 5670 ante
1154 5620 1222 5685 tres,
1242 5614 1277 5669 ad
1305 5612 1478 5685 baptismum
1505 5608 1650 5681 suscipere
1670 5601 1775 5689 211un
1811 5622 1819 5643 ⁴

130 5709 226 5780 cipiat,
241 5708 298 5764 nisi
309 5707 388 5778 prtus
401 5705 431 5760 in
443 5703 592 5761 communi
605 5704 723 5760 concilio
737 5709 866 5777 porrecto
878 5706 944 5763 fidei
993 5709 1110 5781 Oportet
1131 5713 1227 5765 autem
1248 5712 1281 5763 ut
1301 5707 1332 5763 in
1352 5706 1422 5778 ipsis
1446 5703 1548 5761 diebtts
1572 5699 1623 5774 qui
1646 5680 1778 5769 mpmub

129 5800 295 5869 suaelibelto
309 5799 464 5857 salisiaeIat
478 5796 621 5853 omnibus.
634 5798 779 5855 ilocidem
792 5800 944 5856 etdetlde
994 5806 1070 5869 sunt,
1093 5803 1255 5875 symbolum
1281 5801 1399 5867 discant,
1420 5803 1449 5854 ot
1474 5798 1505 5853 in
1533 5788 1723 5869 quioniam
1745 5792 1780 5837 ll·
