3870 6150
60 115 118 167 aas
684 113 920 171 OECttE't'atrt'tt
938 116 1131 173 cartherio.
1697 114 1748 165 sito

61 223 115 283 tat,
142 237 258 276 necesse
281 226 441 277 esttamen
463 238 516 277 uos
537 223 633 278 dolere
652 239 751 278 eorum
776 223 883 292 ruinas,
896 228 1069 308 Annircrsa
1093 227 1222 299 corporis
1242 223 1344 281 Christi
1367 223 1496 279 ineurbra
1514 221 1674 294 pulsantur.
1691 219 1748 276 Sod

60 330 116 383 per
128 330 203 386 quos
216 315 318 370 veritas
329 315 526 388 impugnatur,
542 321 569 371 et
583 316 737 387 ipsatotius
752 318 882 373 Ecclesiae
936 321 1004 394 quia
1019 321 1176 392 gloriosum
1194 319 1273 374 nobis
1294 324 1345 386 cst,
1366 315 1502 388 quidquid
1522 331 1574 369 nos
1596 315 1651 386 pati
1676 315 1749 368 Oens

59 407 252 464 fundamenta
270 409 446 480 quatiuntur.
469 410 541 475 Quia
557 427 624 464 voro
639 411 820 480 providentia
833 412 881 467 liei
933 415 1060 482 coluerit,
1085 430 1137 486 pro
1158 414 1274 468 veritate
1293 413 1434 477 tolerare,
1458 411 1487 464 in
1507 408 1682 463 consortium
1700 423 1748 461 vos

61 519 180 573 semper
204 502 261 556 suis
289 503 478 557 necessarium
502 508 615 575 prrestat
638 504 783 572 auxilium,
811 506 882 560 scire
933 509 1074 581 patientias
1096 508 1224 581 paternis
1245 504 1491 561 exhortationibus
1509 503 1689 571 advocamus,
1716 504 1747 556 ut

61 595 153 650 debet
166 595 330 652 fraternitas
344 601 390 651 tna
412 614 462 651 nos
481 614 532 669 pro
546 599 691 654 communi
714 615 793 654 causa
810 599 882 655 nihil
932 604 1175 675 perdilectionem
1191 605 1326 668 vestram,
1336 599 1468 654 omuibus
1479 599 1538 653 Deo
1550 595 1746 664 servientibus,

62 706 167 746 corum
184 708 249 762 qnae
264 691 376 763 agenda
390 681 458 746 sunt
472 691 627 762 praeterire,
649 697 679 746 ut
701 693 832 763 primitus
846 693 881 748 ad
934 716 998 770 qum
1020 697 1186 771 scripsimus
1208 696 1395 759 innotescant,
1416 694 1445 748 et
1464 690 1587 746 inimicis
1601 688 1748 759 Evangelii

62 800 99 838 ea
124 800 192 855 quae
220 783 397 839 universitati
424 785 552 840 fidelium
579 785 704 857 prosint,
734 787 883 857 pervenire
933 792 1105 861 resistentes,
1119 807 1170 846 nec
1185 789 1309 862 pastoris
1321 787 1405 843 vestri
1419 785 1610 853 dilectionem,
1622 800 1675 839 nec
1687 784 1748 838 ani·

62 893 245 933 mereamur.
264 877 312 932 Sin
331 882 374 931 est
393 881 425 932 ut
442 876 554 933 fortiter
573 878 689 933 interim
705 877 819 934 dilectio
834 889 883 934 tua
932 891 1020 941 tatem
1033 885 1179 940 catholiea,
1193 883 1261 938 fidei
1275 880 1423 937 deseratis.
1438 878 1580 943 Quoniam
1595 894 1629 932 ea
1639 893 1702 949 quae
1716 876 1746 932 in

62 971 182 1040 toleret,
199 970 329 1042 quesibi
351 971 386 1026 ad
408 975 546 1026 aternam
563 972 680 1043 gloriam
698 988 756 1027 non
771 972 883 1028 dubitat
932 980 1043 1050 Epheso
1063 995 1155 1050 nuper
1175 980 1274 1032 cantra
1293 975 1436 1046 justitiam
1448 972 1493 1028 vel
1507 987 1651 1026 canonum
1666 971 1747 1026 disci·

61 1064 228 1135 profutura
245 1066 374 1121 Perlator
388 1081 456 1120 sane
472 1065 566 1120 brevis
581 1066 665 1136 hujus
679 1066 805 1136 epistolae
815 1066 883 1121 fidei
934 1073 1040 1144 prinam
1055 1089 1106 1143 per
1118 1071 1204 1126 unius
1219 1069 1343 1124 hominis
1356 1066 1565 1139 impudentiam
1580 1070 1658 1136 gesta
1671 1068 1746 1132 sant,

60 1173 203 1214 sermone
228 1159 332 1230 poterit
355 1174 488 1213 enarrare
511 1158 652 1230 quidquid
672 1159 740 1215 illud
766 1163 817 1227 est,
847 1160 883 1215 ad
932 1167 1010 1221 nulla
1023 1165 1169 1220 catholicae
1182 1164 1248 1218 fidei
1263 1162 1336 1217 ratio
1352 1167 1414 1216 rata
1429 1176 1490 1215 esse
1505 1158 1654 1231 permittit.
1677 1159 1748 1214 Oata

59 1251 142 1323 quod
161 1252 315 1323 adjuvante
334 1253 466 1318 Domino,
487 1251 581 1307 studio
600 1253 667 1307 fidei
687 1258 714 1308 et
736 1253 883 1308 charitatis
933 1277 981 1315 vnr
997 1260 1059 1314 ldas
1073 1258 1212 1319 Octobris,
1231 1256 1344 1311 Asturia
1360 1260 1388 1310 et
1402 1256 1563 1326 Protogene
1576 1252 1747 1308 causalibus.

59 1345 254 1401 intendimus.
270 1348 341 1402 Data
355 1361 384 1402 nr
400 1346 541 1402 Xalendas
562 1346 700 1413 Octobris,
721 1347 835 1402 asturio
854 1351 883 1403 et

60 1441 227 1510 Protogene
240 1439 413 1494 consulibus.

61 1545 188 1602 rnatu.
211 1576 245 1585 -
269 1546 350 1615 cujas
368 1549 490 1616 capenae
511 1547 702 1601 adtalionem
720 1548 881 1616 episcopam.

98 1638 231 1709 Cognitis
245 1654 309 1709 ques
323 1639 398 1709 apud
411 1639 553 1709 Ephesum
567 1639 652 1694 unius
664 1638 789 1693 hominis
809 1603 921 1709 pree·B

57 1733 227 1804 sumptione
242 1737 307 1787 sunt
322 1736 413 1802 gesta,
429 1749 536 1804 magno
547 1733 663 1804 quidem
678 1732 775 1787 dolore
789 1733 883 1787 allecti

59 1842 174 1892 samus,
188 1826 223 1880 de
234 1825 278 1880 his
291 1841 353 1896 quae
365 1826 453 1897 impie
463 1826 626 1897 furioseque
636 1826 790 1880 commissa
798 1829 882 1893 sunt;

60 1919 113 1973 sed
129 1919 168 1974 ad
182 1919 334 1974 Oominum
349 1922 476 1974 nostrum
490 1920 603 1974 animos
623 1919 791 1991 dirigentes,
808 1919 881 1974 mal-

62 2018 126 2066 tam
147 2013 280 2068 fiduciam
294 2013 402 2083 abipsa
418 2029 505 2084 quam
520 2013 668 2085 sequimur
682 2013 799 2068 veritate
814 2029 881 2067 con·

61 2107 197 2176 cipimus,
208 2107 437 2162 nonamitteutes
447 2107 545 2161 omnia
555 2123 649 2176 agere,
662 2123 725 2177 quae
733 2107 884 2162 auxitiante

62 2199 113 2255 Oei
124 2199 229 2271 gratia,
244 2200 385 2255 credimus
399 2200 557 2271 profutura.
573 2199 741 2254 Tenendum
754 2216 824 2270 crgo
837 2216 883 2254 no

61 2294 106 2349 bis
128 2293 269 2363 estquod
290 2299 431 2361 terremus,
455 2297 484 2347 et
511 2293 645 2347 saeviente
660 2294 742 2348 unius
762 2293 884 2348 turbinis

62 2387 201 2458 procella,
216 2386 397 2442 serenissima
406 2387 472 2442 fldci
482 2390 526 2441 est
534 2386 737 2457 amplectenda
745 2387 882 2458 tranquil·

62 2483 139 2548 litas,
161 2482 253 2537 donec
266 2481 362 2537 radios
377 2499 442 2536 suos
453 2481 557 2537 veritas
570 2499 622 2553 per
635 2482 769 2537 universa
782 2481 884 2537 diffun-

63 2575 124 2644 dat,
139 2578 169 2630 et
176 2576 329 2647 caliginem
344 2575 520 2631 inlldelitatis
533 2579 691 2631 consumat.
707 2576 775 2640 aaa
786 2579 884 2630 autem

64 2669 883 2740 dispositasuntperlatorisserruonemagnosces.Oatarn

64 2762 131 2817 idus
138 2761 278 2832 Octobris,
290 2763 401 2818 asturio
415 2768 443 2818 et
458 2764 618 2834 Protogene
633 2761 805 2817 consulibus.

65 2865 201 2921 tamur.
229 2895 263 2907 -·
284 2865 328 2922 Aa
346 2869 472 2922 Faustam
492 2870 517 2920 ct
529 2870 634 2920 caeteros
648 2865 884 2922 Arctimanalritas

309 2937 630 3007 Constantinopolitanae.

101 3032 160 3086 Leo
173 3034 203 3084 et
217 3033 313 3084 sancta
329 3029 454 3100 synodus
469 3046 533 3100 qum
551 3029 579 3083 in
596 3029 665 3084 urbe
682 3030 772 3084 Roma
784 3045 885 3084 conve·

65 3125 120 3191 nit,
136 3125 252 3192 Faasm,
267 3123 402 3190 Manrruo,
427 3124 526 3189 Parra,
546 3122 654 3192 llaauo,
672 3127 700 3177 ct
717 3123 789 3177 Ena
803 3139 882 3194 pres·

63 3216 185 3290 byteris,
200 3221 229 3271 et
239 3216 477 3271 archimandritis
497 3216 823 3287 constantinopolitanis,
841 3217 882 3272 di·

64 3309 230 3366 lectissimis
244 3309 320 3376 frliis,
334 3309 364 3364 in
380 3308 502 3364 Domino
519 3310 649 3364 salutem.

100 3403 240 3468 Quamvis
254 3419 287 3457 ea
300 3419 364 3474 qure
376 3403 411 3457 ad
424 3402 768 3473 constantinopolitanam
790 3403 882 3459 Eccle-

65 3499 140 3554 siam
160 3496 336 3568 scripsimus,
360 3496 580 3552 sollicitudinem
605 3495 764 3552 devotionis
786 3501 884 3553 vestrae

64 3593 158 3649 tatere
176 3606 234 3646 non
256 3594 385 3662 possunt,
408 3595 506 3645 tamen
528 3590 614 3645 etiarn
627 3589 794 3660 specialibus
813 3590 883 3645 dile-

67 3685 193 3741 ctionem
212 3687 335 3739 vestram
350 3684 450 3739 litteris
473 3683 680 3740 cohortandam
696 3699 756 3738 esse
768 3683 886 3739 credidi·

67 3795 145 3847 mus,
171 3782 205 3833 ut
225 3794 367 3833 memores
392 3781 496 3832 sancta
516 3776 697 3848 professionis
708 3782 808 3832 vestras
821 3793 886 3848 qnae

67 3872 186 3946 proprie
200 3872 228 3927 iu
244 3872 300 3927 frde
310 3877 338 3928 et
351 3872 487 3926 charitate
501 3871 636 3937 consistit,
651 3870 747 3925 omnia
757 3871 886 3926 scandala

65 3969 243 4040 quaecontra
255 3982 355 4038 pacem
372 3965 501 4020 Ecclesiae
517 3970 577 4019 orta
592 3967 668 4032 sunt,
683 3981 700 4018 a
714 3964 815 4018 vestris
828 3981 886 4018 eor-

65 4060 152 4116 dibus
162 4061 304 4131 repellatis
315 4059 392 4113 beati
405 4058 530 4129 Apostoli
543 4058 715 4113 sententiam
731 4057 778 4129 pia
791 4064 887 4113 mente

66 4153 228 4211 retinentes
242 4170 249 4207 ε
265 4175 278 4202 a
295 4153 324 4208 Si
335 4153 399 4224 quis
409 4152 489 4207 vobis
501 4150 736 4223 evangelizaverit
746 4151 886 4221 praeteriri

65 4246 147 4320 quod
170 4247 328 4317 accepistis,
356 4247 512 4301 anathema
533 4246 568 4301 sit
591 4246 661 4316 (Gal.
679 4261 697 4311 r,
713 4245 749 4314 8),
765 4266 778 4293 »ι
796 4247 887 4299 custo·

64 4450 164 4507 scopo.
180 4450 266 4506 quem
285 4434 321 4488 ad
343 4437 455 4504 tempus
477 4433 615 4488 Dominus
635 4433 767 4504 permisit
782 4432 885 4503 impio·

65 4544 136 4584 rum
149 4527 273 4582 factione
289 4527 403 4595 tentari,
424 4531 457 4582 ut
471 4527 621 4598 probatum
645 4527 697 4581 sibi
712 4525 886 4581 sacerdotem

66 4637 154 4677 suum
163 4622 379 4693 perseverantiae
389 4622 491 4676 merito
497 4621 602 4675 faceret
608 4620 768 4677 clariorem.
778 4621 825 4674 flae
835 4637 884 4674 aa·

66 4719 128 4771 tem
135 4714 718 4786 perturbationes,necesscest,aaxiliante
727 4714 774 4769 Oei
785 4719 887 4784 gratia,

67 4807 204 4865 celeriter
214 4808 408 4874 destruantur,
416 4811 444 4863 et
452 4824 539 4862 omne
551 4806 628 4878 quod
638 4806 794 4877 reprobum
802 4809 844 4860 cst
853 4806 888 4860 ab

67 4901 204 4958 Ecclesiae
228 4902 359 4972 puritate,
381 4918 445 4973 qum
471 4917 524 4956 nec
545 4900 698 4969 maculam,
720 4917 771 4954 nec
787 4916 889 4971 rugam

67 4994 185 5066 recipit,
201 4999 362 5066 respuatur,
374 4996 499 5050 maxime
508 5011 574 5048 cam
589 4994 625 5049 ab
637 4993 736 5049 insana
746 4992 891 5065 imperitia

67 5091 99 5145 in
115 5088 173 5144 hoc
184 5104 274 5160 usque
283 5093 460 5161 praemptum
471 5087 517 5154 sit,
528 5091 671 5143 utcontra
682 5092 890 5142 sacramentam

67 5183 172 5239 salutis
201 5183 337 5238 hnmana
356 5182 558 5238 incarnationis
573 5181 688 5236 [lamini
716 5181 806 5237 nostri
825 5182 890 5237 Jesu

950 1403 1075 1457 LXXXIV.
1108 1434 1135 1444 -
1161 1405 1226 1475 ltnn
1255 1402 1348 1455 Leonis
1381 1399 1418 1453 ad
1449 1400 1598 1455 Martinam
1623 1398 1732 1469 presby-

1294 1476 1389 1526 teram.

968 1589 1077 1643 Gratias
1091 1589 1203 1660 agimus
1222 1588 1292 1654 Oea,
1308 1588 1337 1641 et
1350 1585 1471 1640 multam
1484 1583 1617 1639 fiduciam
1634 1584 1687 1656 piae
1699 1601 1748 1639 ex·

934 1682 1092 1737 saltationis
1106 1681 1279 1753 accepimus,
1295 1696 1360 1735 cam
1376 1676 1557 1733 dilectionem
1572 1682 1649 1733 taam
1661 1681 1690 1732 et
1701 1695 1749 1733 ca·

933 1776 1068 1830 thalicam
1090 1774 1312 1840 fraternitatem,
1338 1774 1377 1828 ita
1404 1772 1537 1843 spiritum
1561 1770 1626 1826 fidei
1651 1771 1750 1842 vigere

934 1869 1140 1940 cognoscimus,
1166 1871 1198 1922 ut
1217 1867 1349 1923 cordibus
1373 1865 1472 1921 vestris
1492 1865 1564 1920 nihil
1578 1864 1751 1919 infirmitatis

934 1963 1067 2017 haeretica
1082 1962 1170 2033 possit
1188 1961 1295 2016 inferre
1315 1960 1445 2027 tentatio,
1462 1959 1498 2013 ad
1514 1975 1601 2030 qnam
1617 1958 1751 2014 divinitus

934 2057 1147 2122 destruendam,
1169 2072 1221 2110 nec
1242 2055 1343 2121 defuit,
1365 2054 1405 2125 (ut
1426 2053 1512 2124 scitis)
1526 2051 1684 2108 sollicitudo
1698 2069 1749 2107 no-

934 2154 1002 2219 stra,
1025 2165 1077 2204 nec
1094 2149 1193 2215 deerit,
1207 2149 1297 2204 donec
1310 2147 1497 2219 Omnipotens
1512 2145 1629 2202 dextera
1653 2145 1751 2201 amnia

935 2243 1039 2298 diaboli
1057 2259 1137 2297 arma
1157 2242 1331 2313 confringat.
1347 2241 1396 2296 Cui
1412 2240 1447 2295 ob
1460 2240 1513 2295 hoc
1528 2239 1634 2311 aliquid
1646 2239 1751 2296 audere

934 2335 1117 2408 permittitur,
1134 2341 1164 2390 ut
1177 2353 1193 2389 a
1208 2334 1341 2389 fidelihus
1355 2333 1457 2389 Christi
1472 2334 1562 2405 gloria
1576 2333 1683 2404 majore
1693 2333 1752 2388 vin·

934 2434 1023 2484 catur.
1039 2429 1094 2484 Sed
1109 2428 1178 2501 quid
1194 2431 1290 2482 autem
1305 2427 1506 2482 difficultatum
1527 2426 1690 2495 intervenit,
1704 2429 1753 2481 aut

935 2538 1090 2589 morarum,
1107 2539 1172 2577 cum
1186 2521 1398 2593 sequanimilate
1413 2520 1595 2576 tolerandum
1612 2522 1663 2588 est,
1679 2537 1750 2592 qao-

935 2616 1011 2670 niam
1025 2615 1072 2670 abi
1089 2616 1190 2670 veritas
1206 2617 1248 2670 est
1261 2614 1409 2686 magistra,
1424 2630 1574 2685 nunquam
1588 2613 1693 2669 desunt
1706 2613 1750 2668 di·

933 2707 999 2763 vina
1008 2708 1117 2776 solatia,
1127 2709 1230 2763 fratres
1241 2707 1407 2763 charissimi.
1422 2706 1554 2772 Quamvis
1564 2722 1635 2778 erga
1647 2722 1751 2777 magna

934 2803 1061 2857 locorum
1076 2802 1222 2856 intervalla
1236 2818 1286 2856 nos
1299 2800 1435 2865 dividant,
1450 2800 1560 2854 unitate
1575 2804 1672 2854 tamen
1684 2799 1752 2854 fidei

935 2896 1078 2950 vobiscum
1099 2912 1208 2964 sumus,
1224 2900 1252 2950 et
1262 2899 1321 2949 toto
1336 2893 1421 2949 corde
1434 2895 1530 2948 lesum
1543 2892 1685 2948 Christum
1697 2894 1756 2949 oo:

893 2969 1045 3044 Cminum
1059 2992 1188 3044 nostrum
1210 3004 1309 3042 verum
1331 2989 1430 3054 Oeam,
1451 2992 1479 3041 et
1491 3002 1591 3041 verum
1605 2986 1752 3042 hominem

934 3083 1110 3151 confitentes,
1136 3082 1212 3136 nulla
1231 3082 1261 3135 in
1284 3079 1363 3135 vobis
1377 3080 1548 3135 detrimenta
1563 3080 1750 3151 perpetimur,

934 3191 998 3229 cum
1023 3175 1057 3228 de
1082 3178 1181 3229 rostrae
1203 3173 1383 3245 professionis
1406 3171 1559 3227 concordia
1582 3172 1750 3242 gloriamur,

933 3271 1046 3323 tantum
1058 3272 1090 3323 ut
1099 3268 1143 3333 sit,
1159 3267 1322 3335 (auxiliante
1335 3266 1477 3336 Domino),
1488 3266 1646 3320 constantia
1660 3281 1752 3337 perse-

934 3377 1045 3428 verans,
1060 3361 1171 3415 dicente
1183 3360 1340 3431 Apostolo:
1361 3381 1374 3407 a
1389 3358 1473 3413 Vobis
1490 3358 1569 3412 enim
1589 3357 1689 3412 datum
1710 3360 1752 3412 est

935 3470 986 3524 pro
997 3453 1106 3510 Christo
1122 3470 1178 3507 non
1192 3453 1284 3507 solam
1297 3455 1328 3506 ut
1341 3452 1370 3506 in
1382 3468 1448 3506 earn
1458 3450 1588 3518 credatis,
1604 3450 1750 3506 sedetiam

934 3554 966 3601 ut
978 3563 1030 3619 pro
1048 3547 1096 3602 illo
1111 3546 1260 3618 patiamini
1274 3546 1383 3616 trtitrp.
1400 3563 1420 3612 r,
1436 3545 1491 3614 aa).
1508 3566 1522 3593 »
1537 3544 1578 3600 ltd
1593 3560 1678 3614 quam
1695 3545 1752 3599 far·

935 3640 1087 3695 titudinem
1106 3643 1267 3694 sanctarum
1280 3638 1422 3694 mentium
1437 3637 1640 3705 roborandam,
1651 3639 1753 3693 fratres

936 3737 1048 3789 nastros
1060 3737 1145 3805 atque
1159 3732 1278 3805 legatos,
1294 3749 1365 3804 quos
1382 3748 1436 3804 pro
1456 3731 1618 3802 apostolice
1636 3731 1702 3786 fidei
1717 3731 1751 3786 li-

936 3828 1044 3883 bertate
1062 3826 1239 3895 direximus,
1259 3829 1288 3881 et
1307 3842 1377 3897 quos
1397 3824 1507 3881 dudum
1531 3823 1606 3896 apud
1628 3840 1677 3880 vos
1691 3840 1752 3880 esse

935 3920 1116 3989 confidimus,
1137 3920 1293 3992 plurimum
1313 3919 1456 3975 credimus
1476 3917 1657 3990 profuturos,
1686 3913 1752 3974 curr'r

935 4014 1022 4068 totius
1034 4013 1153 4069 actionis
1166 4018 1269 4068 nostrae
1276 4012 1439 4067 didiceretis
1452 4011 1599 4078 affectum,
1614 4014 1641 4066 et
1656 4027 1753 4066 curam

936 4111 1059 4162 vestram
1072 4112 1157 4179 atquc
1172 4107 1320 4162 consilium
1336 4106 1413 4178 operi
1424 4105 1588 4176 junxeritis,
1603 4105 1637 4161 de
1653 4122 1711 4178 qua
1722 4122 1754 4160 re

937 4217 993 4255 non
1009 4218 1124 4256 necesse
1141 4207 1183 4256 est
1203 4217 1279 4256 nnnc
1295 4201 1379 4255 latius
1395 4199 1529 4268 scribere,
1546 4216 1611 4254 cum
1626 4199 1689 4271 Jam
1702 4216 1754 4271 per

65 4341 94 4396 d.
243 4340 248 4349 .
737 4339 742 4349 .
863 4338 868 4349 .
936 4294 1110 4365 supradictos
1129 4294 1298 4349 sufficientes
1312 4294 1448 4365 epistolas
1461 4293 1633 4362 miserimus,
1648 4293 1753 4365 quibus

87 4344 183 4396 rentes
201 4344 340 4395 unitatem
355 4356 421 4394 cum
446 4340 531 4394 fratre
550 4342 649 4394 nostro
670 4338 925 4411 Flaviano,epr·1)

937 4387 1180 4443 abundantissime
1195 4388 1289 4442 amnis
1303 4387 1438 4442 catholica
1454 4386 1616 4441 fraternitas
1629 4385 1753 4440 instrua-

937 4487 993 4547 tur,
1020 4480 1123 4536 divinas
1151 4480 1205 4535 erit
1228 4480 1339 4535 virtutis
1366 4483 1395 4534 et
1419 4478 1529 4550 gratiae,
1547 4479 1753 4546 utOeiFilius,

939 4575 986 4646 qui
1000 4578 1132 4629 naturam
1148 4575 1268 4628 humani
1288 4573 1402 4644 generis
1424 4589 1505 4626 suam
1530 4571 1607 4640 fecit,
1631 4573 1754 4643 amplias

852 4713 857 4723 .
938 4685 1024 4740 quam
1045 4668 1186 4738 videmus,
1202 4672 1252 4723 aut
1266 4667 1400 4738 sapimus,
1418 4682 1554 4736 magnum
1569 4665 1683 4737 pietatis
1696 4683 1754 4721 suar

938 4767 1044 4817 asserat
1054 4767 1275 4830 sacramentum,
1290 4760 1366 4831 qaod
1378 4759 1466 4831 impia
1476 4760 1621 4816 temeritas
1632 4760 1685 4815 sibi
1696 4762 1756 4833 qui-

939 4856 1005 4910 dem
1018 4855 1166 4925 fraudavit,
1182 4856 1228 4911 sed
1245 4854 1329 4909 rectis
1345 4853 1477 4908 cordibus
1491 4870 1550 4909 non
1566 4854 1670 4926 potuit.
1688 4855 1755 4909 Oata

940 4948 1004 5003 ldns
1020 4948 1204 5021 Septembris,
1225 4947 1425 5002 Valentiniano
1442 4952 1469 5002 et
1488 4946 1614 5003 Avennio
1633 4947 1755 5002 consuli-

940 5042 1003 5096 bus.

987 5163 1103 5218 LXXXV.
1120 5192 1154 5204 -
1168 5163 1296 5232 Ejmdem
1309 5163 1346 5217 ad
1360 5164 1529 5218 bfarttauam
1547 5163 1711 5232 Augustam.

67 5275 177 5333 Christi
196 5275 299 5332 veritas
312 5276 480 5349 denegetur,
495 5282 579 5347 atque
595 5276 721 5346 antiquae
736 5274 802 5329 ndei
816 5290 889 5346 prae·
978 5274 1095 5330 Litteras
1117 5275 1229 5346 pietatis
1247 5279 1347 5330 vestrm
1366 5275 1505 5346 accepisse
1524 5289 1570 5327 mo
1591 5272 1713 5343 gaudeo,
1730 5277 1759 5327 ct

69 5371 185 5426 dicator
197 5372 283 5442 atque
294 5370 438 5438 defensor,
455 5370 523 5442 quia
538 5385 595 5424 non
607 5369 749 5440 acquievit
758 5367 890 5439 blesphe·
943 5369 978 5423 ad
990 5368 1233 5440 significationem
1250 5370 1336 5426 totius
1350 5366 1543 5441 prosperitatis
1557 5365 1700 5437 pertinere
1715 5383 1760 5422 co·

71 5464 149 5533 ruiis,
170 5479 240 5535 quas
254 5464 322 5521 olim
336 5466 423 5521 sancti
439 5466 535 5520 Patres
548 5463 635 5518 nostri
650 5463 681 5517 in
691 5461 790 5517 multis
804 5462 893 5518 heare·
944 5479 1058 5534 gnosco,
1072 5479 1139 5519 cum
1152 5479 1302 5520 sermones
1317 5463 1402 5518 vestri
1415 5478 1463 5515 vos
1478 5459 1583 5514 faciant
1595 5458 1759 5531 integritate

71 5558 137 5613 ticis
149 5558 332 5628 damnavere,
355 5558 522 5630 subjiciatur
542 5557 665 5628 injuriis.
682 5557 713 5611 ln
727 5572 784 5628 qua
795 5557 893 5627 utique
944 5572 1067 5612 securos.
1078 5558 1201 5623 Quantas
1211 5558 1308 5629 itaque
1321 5555 1480 5611 clementiae
1489 5556 1590 5608 vestrae
1601 5554 1708 5625 gratias
1719 5569 1760 5609 re·

73 5653 210 5709 omnium
226 5651 340 5709 Oomini
356 5652 536 5710 sacerdotum
553 5650 709 5708 reverentia
731 5649 850 5720 ceditur,
866 5654 895 5707 et
946 5650 1082 5720 teramus,
1103 5668 1161 5708 non
1183 5669 1216 5708 ex
1242 5651 1332 5707 verbis
1352 5648 1468 5719 nostris,
1489 5648 1541 5704 sed
1561 5666 1599 5704 ea
1617 5646 1773 5700 seusticus
