3870 6150
173 276 192 315 x
613 261 757 316 arethe.
778 260 822 315 ΑΙ)
840 260 920 313 SAEC.
942 259 985 315 lx.
1000 290 1035 300 -
1055 262 1207 317 {sterilius
1226 262 1419 319 uuflcl'lulr.

171 383 293 452 Blascus,
311 402 335 440 c.
350 391 365 440 7
388 402 450 441 suae
467 386 503 441 de
521 386 695 442 collectione
713 384 811 441 lsidori
827 384 991 441 llercatoris
1008 385 1226 456 dissertationis,
1248 387 1315 460 (30*)
1333 389 1478 460 lloguntia
1495 393 1594 445 tamen
1614 390 1741 461 primum
1762 392 1856 447 locum

172 472 248 528 inter
262 474 376 547 imperii
391 476 564 532 Francorum
581 477 661 532 sedes
673 468 760 547 longo
774 478 904 548 tempora
917 475 1044 546 retinuit,
1058 480 1092 531 ut
1103 477 1180 533 idem
1193 495 1217 533 c.
1236 482 1266 533 la
1282 479 1408 534 ostendit
1421 480 1516 534 latius.
1530 479 1666 551 Adeoque
1680 481 1762 536 facile
1773 484 1856 544 Boni-

171 564 240 619 lacii
266 565 420 620 successori
442 582 478 620 ea
498 567 616 622 ambitio
639 567 669 622 in
692 570 821 621 mentem
839 566 926 633 venit,
946 570 979 622 ut
996 567 1133 623 Bonisacii
1154 569 1360 640 praerogativas
1377 569 1406 623 in
1420 585 1449 624 se
1466 573 1527 624 tum
1543 570 1656 639 servari,
1671 575 1733 625 tum
1746 574 1857 627 restitui

171 654 337 725 postularet.
352 654 490 725 Ricullus,
505 656 555 727 qui
570 656 681 711 Lullurn
695 661 807 711 secutus
821 657 873 723 est,
887 654 1080 727 Salisburgum
1101 662 1129 712 et
1150 657 1298 712 Coloniam
1319 658 1350 712 in
1371 659 1543 729 metropoles
1563 660 1636 731 erigi
1654 660 1758 715 invitus
1776 662 1857 716 vidit.

171 743 287 815 otgario
301 745 418 800 sedente
432 746 462 800 in
475 762 509 800 eo
524 749 595 815 erat,
605 749 638 801 ut
652 762 717 818 pars
728 745 824 815 major
833 744 1081 816 suffraganeorum
1090 747 1244 818 lloguntiru
1256 747 1425 818 eriperetur,
1436 749 1786 821 proindequecldioecesis
1798 767 1856 806 me-

171 833 333 904 tropolitica
347 833 534 905 minueretur,
554 852 620 890 cum
632 835 788 890 Ludovicus
803 835 988 890 Germanicus
1001 840 1097 906 partes
1111 836 1224 915 imperii
1244 836 1426 892 cisrhenanas
1439 841 1471 892 ut
1483 838 1537 892 sibi
1550 840 1677 911 proprias
1690 840 1857 908 vindicaret,

171 920 324 994 provinciae
340 939 405 978 vero
420 924 616 980 ecclesiasticen
626 926 698 980 lines
710 941 866 996 regnorum
880 924 959 997 sequi
972 925 1107 981 solerent.
1123 926 1191 980 llinc
1207 927 1380 995 factumest,
1400 931 1430 982 ul
1445 927 1579 1000 Olgarius
1591 932 1741 1000 tantopere
1757 930 1859 984 unitati

170 1012 285 1084 imperii
307 1012 444 1081 studeret,
467 1015 608 1070 Ludovico
628 1015 673 1070 Pio
692 1016 901 1081 adversaretur,
923 1031 988 1070 cum
1002 1015 1149 1084 alsatiam,
1165 1016 1301 1071 Sireviam
1314 1021 1342 1072 et
1362 1022 1474 1089 partem
1490 1018 1664 1088 Burgundirc
1684 1018 1742 1072 silio
1758 1019 1859 1073 Cerolu

171 1102 352 1172 concederet,
368 1103 498 1159 Lethario
513 1105 629 1174 lateret,
646 1123 712 1161 cum
727 1106 868 1177 integram
881 1106 972 1162 Caroli
984 1106 1077 1177 ldagni
1091 1105 1286 1161 haereditatem
1299 1108 1456 1178 appeteret.
1472 1107 1554 1170 Quod
1568 1107 1697 1178 apprime
1710 1107 1739 1161 iu
1754 1109 1858 1164 Uecre·

171 1192 457 1265 talibus-expressum
479 1195 615 1267 reperias.
636 1196 782 1267 Pelagium
801 1197 823 1249 ll
838 1211 943 1267 papam
962 1196 1001 1250 sic
1017 1196 1180 1267 loquentem
1201 1195 1312 1250 inducit
1332 1201 1417 1267 atque
1432 1202 1633 1267 exponentem,
1651 1198 1719 1269 quid
1735 1199 1770 1252 sit
1782 1199 1859 1268 justa

172 1284 317 1357 provincia
333 1285 520 1340 ecclesiastico
534 1286 587 1358 (31)
602 1303 608 1341 :
628 1308 641 1334 «
656 1287 695 1340 Ue
710 1290 825 1355 cetero,
838 1286 950 1353 iratres,
966 1301 1050 1356 super
1064 1284 1220 1356 provincie
1242 1301 1325 1341 causa
1344 1285 1419 1340 unde
1437 1286 1534 1340 sedern
1546 1287 1731 1356 apostolicam
1747 1289 1858 1344 dudum

172 1375 319 1429 consulere
333 1374 469 1444 voluistis,
485 1375 598 1430 videtur
609 1375 690 1430 nohis
704 1375 879 1430 sullicieuter
892 1377 1046 1430 tractatum
1059 1390 1076 1428 a
1089 1375 1191 1429 sanclis
1204 1375 1459 1446 predecessoribus
1473 1376 1587 1431 nostris.
1607 1377 1660 1432 Sed
1682 1378 1748 1449 quin
1763 1378 1859 1433 denuo

174 1468 299 1525 nostram
313 1465 536 1521 mediocritatem
550 1465 586 1519 de
601 1465 702 1521 eadem
718 1482 748 1519 re
768 1465 946 1535 interrogare
961 1464 1080 1535 dignum
1100 1463 1230 1533 duxistis,
1252 1463 1361 1533 scitote,
1382 1470 1487 1520 certam
1509 1466 1683 1536 provinciam
1704 1483 1777 1535 esse,
1796 1485 1860 1539 quae

173 1555 372 1610 liabct'decem
392 1556 432 1610 vel
453 1555 586 1610 undecim
599 1555 726 1611 civitates
739 1558 767 1610 et
781 1572 870 1612 unum
884 1569 981 1626 regem
997 1558 1025 1610 et
1037 1552 1159 1609 totidem
1176 1552 1302 1608 minores
1315 1556 1469 1625 potestates
1484 1555 1590 1622 subse,
1609 1561 1637 1611 et
1651 1572 1739 1610 irnirm
1755 1558 1861 1628 episco-

175 1661 244 1716 pum
258 1645 384 1716 aliosque
397 1646 598 1716 suifragatores
610 1645 709 1701 decem
721 1646 765 1701 vel
777 1644 909 1701 undecim
921 1645 1067 1716 episcopos
1077 1641 1197 1714 judices,
1209 1642 1244 1698 ad
1255 1659 1376 1714 quorum
1383 1643 1525 1713 judicium
1538 1662 1637 1700 omues
1647 1663 1739 1700 carasca
1753 1647 1859 1718 episco-

175 1750 277 1805 porum
291 1739 320 1791 et
336 1735 512 1807 reliquorum
526 1736 707 1791 sacerdotum
721 1752 753 1791 ac
769 1736 917 1791 ciuitatum
938 1751 1030 1791 causae
1047 1733 1219 1800 reserantur,
1244 1738 1274 1788 ut
1294 1733 1330 1787 ab
1349 1732 1393 1787 his
1414 1734 1548 1788 omuibus
1563 1736 1639 1806 juste
1652 1753 1778 1791 consona
1792 1753 1860 1791 voce

175 1825 385 1893 discernantur,
400 1824 455 1880 nisi
467 1826 503 1880 ad
519 1825 658 1896 maJ'orem
669 1826 870 1880 auctoritatem
886 1825 972 1880 luerit
983 1824 1018 1878 ab
1031 1824 1086 1892 his,
1101 1823 1151 1894 qui
1163 1822 1308 1893 judicandi
1321 1826 1396 1889 srrnt,
1413 1823 1597 1894 appellatum.
1614 1826 1692 1881 Unde
1707 1843 1764 1880 uon
1775 1843 1860 1896 oper·

177 1918 226 1984 tet,
244 1920 275 1968 ut
287 1914 461 1985 degradetur
473 1915 515 1969 rel
531 1914 724 1970 dehonoretur
737 1930 910 1985 unaquaque
923 1913 1080 1985 pruvincia,
1096 1912 1147 1967 sed
1162 1911 1239 1983 apud
1251 1911 1435 1983 semetipsam
1451 1912 1553 1967 lrabeat
1563 1915 1685 1985 judices,
1702 1916 1862 1971 sacerdotes

162 2008 205 2058 -et
220 2003 365 2074 episcopos
380 2003 509 2074 singulos
523 2002 654 2058 videlicet
668 2004 749 2074 juxta
762 2004 875 2060 ordines
885 2020 960 2058 suos.
976 2026 989 2053 »
1004 2002 1089 2074 Atqui
1101 2006 1201 2073 quarto
1213 2004 1277 2071 post
1289 2017 1392 2071 pacem
1403 2002 1630 2059 Virodunensem
1645 2022 1730 2073 anno,
1745 2022 1809 2076 quac
1827 2023 1862 2059 uc

178 2091 329 2163 provinciae
350 2092 522 2163 lloguntinre
541 2092 760 2164 discerperetur,
785 2108 817 2147 ex
839 2092 947 2163 Olgarii
966 2090 1039 2146 votis
1055 2089 1168 2158 avertit,
1184 2089 1338 2145 Rhabanus
1357 2090 1468 2145 llarrrus
1482 2093 1543 2162 ejus
1560 2110 1706 2150 successor
1722 2096 1862 2167 synodum

177 2183 328 2253 bluguntiae
346 2182 503 2250 celebrans,
527 2183 660 2237 undecim
681 2182 783 2235 habuit
803 2181 1007 2251 suffraganeos,
1031 2179 1212 2235 Salomonem
1226 2180 1475 2249 Wormetiensem,
1491 2182 1674 2238 Gebhardum
1688 2186 1861 2255 Spirensem,

178 2272 352 2327 liezbaldum
367 2271 609 2343 llerbipolensem,
623 2271 772 2341 Otgerium
785 2270 1029 2336 Eiclrstettensem,
1043 2270 1209 2323 Baturatum
1220 2269 1493 2337 Pederborneusem,
1508 2270 1636 2326 Ebonem
1647 2273 1861 2336 llildesiensem,

178 2364 356 2432 llaymouem
369 2360 658 2427 halberstadensem,
676 2359 865 2430 waltgarium
888 2358 1070 2428 verdensem,
1090 2358 1281 2413 Gerbrathum
1299 2359 1475 2429 Curiensem,
1498 2361 1635 2415 Latonam
1654 2364 1862 2431 Augustanurn,

179 2452 364 2509 Salomonem
375 2451 632 2517 constantiensem,
650 2451 702 2521 (32)
716 2465 774 2504 uno
787 2448 875 2503 verbo
895 2452 938 2504 tot
951 2448 1098 2519 episcopos
1110 2448 1164 2502 sibi
1185 2447 1321 2515 subditos,
1342 2465 1414 2520 quos
1436 2449 1671 2522 Pseudopelagius
1685 2451 1863 2521 provinciam

178 2541 349 2597 constituere
370 2540 467 2595 voluit.
490 2541 561 2594 Nota
583 2539 669 2593 etiam
685 2556 701 2593 a
721 2538 966 2593 Pseudodeeretali
983 2537 1102 2609 requiri,
1117 2541 1148 2591 ut
1160 2537 1303 2608 provincia
1317 2539 1346 2593 iu
1361 2539 1445 2594 unius
1460 2540 1536 2610 regis
1551 2540 1658 2595 ditione
1673 2541 1718 2596 sit.
1736 2541 1864 2612 Requirit

179 2632 296 2704 iusuper
310 2635 342 2685 ut
355 2631 449 2697 urbes,
463 2631 491 2684 in
504 2629 608 2701 quibus
622 2628 756 2701 primates
772 2628 875 2683 sessuri
884 2628 950 2697 sint,
958 2628 1019 2699 jam
1030 2631 1096 2684 aute
1108 2627 1213 2683 Christi
1222 2626 1375 2682 adventum
1390 2629 1515 2699 rnajores
1524 2634 1609 2700 atque
1621 2630 1764 2700 primariae
1774 2630 1861 2683 urbes

179 2721 285 2777 suerint
302 2722 363 2789 (33).
379 2720 441 2774 ¹Nou
454 2719 575 2774 deerant
587 2722 695 2785 autem,
711 2718 760 2789 qui
773 2717 924 2788 bloguntiae
939 2722 1035 2773 ortum
1047 2733 1064 2772 a
1076 2717 1229 2789 llagontio,
1243 2717 1369 2772 llerculis
1382 2718 1450 2785 lilio,
1465 2718 1509 2772 vel
1525 2719 1665 2790 allagog,
1683 2718 1740 2772 lilio
1753 2718 1860 2789 taphe-

181 2810 227 2875 lis,
241 2809 284 2864 vel
297 2826 313 2864 a
325 2808 412 2880 Magis
425 2808 552 2863 treveris
566 2809 690 2880 exqiulsis
703 2807 887 2864 deducerent.
902 2808 984 2862 Certe
999 2824 1015 2861 a
1031 2802 1120 2862 Druso
1134 2805 1230 2878 aliquo
1245 2811 1311 2860 ante
1325 2805 1469 2862 Christum
1487 2812 1587 2862 nattam
1601 2812 1729 2879 ternpore
1743 2809 1864 2863 ciuitatis

181 2898 299 2963 numine
313 2898 418 2954 donate
432 2903 483 2953 cst.
499 2898 546 2953 llis
559 2898 647 2954 addas
659 2899 688 2953 in
703 2897 822 2969 epistola
835 2896 942 2952 Aniceti
957 2912 1044 2968 supra
1064 2896 1148 2951 citata
1164 2895 1317 2969 primatem
1332 2913 1388 2951 nou
1402 2897 1516 2952 admitti
1529 2902 1634 2969 praeter
1647 2899 1813 2953 constitutos
1828 2899 1864 2953 ab

182 2986 326 3058 apostolis,
340 2987 394 3041 nisi
408 2985 513 3058 populo
526 2987 666 3059 posterius
676 3003 811 3043 converso
822 2988 871 3059 qui
880 2990 975 3042 taulus
988 2986 1024 3041 sit
1037 3002 1169 3049 numero,
1185 2990 1217 3042 ut
1228 2986 1278 3042 tali
1289 2987 1381 3058 capite
1393 2990 1476 3058 egeat
1484 3004 1492 3057 ;
1507 2987 1681 3059 habebisque
1689 2988 1862 3060 ldoguntiam

184 3080 303 3149 cjirsquo
314 3077 488 3148 provinciam
503 3076 583 3149 quasi
595 3076 749 3148 depictam.

219 3216 314 3288 Neque
328 3215 430 3285 majori
444 3215 611 3270 dilllcultate
625 3213 765 3285 explicare
777 3214 860 3270 nobis
871 3214 977 3281 licebit,
993 3230 1044 3269 cur
1058 3217 1121 3287 post
1134 3230 1237 3286 pacem
1251 3214 1476 3271 virodunensem
1492 3216 1642 3288 otgarium
1659 3216 1805 3273 videamus
1830 3218 1866 3272 ab

185 3305 327 3379 cjrrsmodi
341 3305 489 3361 fraudibus
501 3304 656 3371 abstinere,
671 3307 756 3375 atque
778 3303 918 3358 ludovico
938 3302 1107 3358 Germanico
1130 3303 1309 3359 reconciliari
1327 3305 1473 3378 altumque
1486 3307 1521 3362 de
1534 3307 1806 3363 pseudoisidorianis
1818 3307 1867 3361 dc·

185 3396 335 3453 eretalihus
348 3395 494 3450 silentium
511 3398 572 3449 tum
588 3411 605 3448 a
620 3392 758 3448 [thebano
772 3409 941 3462 successore,
955 3396 1015 3446 lum
1029 3392 1116 3463 longo
1131 3398 1194 3465 post
1207 3397 1337 3464 tempore
1352 3394 1381 3448 iu
1397 3395 1549 3451 Germania
1563 3413 1633 3453 csse.
1651 3399 1679 3454 ld
1693 3399 1759 3455 iude
1775 3398 1865 3453 dedu-

185 3488 308 3544 cendum
321 3491 373 3554 est,
389 3484 468 3557 quod
481 3500 551 3555 pace
567 3483 757 3539 Viroduueusi
771 3484 911 3553 ejusmodi
925 3482 1039 3554 irnperii
1053 3482 1154 3538 divisio
1170 3483 1289 3539 inducta
1299 3484 1343 3554 sit,
1358 3501 1422 3556 quoe
1436 3487 1620 3558 lloguntiacre
1636 3489 1789 3560 prouinciae
1803 3505 1865 3542 am·

184 3576 356 3650 plitudinem
372 3575 509 3630 intactam
523 3573 641 3629 omuino
653 3573 838 3644 relinqueret.
853 3575 930 3628 Tunc
944 3574 1004 3645 ipse
1017 3573 1123 3630 fraudis
1137 3573 1269 3629 inuentor
1278 3577 1408 3647 proprias
1420 3593 1530 3633 marces
1540 3581 1638 3649 utpote
1650 3579 1702 3633 sibi
1710 3579 1772 3649 jam
1784 3578 1869 3631 inuti·

186 3669 228 3725 les
240 3666 379 3739 neglexit.

224 3807 286 3862 llaec
315 3804 414 3860 ornnia
440 3803 463 3858 si
486 3801 718 3873 complectamur,
744 3782 980 3857 verisimillimum
1005 3801 1114 3856 videtur
1142 3801 1291 3871 Olgarium
1317 3799 1513 3869 lloguntlnum
1538 3798 1638 3853 saltem
1662 3815 1778 3855 eausam
1806 3819 1867 3856 mu-

187 3899 275 3955 ralem
301 3892 490 3951 Decretalium
515 3892 613 3948 luisse.
639 3894 740 3947 Utrum
765 3891 935 3946 Benedictus
959 3889 1061 3954 levita,
1084 3892 1117 3940 ut
1138 3888 1248 3954 Walter,
1270 3888 1361 3940 linust
1381 3892 1409 3942 et
1426 3887 1474 3942 alii
1498 3888 1684 3959 probabiliter
1705 3893 1869 3953 autumant,

187 3990 247 4061 ipse
268 3988 405 4042 llercator
429 3984 523 4048 luerit,
545 3999 644 4049 necue,
664 3982 693 4035 id
715 3981 850 4050 equidem
868 3978 986 4035 delinire
1006 3975 1104 4037 uelint,
1131 3992 1224 4047 neque
1241 3980 1309 4046 pulo
1333 3993 1459 4048 uuquam
1481 3977 1510 4031 iu
1525 3978 1611 4032 dubio
1624 3978 1718 4051 detegi
1732 3998 1824 4051 posse,
1841 3982 1869 4036 ld

188 4093 256 4131 sarie
265 4076 342 4130 favel
354 4071 518 4142 suspicioni,
533 4070 609 4141 quod
625 4071 722 4141 partes
735 4067 1021 4134 Pseudoisidorianas,
1035 4067 1138 4138 quibus
1151 4066 1251 4132 utitur,
1266 4067 1389 4137 quadam
1402 4067 1533 4123 libertate
1548 4068 1728 4124 immutando
1743 4074 1868 4126 transtu-

187 4165 264 4232 lerit,
278 4162 349 4217 sicut
363 4162 395 4230 is,
412 4161 461 4232 qui
475 4158 604 4231 proprias
618 4158 831 4213 lucubrationes
846 4157 993 4225 adhibeat,
1017 4173 1074 4213 non
1096 4157 1131 4212 ad
1154 4156 1270 4212 verbum
1292 4156 1444 4228 allegando
1464 4161 1497 4211 ut
1516 4158 1550 4226 is,
1566 4159 1615 4229 qui
1627 4159 1720 4214 aliena
1736 4161 1868 4215 transcri-

189 4253 280 4309 beret.

224 4393 364 4446 tumuere
377 4390 466 4460 patet,
482 4385 639 4441 Decretales
654 4387 682 4438 et
699 4383 852 4454 posteriora
872 4382 1019 4438 ltenodicti
1034 4382 1205 4454 Capitularia
1220 4399 1278 4438 non
1293 4386 1358 4438 ante
1373 4386 1546 4439 conventum
1561 4384 1721 4440 Theodonis
1735 4385 1869 4439 villanum

189 4500 216 4538 a.
229 4483 281 4537 835
295 4478 426 4535 conlecta
438 4475 525 4531 luisse
538 4491 632 4547 neque
649 4480 714 4547 post
725 4490 827 4546 pacem
845 4473 1070 4530 virodunensem
1094 4489 1111 4527 a
1125 4474 1177 4529 834
1190 4489 1250 4529 esse
1264 4473 1438 4546 reponenda.
1455 4474 1554 4529 Utrum
1569 4473 1701 4546 denique,
1715 4478 1746 4528 ut
1759 4474 1874 4527 Clrorer

191 4571 350 4644 suspicatur
376 4566 558 4640 postmodum
578 4583 595 4621 a
617 4566 767 4621 Weuilone
792 4563 960 4629 senonensi,
981 4563 1031 4636 qui
1054 4567 1083 4619 et
1099 4563 1158 4637 ipse
1175 4564 1306 4621 Ecclesiae
1328 4581 1386 4619 suus
1402 4565 1558 4636 primatum
1574 4564 1602 4618 in
1616 4563 1713 4619 Galliis
1725 4562 1872 4617 allectobat

189 4661 277 4735 (quod
298 4663 328 4715 et
343 4656 492 4729 Ancegisio
512 4656 572 4729 ejus
592 4655 746 4712 successori
767 4655 907 4726 contigit),
932 4658 994 4709 ctu
1016 4655 1155 4711 Rotlradio
1174 4654 1372 4711 suessionensi
1391 4661 1473 4711 aucta
1492 4654 1610 4722 luerint,
1635 4653 1680 4707 vix
1702 4655 1754 4719 est,
1769 4653 1875 4724 etquis

191 4753 337 4820 decernat,
353 4765 447 4821 neque
461 4746 602 4819 ejusmodi
623 4746 745 4819 suspicio
762 4744 931 4811 rationibus,
952 4761 1017 4816 quae
1033 4745 1205 4817 prudentem
1222 4750 1366 4815 uroveant,
1386 4745 1527 4800 innititur.
1547 4744 1645 4814 Neque
1665 4743 1699 4797 iis
1712 4760 1874 4815 possumus.

191 4842 235 4897 lris
251 4839 374 4907 statutis,
388 4838 529 4903 assentiri,
546 4836 595 4910 qui
608 4837 766 4892 innocuum
778 4839 928 4907 tantopere
941 4836 1125 4891 lllcrcatorem
1140 4836 1221 4892 illum
1237 4834 1407 4907 depingunt.
1422 4834 1488 4899 Quis
1501 4831 1579 4888 enim
1595 4832 1623 4887 in
1643 4833 1774 4888 animum
1790 4834 1875 4888 indu-

191 4933 246 4996 rrt,
260 4929 420 4998 horuiuem,
435 4929 484 5001 qui
497 4927 637 4999 ejusmodi
651 4926 836 4984 mendacium
851 4925 880 4981 in
895 4927 1035 4983 mundum
1048 4926 1167 4997 iurarit,
1179 4927 1250 4982 adeo
1265 4923 1437 4982 columbine
1448 4922 1534 4979 luisse
1544 4921 1741 4994 simplicitatis,
1756 4926 1785 4976 ut
1796 4940 1874 4977 meu-

191 5023 289 5078 tiendo
301 5013 345 5076 vii
360 5037 417 5075 non
432 5022 509 5075 recte
519 5036 548 5074 se
564 5034 649 5089 agere
664 5020 787 5089 putaret.
805 5016 866 5071 Pias
878 5016 993 5073 fraudes
1007 5034 1059 5073 uos
1071 5034 1131 5073 uon
1147 5016 1288 5086 novimus,
1302 5030 1396 5087 neque
1410 5013 1524 5086 piorum
1537 5029 1664 5085 unquam
1682 5013 1767 5068 luisse
1783 5014 1874 5069 credi-

193 5130 266 5168 mus.
281 5111 366 5167 blulto
379 5110 475 5165 nunus
490 5125 556 5165 vero
571 5109 721 5164 dicendum
732 5110 784 5173 est,
796 5106 933 5176 ejusmodi
943 5106 1014 5164 lalsa
1025 5113 1093 5165 tunc
1104 5124 1162 5164 uon
1172 5123 1223 5179 pro
1235 5104 1393 5176 fraudibus,
1404 5104 1453 5162 sed
1463 5121 1515 5176 pro
1526 5103 1613 5161 modo
1624 5104 1748 5176 quodam
1758 5104 1873 5176 propria

191 5200 333 5276 principia
346 5198 508 5271 exponendi
523 5198 620 5254 habita
632 5198 730 5253 fuisse.

229 5501 294 5582 (30)
323 5496 441 5553 Carolus
465 5495 590 5562 Blascus,
617 5494 651 5549 du
677 5494 842 5549 collectione
867 5508 1010 5548 canonum
1098 5494 1149 5559 l3l)
1165 5492 1214 5562 Ep.
1230 5490 1298 5571 alias
1310 5493 1335 5546 8.

193 5572 292 5626 lsidorr
306 5566 476 5634 llercaturis,
493 5565 715 5621 commentarius
727 5583 773 5637 ap.
784 5563 964 5620 Callandium
977 5563 1010 5618 de
1097 5566 1149 5631 (3-2)
1166 5561 1315 5617 llarzherm
1342 5561 1425 5617 Cone.
1442 5561 1536 5616 Germ.
1553 5561 1584 5615 ll.
1602 5578 1628 5617 a.
1648 5565 1707 5616 litt.

192 5642 309 5696 vetustis
321 5656 460 5695 canonum
474 5637 698 5703 collectionibus,
712 5634 944 5693 dissertationum
954 5635 1009 5704 syl·
1097 5634 1150 5695 (33)
1174 5649 1218 5705 ep.
1249 5635 1290 5689 ll.
1314 5603 1451 5703 {tephani
1478 5633 1498 5688 l.
1525 5650 1549 5686 r..
1573 5633 1597 5697 l,
1621 5635 1745 5689 Aunelet.
1775 5648 1819 5702 ep.
1852 5638 1877 5687 2.

194 5712 259 5773 ioue
272 5713 301 5765 T.
319 5713 338 5766 ll
355 5713 399 5767 el.
415 5708 597 5781 blogrurtinoe,
618 5711 684 5762 1790
1061 5720 1085 5759 c.
1104 5706 1130 5758 l.
