3870 6150
187 289 221 347 83
628 287 771 344 ΑΡΡΕΝΙ).
795 289 838 343 ΑΒ
858 288 940 343 SrEC.
963 286 1194 342 tx.-1stoom
1214 287 1428 344 MERCATORlS
1838 293 1873 348 84

185 396 287 455 lumen
300 396 371 469 ejus.
387 397 464 452 Hanc
479 411 548 466 ergo
565 395 652 452 David
667 396 807 468 propheta
825 396 916 451 lucem
930 394 1004 450 desi·
1016 405 1047 479 Α
1093 417 1108 446 «
1120 395 1149 452 Si
1160 396 1357 452 testimonium
1370 397 1449 453 enim
1460 397 1610 453 bominum
1620 397 1787 471 accipimus,
1798 401 1875 456 testi·

188 491 290 547 dexans
312 489 410 546 anxius
431 488 597 561 proclamat,
612 490 730 546 dicens:
752 512 766 539 «
788 488 891 545 Emitte
912 488 1005 543 lucem
1054 488 1184 544 monium
1192 488 1243 544 Dei
1252 488 1345 560 majus
1353 489 1874 560 est:qu0niamhocesttestimonium

185 587 266 639 tuam
288 587 316 639 et
334 581 481 638 veritatem
504 588 585 640 tuem
605 582 688 654 (Prot.
716 598 781 650 ruri,
805 582 843 654 3),
864 603 879 633 ε
906 587 934 636 et
956 580 1006 636 ite·
1053 582 1104 638 liei
1124 581 1201 654 quod
1223 581 1318 652 majus
1338 585 1390 650 θεῖ,
1407 581 1472 654 quia
1493 582 1657 640 testificatus
1682 587 1726 641 θεῖ
1747 586 1784 641 de
1805 587 1874 642 Filio

185 691 267 731 rum:
281 697 295 726 ε
309 677 340 731 ln
351 675 459 731 lumine
474 680 523 732 tuo
536 676 696 733 videbimus
710 677 809 731 lumen
824 675 908 745 (Ρεεῖ.
921 690 1003 736 xxxv,
1055 690 1117 730 suo.
1131 674 1184 739 Qui
1209 673 1301 730 credit
1320 674 1350 729 in
1372 674 1474 731 Filium
1497 675 1558 744 Dei,
1572 676 1662 732 habet
1673 677 1872 735 testimoninm

188 767 241 840 to).
257 789 271 818 ε
298 770 329 824 ln
355 768 440 840 hujus
464 769 553 840 igitur
574 769 690 825 luminis
709 767 835 824 claritate
856 766 944 823 Filius
964 783 1004 822 se·
1056 766 1107 824 Dei
1120 766 1150 821 in
1163 782 1208 834 se;
1225 766 1276 838 qui
1289 782 1348 821 non
1363 767 1454 823 credit
1468 767 1498 823 in
1512 767 1614 824 Filium
1625 769 1796 826 mendacem
1808 771 1876 827 facit

184 860 281 931 ipsum
300 860 330 916 in
347 866 445 918 monte
465 861 556 916 tribus
574 861 716 932 discipulis
741 859 936 933 praeostendit‚
955 858 1004 930 qui
1055 876 1131 926 eum,
1145 860 1213 930 quia
1233 874 1292 914 non
1313 859 1404 915 credit
1422 860 1452 916 in
1466 861 1666 917 testimonium
1680 863 1759 935 quod
1774 864 1874 920 testifi-

186 958 266 1009 metu
284 954 384 1010 mortis
399 953 553 1025 perterriti,
568 954 756 1026 prostratique
772 953 802 1008 in
824 953 936 1020 taciem,
952 952 1005 1007 sibi
1055 955 1134 1008 cetus
1146 956 1190 1008 est
1201 953 1276 1007 Deus
1291 953 1326 1008 de
1342 953 1412 1009 Eilio
1423 971 1484 1010 suo.
1496 956 1530 1010 Et
1540 955 1594 1011 hoc
1604 955 1800 1011 testimonium
1817 961 1872 1027 est,

186 1045 251 1102 ritoe
264 1046 352 1102 smem
362 1046 459 1102 adesse
470 1047 725 1114 senseruntzhanc,
738 1047 966 1118 inquam,lucem
974 1047 1003 1101 in
1056 1045 1193 1116 quoniam
1212 1045 1300 1100 ritem
1323 1048 1462 1103 eternam
1484 1046 1562 1103 dedit
1586 1047 1678 1119 nobis,
1693 1052 1722 1104 et.
1744 1049 1805 1106 haec
1819 1050 1876 1106 vita

187 1156 219 1193 se
239 1139 326 1195 luisse
346 1138 546 1195 demonstrans
563 1139 649 1194 Filius
666 1140 871 1211 proclamabat,
885 1144 914 1195 et
931 1140 1005 1195 utin
1056 1141 1099 1193 est
1120 1137 1150 1193 in
1173 1137 1242 1193 Eilio
1265 1138 1349 1209 eius:
1369 1139 1419 1211 qni
1441 1140 1526 1195 hebet
1548 1140 1661 1210 Filium,
1677 1141 1765 1198 habet
1785 1141 1874 1198 vitam

189 1232 291 1286 eadem
310 1230 482 1300 incederent,
497 1231 651 1303 discipulos
669 1233 864 1304 premonebat
879 1248 886 1288 ε
904 1253 918 1283 «
932 1234 1007 1288 Dum
1056 1230 1327 1302 artemamquiuon
1337 1231 1423 1286 babet
1431 1232 1534 1287 Filium
1541 1233 1601 1301 Dei,
1611 1249 1669 1288 non
1680 1234 1874 1292 hahetvitam.

189 1325 282 1379 lucem
294 1323 404 1379 habetis
421 1323 541 1396 (inquit),
555 1325 699 1380 ambulate
714 1325 744 1380 in
756 1326 848 1381 lucem
858 1325 947 1398 (toan.
957 1342 1004 1394 ru,
1056 1325 1120 1379 llaec
1142 1324 1234 1380 scribo
1258 1324 1347 1394 vobis,
1362 1329 1395 1379 ut
1414 1324 1509 1381 sciatis
1523 1325 1660 1396 quoniam
1673 1327 1762 1383 vitam
1785 1328 1875 1384 babe-

190 1417 244 1488 tt);
259 1438 273 1466 θ
287 1417 316 1472 θῖ
330 1416 434 1472 iterum
451 1433 458 1472 :
474 1437 488 1469 o
505 1418 563 1489 Ego
577 1434 641 1473 sum
653 1417 703 1473 lux
716 1417 826 1473 mundi.
839 1418 895 1483 Qui
908 1419 1005 1491 seqni-
1056 1417 1091 1471 tis
1115 1421 1263 1485 aeternam,
1284 1416 1334 1488 qui
1355 1417 1471 1473 creditis
1492 1418 1523 1472 in
1545 1420 1664 1475 nomine
1683 1420 1746 1476 Filii
1770 1421 1829 1477 Dei.
1844 1424 1877 1478 Et

189 1512 235 1564 tur
251 1526 298 1565 me
311 1525 369 1564 non
383 1509 510 1565 ambulat
522 1510 552 1566 in
566 1511 701 1576 tenebris,
719 1510 768 1566 scd
780 1510 897 1566 habebit
909 1512 1007 1567 lumen
1056 1508 1118 1563 hoec
1131 1512 1173 1564 est
1185 1508 1289 1565 tiducle
1300 1525 1388 1582 quam
1408 1509 1550 1565 habemus
1563 1511 1600 1566 ad
1612 1528 1688 1581 eum,
1703 1512 1772 1584 quia
1782 1513 1875 1585 quod·

189 1603 254 1658 vita
269 1605 384 1659 aeterna
400 1603 554 1675 (toarcvm,
565 1605 618 1672 t2t3
635 1624 649 1654 ε
668 1608 697 1659 et
711 1604 904 1675 evangelista:
919 1605 1007 1659 «Erat
1056 1616 1170 1673 cunque
1180 1602 1347 1674 petierimus
1357 1603 1516 1658 secundum
1527 1604 1704 1661 voluntatem
1718 1605 1781 1677 ejus
1793 1605 1877 1662 audit

188 1695 238 1751 lux
255 1713 332 1765 vera,
348 1696 397 1765 ait,
414 1713 478 1769 quae
497 1697 641 1753 illuminat
661 1713 778 1753 omnem
798 1697 944 1753 hominem
962 1714 1007 1753 re-
1057 1709 1119 1762 nos‚
1137 1698 1166 1749 et
1181 1694 1285 1750 scimus
1300 1696 1368 1768 quia
1380 1695 1459 1751 audit
1472 1713 1524 1753 nos
1539 1696 1679 1768 quidquid
1697 1698 1876 1769 petierimus,

190 1789 327 1847 nientiem
352 1790 382 1845 in
407 1790 485 1846 hunc
506 1791 647 1846 mundum
671 1789 757 1861 (loon.
773 1807 793 1858 r,
810 1792 846 1863 9).
860 1812 875 1841 θ
896 1791 925 1846 Si
945 1764 1877 1863 haecBscimusquoniamhabemuspetitionesquaspostulamus

188 1883 248 1954 lux,
275 1899 339 1955 qua
375 1883 556 1941 credentibus
592 1882 777 1955 promittitur,
797 1884 828 1940 in
854 1883 922 1940 Filio
946 1900 1007 1939 esse
1058 1879 1093 1935 ab
1117 1896 1162 1936 eo.
1184 1879 1238 1944 Qui
1260 1880 1312 1936 scit
1335 1881 1455 1937 tratrem
1474 1898 1559 1937 snum
1581 1898 1699 1954 peccare
1722 1888 1876 1956 peccatum

188 1976 337 2048 probatur,
351 1980 380 2032 et
394 1993 459 2032 cum
478 1979 587 2033 esterno
609 1981 717 2032 eterna
735 1993 796 2033 esse
811 1976 924 2046 dicitur,
938 1994 1009 2051 quo·
1058 1988 1117 2028 non
1132 1973 1169 2028 ad
1188 1976 1322 2044 mortem,
1335 1977 1424 2047 petat,
1438 1978 1468 2030 et
1485 1974 1601 2031 dabitur
1619 1980 1648 2031 et
1666 1976 1724 2033 vita
1744 1978 1878 2048 peccanti

188 2069 275 2125 modo
295 2087 313 2124 a
333 2069 413 2124 vobis
436 2069 622 2125 inaccessibili
642 2069 705 2125 luce
718 2070 809 2125 Patris
826 2070 911 2126 Eilius
925 2087 1006 2144 sepa·
1057 2082 1116 2122 non
1129 2066 1165 2122 ad
1176 2070 1310 2122 mortem.
1323 2068 1373 2123 Est
1387 2071 1537 2139 peccatum
1551 2068 1586 2123 nd
1598 2072 1736 2141 mortem,
1748 2086 1811 2127 non
1825 2087 1877 2142 pro

186 2166 274 2216 ratur.
289 2161 318 2216 Si
330 2161 408 2216 enim
421 2162 507 2217 Filius
520 2162 594 2217 Deus
609 2178 693 2217 verns
707 2165 736 2218 et
752 2162 809 2217 rita
828 2166 936 2218 aeterna
955 2169 1006 2232 est,
1057 2159 1105 2215 illo
1119 2159 1182 2214 dico
1196 2164 1226 2215 ut
1235 2160 1388 2231 rogetquis
1399 2160 1512 2216 :Omnis
1519 2160 1655 2233 iniquitas
1665 2167 1817 2234 peccatum
1824 2167 1877 2231 est,

189 2253 250 2309 sine
269 2252 356 2308 dubio
376 2253 408 2308 in
426 2254 479 2309 hac
499 2254 562 2308 luce
584 2254 668 2310 simul
687 2271 752 2311 oum
773 2257 856 2312 Patre
878 2255 1007 2311 habitare
1057 2254 1087 2306 et
1100 2254 1143 2307 est
1156 2258 1304 2323 peccatum
1319 2252 1355 2307 ed
1371 2258 1504 2309 mortem.
1520 2253 1630 2310 Scimus
1644 2255 1877 2330 quiaomnisqui

190 2344 348 2401 credendus
366 2350 418 2415 est,
431 2362 517 2419 quam
530 2346 627 2402 nullus
651 2348 738 2404 modo
761 2353 892 2404 nostrum
911 2348 941 2403 in
954 2349 1009 2404 hoc
1059 2347 1143 2399 natus
1156 2349 1198 2401 est
1211 2361 1245 2400 ex
1259 2346 1318 2400 lieo
1331 2361 1390 2402 non
1405 2349 1511 2417 peccat,
1526 2347 1576 2402 sed
1590 2348 1739 2419 generatio
1752 2349 1879 2405 Deicon·

191 2438 307 2495 mortali
320 2455 439 2511 corpore
460 2439 628 2495 constitutus
648 2445 739 2513 potest
752 2441 1006 2514 aliquateuusoon-
1059 2440 1149 2493 servat
1170 2454 1246 2507 eum,
1267 2442 1297 2493 et
1315 2438 1460 2510 malignus
1473 2439 1533 2495 non
1554 2441 1646 2512 tangit
1669 2457 1748 2499 eum.
1765 2442 1878 2499 Scimus

190 2531 274 2588 tueri.
293 2532 347 2588 Sed
368 2532 436 2588 dum
456 2533 630 2605 apparuerit,
642 2537 710 2589 tunc
727 2550 793 2591 vere
806 2534 887 2589 illum
901 2533 1009 2590 videbit
1058 2531 1193 2603 quoniam
1207 2548 1240 2586 ex
1253 2532 1310 2587 Deo
1320 2547 1417 2587 sumus
1431 2533 1596 2588 otmundus
1611 2536 1685 2589 totus
1700 2535 1731 2590 in
1745 2536 1878 2608 maligno

191 2625 275 2682 sicuti
287 2628 339 2694 est,
354 2625 402 2698 qui
416 2626 478 2698 ejus
492 2627 692 2699 conspectibus
710 2627 798 2684 fuerit
811 2627 917 2700 dignus
928 2643 1009 2700 coep
1058 2625 1169 2696 positus
1184 2627 1236 2680 est.
1255 2626 1289 2679 Et
1304 2624 1409 2680 scimus
1428 2625 1566 2698 quoniam
1586 2626 1671 2682 Filius
1684 2627 1880 2697 perveniret

191 2719 255 2789 tari,
275 2723 304 2774 et
322 2735 381 2775 non
397 2718 470 2774 siout
488 2720 595 2791 Moyses
615 2720 767 2793 caeterique
789 2721 938 2793 prophetae
957 2737 1009 2792 per
1059 2717 1139 2773 dedit
1152 2717 1234 2772 nobis
1246 2733 1372 2786 sensum,
1386 2723 1419 2775 ut
1431 2734 1640 2790 cognoscamus
1653 2736 1756 2777 venam
1775 2721 1877 2792 Deum,

191 2810 347 2882 enigmata
359 2813 388 2866 et
400 2810 535 2882 figuram,
552 2813 601 2868 sed
615 2813 707 2885 ipsam
722 2813 861 2869 veraciter
880 2813 911 2868 in
929 2813 1007 2881 Filio,
1058 2815 1086 2866 et
1098 2810 1187 2865 simus
1200 2810 1230 2865 in
1243 2826 1310 2865 vero
1326 2810 1395 2866 Filio
1410 2811 1481 2883 ejus.
1494 2811 1544 2867 llic
1555 2817 1598 2868 est
1607 2829 1690 2868 verus
1699 2815 1775 2869 Deus
1785 2814 1879 2871 etrite

190 2904 347 2959 secundum
372 2905 546 2975 Apostolum,
569 2905 751 2962 contuebitur
774 2905 886 2962 deitatis
904 2905 1007 2978 imagi·
1059 2903 1278 2973 oeternatlloun,
1288 2919 1315 2971 v,
1325 2904 1424 2975 9·20).»
1435 2904 1500 2959 Hac
1510 2905 1878 2978 rero,tratres‚praedicate,

191 3013 270 3052 uem.
299 2997 367 3051 Nam
395 2997 418 3052 si
446 2998 523 3054 bunc
554 2999 756 3072 eumdemque,
782 2999 929 3071 prophetae
956 3000 1009 3055 sub
1059 2995 1120 3051 haec
1133 2995 1264 3051 omnibus
1281 2995 1431 3063 nuntiate;
1447 3011 1496 3051 ros
1515 3013 1583 3052 vero
1601 2998 1725 3054 invicem
1744 3000 1880 3057 exhorta-

190 3090 367 3157 testimonio,
378 3090 570 3163 subsequente
589 3107 690 3148 sereno
710 3091 816 3147 mentis
836 3091 952 3156 intuitu,
968 3093 1009 3147 in·
1058 3088 1141 3158 mini,
1151 3088 1270 3159 perfecti
1282 3091 1383 3159 estote,
1393 3104 1564 3163 semperque
1575 3092 1819 3165 gaudete,pacem
1831 3110 1880 3149 au·

192 3183 332 3254 vestigare
347 3183 481 3252 volueris,
491 3183 618 3241 invenies
630 3185 735 3241 Filium
747 3201 806 3241 non
820 3201 900 3256 posse
909 3185 944 3240 ab
954 3186 1009 3240 hac
1058 3186 1118 3236 tem
1131 3181 1280 3236 sectamini
1293 3181 1322 3236 in
1334 3196 1444 3250 omnes',
1456 3188 1485 3239 et
1497 3184 1570 3240 Deus
1583 3184 1662 3256 pacis
1674 3187 1702 3240 et.
1716 3185 1879 3243 dilectionis

192 3275 255 3332 luce
267 3275 359 3331 Patris
368 3276 482 3348 penitus
494 3277 631 3350 separari,
641 3278 775 3351 quoniam
785 3294 851 3334 cum
865 3279 958 3334 solum
968 3279 1010 3335 Ei·
1059 3273 1113 3329 erit
1124 3273 1269 3330 vobiscum
1277 3291 1286 3343 ;
1302 3275 1359 3329 Deo
1375 3278 1471 3330 autem
1485 3279 1514 3332 et
1531 3277 1607 3333 Patri
1625 3280 1724 3335 nostro
1739 3279 1834 3350 gloria
1848 3280 1879 3336 in

192 3369 264 3424 lium
276 3369 380 3425 dixerit
392 3370 422 3425 in
437 3374 515 3426 terra
531 3387 597 3427 cum
616 3370 782 3428 hominibus
801 3374 1008 3438 conversatum,
1059 3367 1161 3423 saecula
1175 3368 1356 3423 saeculorum.
1370 3371 1472 3423 Amen.

194 3462 355 3520 Patremab
372 3463 422 3521 illo
440 3481 499 3520 non
524 3467 565 3521 est
588 3464 765 3521 credendum
788 3463 850 3520 fleri
872 3463 1008 3531 alienum,

633 3736 749 3810 ITEM
775 3735 1004 3809 EPISTOLA
1029 3733 1252 3807 EVARISTI
1278 3735 1431 3806 PAPAE·

194 3876 293 3956 Quod
306 3876 454 3943 Christus
468 3878 511 3941 stt
531 3886 632 3961 capot
649 3886 682 3942 et
700 3896 837 3960 sponsus
857 3877 1021 3954 Ecclesiae,
1038 3884 1070 3941 et
1089 3875 1231 3957 qualiter
1251 3875 1431 3939 sacerdotes
1442 3893 1519 3938 suos
1533 3876 1681 3940 ecclesias
1695 3885 1726 3940 ct
1739 3877 1880 3942 ecclesie

227 3987 230 3993 ·
791 3992 905 4037 comm
919 3991 971 4037 eos
990 3972 1128 4037 debeant
1141 3973 1288 4054 dilipere.

228 4112 378 4165 Evimsrus
405 4107 482 4163 urbis
506 4109 605 4163 Eomae
630 4108 779 4180 episcopus
801 4106 934 4163 omnibus
957 4123 1011 4179 per
1059 4107 1176 4164 obedire
1186 4123 1309 4180 eumque
1322 4107 1440 4180 diligere
1454 4112 1482 4164 et
1492 4122 1600 4179 amare,
1609 4113 1642 4164 ut
1653 4108 1784 4164 enimam
1796 4124 1879 4165 suam

192 4203 346 4274 AEgyptnm
392 4199 596 4270 conglutinatis
644 4201 779 4257 tratribus
822 4201 852 4255 in
888 4199 1010 4256 llomino
1060 4200 1156 4269 debet,
1168 4201 1235 4273 quia
1245 4201 1316 4256 illud
1326 4202 1359 4256 lit
1370 4201 1615 4271 carnaliter,istud
1624 4201 1876 4273 spiritualiter30t,

193 4295 327 4349 salutem.
1060 4294 1132 4350 sicut
1139 4294 1183 4350 vir
1194 4310 1253 4350 non
1266 4294 1352 4351 debet
1366 4294 1525 4351 adulterare
1538 4310 1657 4352 uxorem
1672 4310 1764 4362 suam,
1774 4294 1816 4351 ita
1825 4311 1879 4351 nec

228 4387 322 4442 Unum
346 4403 407 4457 nos,
423 4387 535 4455 tratres,
550 4389 655 4444 sentire
678 4390 790 4458 oportet
812 4392 841 4443 et
866 4404 963 4460 agere,
978 4390 1012 4443 ut
1060 4387 1208 4460 episcopus
1220 4388 1374 4444 Ecclesiam
1388 4404 1480 4455 suam,
1497 4387 1526 4442 id
1539 4392 1591 4457 est,
1607 4392 1638 4443 ut
1654 4387 1733 4443 illam
1751 4387 1879 4444 dimittet

194 4479 274 4552 (sicut
283 4480 414 4553 legimus)
428 4481 459 4536 in
471 4481 553 4537 nobis
565 4497 656 4537 unum
670 4496 720 4535 cor
733 4483 761 4536 et
772 4496 831 4536 une
842 4480 940 4537 anima
950 4495 1010 4536 esse
1061 4481 1096 4535 ad
1109 4496 1195 4552 quam
1207 4483 1332 4536 sacratus
1344 4484 1396 4550 θεῖ,
1407 4480 1515 4553 absque
1528 4479 1682 4536 inevitabili
1697 4479 1879 4547 necessitate,

192 4574 341 4646 probetur.
358 4574 471 4630 Scimus
483 4590 619 4645 namque,
637 4573 709 4628 siout
725 4572 884 4628 aPatribus
899 4573 1010 4645 accepi·
1060 4576 1110 4628 aut
1123 4573 1289 4645 apostolica,
1304 4573 1349 4629 rel
1369 4573 1495 4645 regulari
1511 4573 1680 4640 mutatione,
1695 4576 1724 4628 et
1741 4572 1878 4639 ettoniae,

193 4683 269 4735 mus,
280 4667 423 4723 Christum
439 4684 500 4723 esse
516 4670 610 4740 caput,
624 4666 703 4738 cujus
717 4669 746 4720 et
759 4656 890 4721 membra
901 4682 1009 4721 sumus.
1060 4665 1182 4721 ambitus
1205 4681 1298 4733 causa,
1321 4665 1487 4737 conjungat.
1510 4667 1543 4721 Et
1564 4665 1635 4721 sicut
1655 4663 1737 4720 uxori
1762 4680 1822 4720 non
1844 4664 1879 4720 li-

192 4762 255 4831 lpse
269 4759 348 4816 enim
361 4763 404 4817 est
419 4778 549 4833 sponsus,
564 4764 594 4816 et
608 4758 731 4816 Ecclesia
746 4774 860 4831 sponsa,
870 4759 950 4831 cujus
961 4759 1012 4814 lilii
1061 4757 1182 4831 cet19
1197 4758 1341 4814 dimittere
1352 4758 1446 4813 rimm
1461 4774 1554 4828 suum,
1570 4761 1600 4813 ut
1617 4756 1700 4813 alteri
1714 4773 1743 4813 εθ
1756 4756 1881 4830 (vivente

193 4869 246 4909 nos
261 4870 368 4909 sumus.
385 4855 420 4910 Et
433 4854 499 4911 ideo
515 4870 605 4909 unum
618 4855 728 4909 Patrem
744 4852 882 4908 habemus
891 4851 921 4908 in
934 4852 1012 4908 coelis
1062 4851 1106 4922 eo)
1120 4851 1304 4906 matrimonio
1316 4851 1413 4917 societ,
1429 4853 1479 4905 θεῖ
1492 4867 1558 4906 eum
1572 4850 1723 4917 adulteret,
1738 4849 1805 4906 licet
1820 4850 1879 4906 tor·

193 4945 358 5003 Dominum.
384 4946 552 5004 Sacerdotes
570 4963 638 5003 vero
656 4947 716 5002 vice
739 4944 845 5001 Christi
867 4945 1013 5017 legatione
1063 4943 1174 4999 nicetus
1193 4943 1229 4999 sit
1243 4944 1286 4998 vir
1300 4944 1371 5015 ejus,
1387 4943 1438 4998 sed
1457 4943 1539 5015 juxta
1559 4942 1736 5014 Apostolum,
1752 4942 1880 4998 nutrire

192 5039 395 5112 fungunturin
410 5040 542 5098 Ecclesia.
556 5042 591 5097 Et
603 5040 678 5096 sicut
690 5039 715 5095 ei
731 5055 781 5095 sua
802 5039 954 5111 conjuncte
969 5041 1014 5095 est
1063 5053 1112 5091 suo
1135 5036 1312 5092 reconciliari
1333 5036 1428 5106 debet,
1454 5040 1504 5092 aut
1526 5051 1643 5091 manere
1669 5034 1821 5107 innupta:
1843 5034 1882 5090 ita

193 5148 307 5204 sponsa,
336 5133 364 5188 id
392 5136 436 5188 est
461 5134 594 5201 Ecclesia,
622 5133 661 5188 sic
686 5133 826 5205 episeopis
850 5132 1014 5205 junguntur
1063 5127 1191 5185 Ecclesiae
1215 5144 1274 5183 non
1295 5127 1363 5183 licet
1384 5127 1529 5183 dimittere
1545 5126 1644 5183 antab
1664 5143 1699 5182 ea
1726 5141 1881 5199 segregare

75 5239 77 5244 ⁴
193 5225 325 5281 Ecclesiae
343 5225 496 5298 unicuique
518 5243 571 5299 pro
592 5226 726 5299 portione
751 5242 812 5280 sua.
828 5226 864 5279 Et
883 5225 957 5280 sieut
970 5225 1014 5279 vir
1063 5222 1229 5293 episcopum
1251 5236 1345 5289 suum,
1364 5224 1395 5276 ut
1414 5220 1537 5276 alterum
1552 5219 1673 5290 (vivente
1690 5219 1736 5290 θο)
1748 5218 1881 5292 accipiat,

194 5335 252 5376 non
277 5319 363 5376 debet
385 5319 531 5392 negligere
558 5334 678 5376 uxorem
703 5335 796 5385 suam,
822 5317 870 5373 sed
892 5317 1013 5389 diligere
1063 5315 1114 5370 sed
1133 5317 1182 5369 aut
1196 5314 1291 5386 ipsum
1308 5314 1424 5384 habeat,
1441 5316 1491 5369 aut
1506 5313 1629 5385 innupte
1642 5314 1769 5379 maneat,
1785 5311 1816 5367 id
1830 5315 1882 5380 θεῖ,

194 5417 223 5469 θῖ
245 5416 320 5470 caste
346 5412 497 5482 custodire,
523 5412 561 5468 sic
582 5412 731 5485 episcopus
753 5415 782 5467 et
807 5410 897 5466 multo
921 5374 1100 5482 magisDne
1126 5407 1248 5462 alterum
1274 5406 1452 5478 episcopum,
1476 5421 1527 5461 suo
1548 5405 1670 5473 vivente,
1692 5403 1823 5476 accipiat,
1848 5419 1884 5460 ne

193 5506 345 5575 custodire,
359 5510 388 5563 et
403 5522 512 5575 amare,
526 5510 611 5579 atque
626 5504 782 5576 prudenter
803 5519 905 5575 regere
925 5503 1014 5559 debet
1062 5498 1261 5556 fornicationis
1271 5503 1321 5555 aut
1331 5499 1464 5555 adulterii
1476 5497 1520 5554 sui
1534 5497 1643 5554 crimen
1653 5497 1789 5552 incurrat.
1800 5496 1884 5566 Nam,

193 5597 358 5655 Ecclesiam.
374 5600 418 5670 Et,
433 5600 510 5655 vetut
527 5614 600 5655 uxor
621 5614 686 5670 quta
706 5597 758 5653 sub
779 5612 868 5652 manu
888 5598 931 5651 est
949 5594 1011 5663 viri,
1064 5593 1087 5648 si
1111 5593 1272 5650 adulterata
1294 5592 1390 5664 tuerit,
1411 5591 1441 5647 id
1465 5596 1517 5659 est,
1536 5591 1560 5647 si
1587 5607 1617 5647 se
1640 5589 1724 5646 alteri
1748 5588 1885 5662 episcopo

192 5689 310 5746 obedire
324 5691 410 5748 debet
423 5693 483 5748 viro
497 5709 559 5761 suo,
574 5707 699 5764 eumque
715 5690 834 5761 diligere
854 5691 883 5745 et
902 5703 1010 5756 amare,
1060 5685 1198 5758 junxerit,
1211 5689 1262 5742 aut
1271 5701 1356 5759 snper
1366 5701 1396 5741 se
1408 5686 1530 5741 alterum
1541 5683 1709 5757 episcopum
1718 5681 1882 5747 adduxerit,

191 5780 232 5836 ita
246 5782 340 5853 potius
353 5785 477 5841 Ecclesia
498 5785 584 5842 etiam
601 5785 735 5858 episcopo
756 5799 807 5839 suo
829 5775 1013 5838 in‘omnibus
1063 5781 1112 5834 aut
1134 5794 1194 5834 esse
1217 5779 1317 5835 lecerit
1339 5779 1382 5834 vel
1404 5776 1618 5849 desideraverit,
1639 5791 1692 5850 per
1710 5773 1883 5832 acerrimam
