3870 6150
45 266 79 320 ³3
668 261 904 319 DECRETdle'll
923 263 1115 320 conlectio.
1698 266 1731 324 'dl

43 369 165 425 bentcm
179 368 211 424 in
225 367 314 423 vitam
329 367 459 439 introire,
473 384 561 440 quam
570 369 640 424 duos
653 371 748 426 oculos
761 371 867 427 haben·
877 386 907 457 Α
916 373 1014 426 autem
1026 387 1090 426 mea
1101 371 1132 427 in
1145 371 1353 444 sempiternum
1362 372 1425 441 crit,
1436 372 1584 443 etjustitia
1595 388 1659 430 mea
1672 391 1729 430 non

45 467 104 518 tem
114 461 195 517 mitti
210 462 240 518 in
255 462 419 534 gehennam
433 462 517 534 ignis.
530 461 627 518 Videte
635 481 672 519 ne
681 464 868 520 contemnatis
917 464 1029 520 deliciet
1041 465 1108 536 (lac.
1122 481 1159 534 ar,
1174 469 1190 520 5
1203 471 1228 520 et
1240 466 1277 535 6).
1292 487 1306 514 »

44 572 139 610 unum
151 571 188 610 ex
201 556 245 610 his
254 555 365 628 pusillis
377 556 486 628 (natta.
500 573 578 625 xvur,
593 559 610 613 6
623 563 648 614 et
661 559 738 629 seq).
750 581 763 608 »
777 561 867 613 amen
954 580 968 607 «
984 558 1086 614 Audite
1100 574 1156 628 me,
1168 558 1218 630 qui
1227 558 1302 613 scitis
1310 559 1431 629 justum,
1442 559 1564 632 populus
1573 560 1619 616 lex
1628 577 1692 617 mee
1702 562 1731 617 in

46 648 108 703 dico
131 647 226 719 vobis,
249 664 429 721 quaecuuque
451 649 634 721 alligaveritis
655 667 740 723 super
760 654 869 706 termm
918 652 1001 708 corde
1012 668 1121 707 eorum.
1136 651 1226 707 Nolite
1241 651 1341 706 timere
1357 652 1512 722 opprobria
1528 652 1688 724 hominum,
1704 660 1733 711 ct

45 746 130 798 amnt
147 741 267 813 alligata
283 745 313 797 et
330 742 361 798 in
379 743 458 811 coelo,
479 745 508 799 et
528 760 707 817 quecunque
732 745 868 800 solveritis
917 745 1106 818 blasphemias
1126 761 1226 800 eorum
1246 760 1283 799 ne
1303 744 1448 800 metuatis.
1463 745 1542 801 Sicut
1555 747 1632 802 enim
1644 748 1730 803 vesti·

47 851 131 906 super
147 838 255 891 terram
269 840 353 892 erunt
366 836 458 892 soluta
470 839 499 892 ct
510 837 541 893 in
554 838 636 894 coslo.
652 856 666 890 a
686 838 792 893 lterum
807 838 869 893 dico
918 842 1059 907 mentum,
1071 837 1109 893 sic
1123 837 1254 893 comedet
1268 853 1315 892 eos
1329 837 1442 906 vermis,
1459 842 1487 893 ct
1499 838 1571 893 sicut
1582 839 1678 895 lanam
1691 841 1732 895 sic

48 928 136 996 vobis,
154 929 225 1000 quia
237 930 262 983 si
274 930 330 985 duo
344 945 379 984 ex
396 929 475 985 vobis
492 930 688 986 consenserint
705 947 792 1003 super
809 934 868 986 ter·
919 930 1063 987 devorabit
1081 947 1129 986 eos
1148 931 1233 986 tinea.
1249 930 1331 986 Salus
1345 934 1442 986 autem
1463 947 1528 986 mea
1540 930 1569 986 in
1584 932 1731 1003 sempiter-

50 1037 119 1088 ram,
145 1021 183 1076 de
202 1023 281 1077 omni
305 1038 335 1078 re
355 1039 524 1095 quacunque
545 1023 689 1096 petierint,
711 1024 761 1079 liet
781 1023 870 1078 illisa
919 1040 989 1079 num
1003 1024 1066 1093 erit,
1080 1023 1227 1094 etjustitia
1241 1039 1306 1079 mea
1320 1023 1351 1078 in
1372 1023 1555 1093 generatione
1573 1025 1732 1095 generatio-

52 1115 132 1169 Patre
152 1129 229 1183 meo,
255 1115 351 1187 quiin
379 1115 457 1171 coelis
475 1121 526 1171 est.
550 1116 602 1172 Ubi
623 1117 700 1172 enim
723 1123 791 1173 sunt
812 1117 869 1172 duo
919 1133 990 1173 num
1008 1117 1119 1187 (Didi
1140 1123 1165 1172 et
1186 1120 1223 1187 8).
1237 1139 1251 1167 a
1268 1118 1302 1172 Et
1323 1116 1429 1181 iterum
1445 1133 1451 1171 :
1469 1135 1483 1169 a
1503 1117 1671 1172 abscondita
1692 1124 1734 1173 est

53 1208 89 1263 rel
102 1213 163 1262 tres
176 1209 345 1279 congregati
359 1209 388 1263 in
403 1209 520 1265 nomine
540 1226 614 1279 meo,
627 1209 667 1265 ibi
680 1227 744 1266 sum
760 1211 790 1265 in
808 1226 869 1265 me·
919 1211 976 1265 vita
984 1227 1050 1265 mea
1059 1227 1076 1264 a
1086 1210 1408 1278 Domino,eteDomiuo
1418 1209 1627 1282 meojudicium
1637 1226 1734 1266 meum

54 1300 92 1355 dio
107 1316 215 1356 eorum
231 1301 339 1371 (dlattlt.
354 1318 432 1372 xvur,
450 1305 483 1358 {8
500 1308 525 1359 et
540 1303 607 1374 aeq.)
622 1323 636 1353 a
651 1304 685 1359 Et
699 1303 805 1359 iterum
819 1320 871 1375 per
919 1303 1060 1359 transibit.
1080 1303 1225 1376 Numquid
1246 1303 1337 1359 nescis
1359 1309 1408 1358 aut
1435 1320 1493 1358 non
1513 1302 1639 1359 audisti?
1660 1304 1735 1359 Deus

55 1393 221 1466 prophetam
236 1394 373 1466 loquitur,
385 1395 484 1451 dicens
496 1413 503 1452 :
515 1397 635 1469 Expavit
646 1397 758 1468 linquit)
768 1398 870 1453 ooelum
919 1397 1118 1469 sempiternus,
1134 1396 1281 1463 Dominus,
1297 1397 1347 1468 qui
1366 1397 1472 1451 creavit
1491 1396 1628 1452 terminos
1641 1401 1734 1466 terrae,

54 1502 131 1558 saper
144 1487 215 1554 hoc,
228 1493 259 1542 et
270 1488 382 1543 horruit
391 1489 513 1560 amplius
526 1490 723 1558 vehementer,
740 1490 809 1545 dicit
821 1491 871 1545 Do
920 1506 977 1546 non
997 1490 1109 1547 deliciet
1132 1506 1225 1562 neque
1246 1489 1398 1559 laborabit,
1418 1506 1471 1545 nec
1492 1494 1535 1546 est
1555 1489 1736 1562 investigatio

56 1579 194 1649 ninnssszl)
208 1579 416 1637 intolerabilem
423 1581 643 1653 malignitatem,
655 1599 672 1638 o
682 1581 871 1653 linguamini-
920 1584 1065 1655 sapienties
1077 1585 1150 1656 ejus.
1160 1583 1214 1649 Qui
1226 1582 1274 1638 dat
1281 1583 1355 1639 lasso
1366 1582 1511 1652 virtutem,
1523 1586 1553 1637 et
1565 1583 1609 1638 his
1618 1583 1667 1656 qui
1677 1599 1736 1639 non

55 1673 185 1746 quitatem
197 1675 361 1746 loquentem
374 1679 472 1730 contra
484 1675 647 1743 Dominum,
660 1678 688 1732 ct
700 1678 827 1732 mentem
840 1677 870 1731 in
919 1682 987 1734 sunt
1007 1677 1217 1746 fortitudinem,
1242 1681 1271 1732 et
1291 1676 1378 1732 robur
1399 1676 1577 1748 multiplicat.
1601 1676 1736 1734 Deficieut

56 1767 231 1823 altitudinem
248 1783 338 1823 cornu
354 1771 551 1825 extollentem.
563 1770 597 1825 Et
608 1764 715 1825 iterum
729 1786 763 1824 :a
780 1757 908 1843 lmpoB
919 1770 1012 1844 pueri,
1036 1774 1065 1826 et
1083 1769 1262 1839 laborabunt,
1283 1774 1311 1825 et
1321 1770 1442 1841 juvenes
1460 1769 1491 1824 in
1512 1768 1675 1825 infirmitate
1688 1785 1735 1824 ca·

57 1877 95 1930 ne,
106 1861 210 1929 homo,
220 1865 279 1917 tuae
291 1861 399 1934 linguae
413 1864 519 1919 ostium
532 1865 561 1919 et
573 1878 677 1933 seram,
692 1879 769 1919 cesse
781 1879 870 1920 cornu
920 1865 997 1921 dent.
1013 1864 1068 1929 Qui
1081 1869 1177 1920 autem
1191 1867 1309 1935 sperant
1320 1862 1351 1917 in
1363 1862 1484 1918 Domino
1494 1863 1646 1919 mutabunt
1658 1863 1738 1919 lorti·

57 1953 276 2011 inaltitndinem
287 1955 434 2024 extollens,
448 1960 477 2011 et
490 1957 611 2028 loquens
623 1956 756 2012 adversus
772 1957 868 2011 Domi·
919 1958 1058 2027 tudinem,
1080 1961 1225 2013 assument
1250 1971 1357 2027 pennas
1383 1955 1454 2011 sicut
1483 1955 1596 2028 aquilae,
1621 1962 1737 2012 current

56 2062 132 2114 num,
145 2047 347 2118 etproximum
357 2053 451 2116 tuum,
461 2064 609 2121 quousque
620 2048 739 2105 insultas
751 2049 870 2122 patienti
919 2056 948 2106 et
969 2067 1027 2105 non
1049 2049 1229 2115 laborabunt,
1245 2047 1443 2115 ambulabunt,
1462 2052 1491 2102 ct
1512 2063 1570 2103 non
1594 2047 1734 2104 deficient.

57 2137 166 2194 Christo
181 2144 209 2194 et
222 2139 385 2196 inanibus?
408 2163 422 2191 a
443 2141 526 2214 (Ecct.
543 2158 639 2213 xxviii,
655 2145 689 2198 28
707 2144 809 2214 etseq.)
824 2141 870 2197 Sic
919 2145 1073 2199 Transeunt
1085 2142 1120 2197 ad
1135 2156 1182 2197 me
1195 2140 1307 2210 insulae,
1317 2144 1346 2195 et
1356 2144 1454 2211 gentes
1469 2144 1582 2195 mutent
1593 2140 1736 2196 fortitudi-

57 2235 147 2287 antem
158 2238 309 2304 peccantes
321 2233 352 2288 in
365 2234 510 2304 tratribus,
523 2240 552 2290 et
564 2236 757 2308 percutientes
769 2251 868 2291 eorum
921 2253 998 2306 nem,
1008 2234 1144 2290 accedant
1156 2238 1184 2289 et
1196 2238 1263 2289 tuuc
1277 2235 1442 2304 loquentur,
1452 2232 1536 2287 simul
1547 2232 1583 2288 ad
1594 2232 1737 2302 judicium

58 2323 196 2380 infirmam
211 2327 414 2383 conscientiam
433 2328 464 2383 in
486 2328 631 2384 Christum
655 2329 780 2400 graviter
803 2344 868 2401 pec·
919 2329 1145 2402 propinquemus
1160 2328 1223 2398 (lca.
1237 2343 1282 2394 xc,
1299 2329 1333 2381 27
1348 2331 1373 2382 et
1386 2325 1465 2397 seq).
1478 2347 1492 2375 »
1504 2326 1560 2380 llos
1577 2329 1673 2381 autem
1688 2325 1738 2398 qui

60 2417 127 2484 atis,
144 2421 175 2473 et
192 2418 236 2474 rei
250 2419 360 2490 judicio
382 2420 484 2489 effecti,
504 2421 626 2477 infames
647 2421 822 2490 efficiemini,
842 2426 871 2477 et
920 2439 969 2478 eos
998 2424 1104 2491 vetant,
1131 2423 1180 2475 aut
1206 2435 1336 2476 amovere
1362 2419 1406 2474 vel
1433 2419 1568 2474 damnare
1596 2419 1736 2489 nituntur,

58 2509 327 2584 lachapellemini.
336 2513 481 2570 Etiterum
489 2531 542 2587 per
553 2514 724 2587 Prophetam
733 2514 869 2587 loquitur,
919 2516 1013 2588 ipsum
1028 2514 1183 2570 Dominum
1192 2512 1431 2585 pertprophetam
1449 2511 1595 2580 damnare,
1606 2516 1635 2566 et
1646 2527 1738 2584 usque

61 2603 168 2661 ticenae
180 2607 384 2675 «vosautem,
399 2607 558 2664 sacerdotes
566 2607 690 2676 Domini,
700 2607 870 2663 vocabimini
920 2609 955 2664 ad
967 2607 1188 2663 satisfactionem
1208 2621 1315 2662 eorum.
1324 2608 1352 2661 ct
1369 2603 1500 2660 Ecclesia
1513 2604 1661 2660 damnatos
1676 2621 1738 2660 csse

61 2697 176 2754 ninbui
208 2699 261 2753 Dei
291 2700 392 2768 nostri,
418 2700 529 2758 dicetur
559 2701 648 2771 vobis,
672 2700 870 2757 fortitudinem
921 2701 1048 2770 docebat,
1061 2699 1111 2756 ubi
1125 2699 1186 2754 ait:
1205 2698 1309 2753 «Talia
1325 2697 1476 2769 elegerunt
1494 2697 1525 2752 in
1546 2696 1597 2751 viis
1618 2697 1687 2767 suis,
1708 2701 1737 2752 et

63 2791 185 2861 matium
198 2791 366 2863 comedetis,
382 2793 454 2848 etin
475 2793 564 2865 glorie
578 2810 678 2849 eorum
691 2793 870 2865 superbietis,
920 2795 951 2850 in
964 2792 1224 2850 abominationibus
1237 2791 1293 2846 suis
1307 2791 1403 2846 anima
1419 2805 1520 2845 corum
1534 2790 1672 2845 delectata
1684 2795 1736 2858 est,

62 2898 106 2954 pro
130 2884 304 2940 contusione
336 2890 431 2942 vestre
452 2887 559 2959 duplici
587 2887 691 2943 rubore
715 2886 872 2943 laudabunt
922 2882 1738 2959 undeetegoeligamillusionescorum,etdamnationem

63 2981 166 3047 partem
188 2993 300 3049 eorum,
319 2984 439 3051 propter
458 2979 511 3037 hoc
534 2980 564 3035 in
582 2985 659 3036 terra
677 2996 727 3035 sua
748 2966 880 3052 duplicia
921 2978 1315 3051 adducameis,quialocutus
1329 2993 1394 3033 sum
1407 2976 1457 3046 eis,
1469 2975 1737 3044 etnonaudicruut,

62 3068 250 3140 possidebunt,
264 3070 662 3144 ellatitiasempitermaarit
675 3072 871 3146 eis.0uiacgo
921 3074 1105 3146 feceruntque
1128 3072 1236 3128 malum
1258 3071 1289 3127 iu
1312 3070 1401 3126 oculis
1423 3069 1505 3138 meis,
1525 3072 1553 3124 et
1571 3085 1635 3142 quae
1659 3067 1740 3124 nolui

62 3161 195 3219 Dominam
209 3163 334 3236 diligens
343 3164 496 3236 judicium,
505 3169 535 3221 et
544 3166 610 3222 odio
624 3167 732 3223 habeus
743 3166 872 3239 rapinam
882 3120 910 3196 C
922 3165 1185 3239 elegerunthudite
1193 3164 1314 3220 verbum
1323 3163 1445 3232 Domini,
1453 3163 1503 3235 qui
1512 3160 1741 3218 tremitisadver·

61 3254 306 3326 inholocaustum,
321 3262 350 3314 et
362 3257 435 3314 dabo
449 3275 521 3333 opus
539 3276 638 3316 corum
653 3261 684 3316 in
703 3261 830 3331 veritate,
845 3265 873 3316 et
921 3261 991 3317 bum
1002 3261 1073 3334 ejus.
1082 3258 1332 3315 Dixeruutlratres
1342 3256 1429 3313 vestri
1442 3256 1569 3312 odientes
1582 3271 1641 3325 vos,
1653 3260 1740 3312 etvos

60 3347 141 3405 ludus
151 3353 328 3422 perpetuum
339 3351 442 3408 feriam
455 3352 506 3408 cis.
526 3354 561 3409 Et
573 3354 679 3410 scietur
695 3354 873 3427 ingentibus
922 3354 1085 3426 abjicientes
1099 3356 1215 3425 propter
1229 3367 1334 3407 nomen
1349 3365 1447 3406 meum
1463 3366 1470 3404 :
1486 3349 1663 3405 Gloritlcetur
1682 3350 1739 3404 Do-

61 3456 261 3500 scmcneornm
270 3447 425 3516 etgcrmen
436 3462 536 3502 eorum
546 3447 577 3502 in
587 3447 683 3504 medio
691 3448 871 3520 populorum.
922 3448 1029 3518 minus,
1038 3444 1381 3502 etvidebimusinlretitia
1390 3446 1498 3512 nostre,
1509 3443 1563 3514 ipsi
1573 3445 1742 3498 autemcon-

59 3533 157 3592 Omnes
176 3535 227 3608 qui
250 3535 376 3594 viderint
400 3555 447 3595 eos
470 3544 646 3612 cognoscent
663 3557 721 3610 eos,
740 3542 809 3615 quia
827 3540 873 3597 isti
921 3540 1078 3597 tundentur
1099 3539 1163 3611 (lac.
1189 3553 1261 3608 nxxr,
1286 3539 1353 3610 3-5),
1374 3560 1388 3587 »
1412 3536 1548 3593 nonenim
1571 3534 1742 3592 laborabunt

62 3632 234 3685 suntsemen
251 3629 298 3686 cui
311 3629 457 3688 benedixit
474 3633 632 3690 Dominus:
649 3633 778 3690 Gaudens
801 3650 872 3706 gau·
922 3634 1028 3689 hustra
1041 3632 1072 3687 in
1092 3630 1308 3687 conturbatione
1328 3630 1464 3702 presules
1477 3629 1545 3700 mci,
1560 3629 1629 3702 quia
1643 3645 1742 3685 semen

64 3719 139 3790 debo,
152 3725 182 3778 ct
196 3723 456 3780 cxsirltabitanima
471 3741 533 3782 mea
545 3727 576 3783 in
589 3728 646 3783 Deo
659 3744 733 3798 meo,
749 3727 816 3799 qnia
832 3727 874 3782 in·
922 3724 1153 3782 benedictionum
1173 3723 1289 3777 Domini
1307 3728 1358 3793 est,
1374 3726 1529 3793 antequam
1545 3722 1668 3777 clament
1686 3737 1742 3792 ego

64 3812 119 3869 duit
133 3831 183 3871 me
202 3815 374 3872 vestimento
396 3819 504 3888 salutis,
522 3822 552 3875 et
571 3819 740 3876 indumento
755 3819 873 3891 justitiae
924 3818 1085 3886 exaudiam,
1099 3819 1128 3872 et
1141 3815 1235 3870 adhuc
1248 3815 1304 3871 illis
1316 3815 1506 3886 loquentibus,
1520 3830 1575 3885 ego
1589 3813 1742 3869 exaudiam

65 3906 249 3965 circumdedit
256 3924 315 3980 me,
328 3912 409 3983 qnasi
422 3928 559 3984 sponsum
575 3913 742 3969 decoratum
756 3929 872 3983 corona,
923 3914 998 3984 (lsai.
1010 3927 1071 3981 nxv,
1084 3912 1130 3979 23,
1145 3911 1200 3980 24).
1217 3930 1230 3958 a
1244 3908 1285 3965 Ad
1306 3906 1523 3979 glorificandum
1543 3922 1584 3974 se,
1598 3911 1626 3962 et
1646 3905 1742 3961 divina

64 4002 89 4053 et
106 4001 188 4073 qnasi
210 4017 345 4074 sponsam
368 4007 499 4061 ornatam
524 4006 678 4062 monilibus
701 4006 769 4062 suis.
798 4006 875 4063 Sicut
923 4003 1057 4063 mandata
1071 4002 1245 4070 seminanda,
1261 4006 1290 4058 et
1299 3999 1528 4073 evangelizanda,
1545 4015 1592 4055 eos
1606 3997 1743 4055 Dominus

64 4093 223 4150 enimtcrra
236 4095 346 4168 profert
355 4113 474 4169 germen
494 4104 619 4168 sunm,et
633 4099 706 4155 sicut
719 4099 818 4156 hortus
831 4115 872 4155 se·
923 4099 1018 4171 clegit,
1038 4103 1068 4154 et
1088 4113 1146 4153 non
1169 4099 1201 4151 ut
1220 4095 1438 4166 prohibeantur,
1459 4097 1509 4148 aut
1529 4092 1742 4164 perturbentur,

63 4201 124 4242 rnen
134 4202 223 4243 suum
236 4189 389 4260 germinat,
403 4191 443 4246 sic
461 4191 598 4249 Dominus
612 4194 685 4249 Deus
703 4192 875 4265 germinabit
923 4193 1024 4260 aiebat,
1045 4189 1182 4263 quoniam
1206 4188 1257 4260 qui
1279 4204 1327 4244 cos
1355 4186 1442 4256 ladit,
1466 4202 1533 4242 eum
1559 4185 1637 4241 ladit
1662 4185 1743 4257 anus

59 4276 204 4349 induam,
243 4285 272 4337 ct
299 4282 412 4340 laudeni
446 4301 541 4342 coram
572 4285 710 4342 universis
742 4285 875 4358 gentibus
923 4285 1064 4359 legatione
1085 4284 1246 4354 funguntur
1261 4281 1295 4351 (ll
1315 4281 1376 4337 Gor.
1397 4296 1424 4348 v,
1446 4281 1501 4351 20).
1520 4278 1676 4335 Praedicare
1696 4294 1744 4334 eos

64 4373 119 4440 tlte.
138 4377 224 4442 uad
238 4378 265 4431 et
277 4375 355 4448 aaut.
371 4397 385 4426 a
924 4380 1035 4436 assidue
1054 4381 1084 4434 et
1104 4375 1237 4431 mandata
1259 4373 1373 4429 Domini
1394 4373 1455 4428 sine
1470 4372 1679 4429 intermissione
1691 4388 1742 4428 an·

93 4466 146 4522 Das
159 4472 259 4524 autem
279 4469 371 4525 asolo
386 4470 507 4527 Domino
524 4471 694 4543 judicandos
715 4475 766 4528 aut
780 4473 1056 4563 remo-Dnuntiare
1074 4470 1201 4543 rogabat.
1215 4469 1306 4541 Opera
1322 4482 1422 4521 eorum
1439 4465 1513 4520 bona
1532 4481 1627 4520 coram
1648 4464 1742 4521 homi-

67 4559 176 4628 vendos,
190 4564 221 4615 ct
239 4576 298 4617 non
319 4563 355 4619 ab
375 4564 436 4619 aliis
457 4579 517 4621 esse
530 4564 652 4634 dicebat,
671 4566 739 4638 quia
751 4566 796 4621 sui
810 4570 876 4623 suut
924 4567 1009 4624 nibus
1024 4569 1193 4630 monstrare,
1204 4565 1232 4618 et
1247 4558 1450 4615 conscientiam
1462 4557 1567 4612 bonam
1578 4574 1673 4613 coram
1686 4558 1744 4613 Deo

67 4655 157 4708 elnon
170 4652 297 4712 alterius.
311 4655 347 4710 Et
359 4655 422 4728 quis
441 4660 484 4712 est
502 4657 552 4730 qui
566 4657 683 4714 alterius
694 4658 805 4731 judicet
817 4675 874 4716 ser-
926 4659 1031 4715 habere
1044 4655 1216 4723 insinuabat,
1229 4668 1328 4709 omncs
1347 4650 1492 4725 principes
1512 4653 1597 4707 tcrrae
1612 4655 1641 4707 et
1654 4666 1742 4706 cunc·

68 4745 237 4801 umectam
255 4751 286 4803 et
306 4748 330 4803 si
350 4748 404 4803 ista
424 4765 481 4805 non
500 4751 649 4822 peliuntur
670 4752 810 4820 homines,
825 4769 877 4809 nec
926 4758 969 4809 tos
981 4751 1111 4806 homines
1130 4749 1169 4805 eis
1190 4747 1315 4817 obedire,
1330 4751 1358 4802 et
1380 4744 1473 4816 capita
1492 4761 1545 4799 sua
1566 4743 1743 4815 submittere,

67 4835 134 4893 Deus
146 4839 269 4895 deornm
280 4844 309 4896 et
321 4841 460 4899 Dominus
471 4843 681 4901 dominantium
701 4846 763 4902 haec
776 4846 876 4903 ullate-
927 4860 1086 4916 eorumque
1099 4842 1243 4913 adjutores
1258 4839 1377 4895 existere
1391 4836 1584 4910 praecipiebat,
1597 4841 1630 4893 ut
1645 4852 1745 4893 omnes

69 4944 116 4985 nas
126 4932 247 5003 putitiu,
261 4932 337 4990 unde
350 4939 379 4990 et
392 4936 544 5008 prophetas
556 4937 609 4993 sibi
628 4941 713 4995 testes
726 4956 786 4996 esse
800 4939 877 4995 dicc-
927 4939 1034 5012 pariter
1047 4936 1145 4992 fideles
1165 4939 1193 4991 et
1214 4937 1410 5006 cooperatores
1429 4929 1501 5003 legis
1515 4930 1630 4986 Domini
1644 4948 1744 4987 mons-

69 5021 119 5093 Μ,
135 5040 190 5096 per
201 5041 273 5098 qnos
285 5026 423 5084 Dominus
438 5029 573 5102 loquitur,
587 5030 683 5088 dicens
699 5049 706 5088 ι
723 5033 820 5089 «Ecce
833 5049 880 5089 ex·
928 5035 1082 5100 trarentur,
1104 5045 1141 5085 ue
1165 5028 1200 5083 de
1224 5027 1264 5082 eis
1286 5026 1407 5081 dicatur.
1431 5047 1445 5075 a
1468 5024 1693 5095 confundantur,
1717 5028 1747 5079 et

70 5116 123 5173 rexi
136 5120 178 5189 te,
196 5118 246 5174 sed
258 5134 316 5175 nou
332 5121 415 5193 quasi
428 5128 582 5195 argentum
595 5124 669 5197 elegi
683 5127 710 5182 te
725 5125 756 5181 in
769 5126 880 5182 camino
929 5125 1097 5182 erubescant
1108 5138 1209 5178 omnes
1219 5120 1269 5193 qui
1277 5122 1408 5192 pugnant
1415 5118 1566 5174 adversum
1575 5122 1613 5190 te,
1625 5122 1654 5173 et
1663 5121 1748 5172 erunt

69 5211 436 5286 peperutiwropterme
450 5216 563 5286 taciem,
575 5222 677 5274 utnon
689 5218 879 5292 blasphemer,
930 5218 1009 5293 quasi
1032 5234 1091 5273 non
1111 5217 1178 5286 sint,
1201 5218 1229 5271 et
1249 5213 1384 5286 peribunt
1402 5211 1456 5267 viri
1480 5212 1530 5284 qui
1552 5211 1747 5268 contradicunt

69 5303 230 5375 ctgloriam
243 5321 339 5362 meam
353 5308 438 5364 alteri
450 5325 509 5365 non
521 5309 605 5367 dabo.
619 5312 692 5368 andi
710 5329 768 5382 mc,
784 5312 880 5382 Jacob,
930 5313 992 5371 tibi.
1005 5311 1120 5378 Quares
1138 5326 1186 5366 eos
1196 5312 1225 5365 et
1236 5325 1294 5364 non
1307 5306 1434 5363 invenies
1449 5306 1523 5362 viros
1541 5305 1660 5362 rebelles
1672 5307 1746 5358 tuos.

70 5400 93 5450 et
104 5397 190 5454 lsrael
213 5414 300 5470 quem
320 5415 376 5473 ego
395 5418 472 5459 voco.
485 5404 546 5475 Ego
564 5403 636 5477 ipse,
650 5421 704 5478 ego
718 5405 838 5479 primus,
854 5409 883 5462 et
932 5406 1023 5462 Erunt
1036 5405 1116 5478 quasi
1130 5419 1190 5461 nou
1207 5402 1273 5473 sint,
1288 5405 1318 5457 et
1331 5400 1417 5456 veluti
1431 5399 1610 5471 consumptio
1624 5393 1748 5453 hominis

71 5502 117 5560 ego
124 5491 308 5564 novissimus,
319 5509 422 5550 manua
429 5512 543 5569 quoque
554 5513 618 5554 mea
627 5498 757 5555 fundavit
765 5502 882 5570 terram,
932 5498 1063 5556 bellantis
1081 5498 1232 5554 adversum
1250 5498 1278 5551 te
1295 5493 1359 5566 (leo.
1380 5511 1435 5564 xm,
1455 5497 1483 5548 ll
1508 5498 1534 5548 et
1555 5492 1607 5560 12).
1622 5510 1636 5539 »
1651 5486 1749 5543 Omnis

70 5583 224 5640 adextma
238 5601 302 5642 mea
315 5602 415 5644 mensa
428 5594 471 5646 est
485 5591 578 5647 coelos.
590 5593 649 5663 Ego
660 5591 770 5651 secabo
785 5608 845 5662 eos,
856 5596 885 5652 ct
933 5609 1012 5665 ergo,
1027 5592 1076 5664 qui
1098 5591 1139 5648 eis
1159 5587 1345 5659 contravenit,
1359 5587 1398 5643 ita
1416 5587 1563 5642 damnatos
1582 5586 1611 5639 et
1628 5579 1751 5640 intarms

70 5676 182 5734 stabunt
193 5678 282 5734 simul
299 5680 362 5752 (lac.
373 5698 472 5751 xnvur,
491 5686 524 5739 t0
538 5689 563 5740 et
573 5686 651 5757 seq),
666 5702 713 5741 me
725 5686 823 5743 insulae
838 5703 882 5744 ex·
935 5703 1024 5761 usque
1035 5687 1071 5743 ad
1080 5685 1303 5742 satisfactionem
1311 5679 1497 5748 monstrabat,
1504 5680 1533 5732 ct
1541 5675 1597 5733 nisi
1608 5679 1753 5763 converte·

72 5772 249 5845 aestuum,
267 5777 296 5829 et
308 5772 457 5832 brachium
475 5792 575 5835 meum
593 5779 783 5838 sustinebunt.
805 5781 885 5841 salus
936 5786 1034 5839 rentur
1045 5779 1217 5838 aliminibus
1230 5776 1358 5835 Ecclesia
1371 5771 1751 5847 alienosesscpraecipicbat.

275 5868 412 5940 Parnon.
436 5871 550 5944 cxxx.
1535 5873 1555 5937 Ξ
