3870 6150
72 298 144 352 ll‘td

684 298 922 360 recurrantur
941 303 1134 360 contemto.

1687 312 1754 365 ltro

69 404 133 475 ejus
156 402 267 459 audisse
288 402 441 473 fateantur,
468 405 506 460 ita
529 406 656 479 reliquias
681 425 750 481 quas
778 410 889 481 petistis
898 410 1167 497 Adiscernentibus
1187 428 1253 468 cum
1275 429 1382 485 magna
1412 414 1579 471 discretione
1603 417 1756 488 providen-

70 513 203 553 seorsum
221 497 379 554 condenda
401 505 477 568 sunt,
499 505 530 556 ut
550 502 629 557 locus
650 519 708 574 quo
737 504 889 575 praefatum

65 591 146 664 jacet
174 591 267 648 modis
292 593 425 648 omnibus
456 593 630 666 obstruatur,
659 613 713 653 nec
738 599 887 669 permitta-

68 688 118 741 tur
142 687 263 758 populus
295 691 407 743 certum
439 688 579 758 deserere,
605 694 634 745 et
662 691 804 748 incertum
839 709 888 747 ve·

69 795 177 835 aaran.

105 922 286 991 iuterrogatio
311 924 469 991 Augustini.
495 954 529 965 -·
553 926 580 982 Si
604 942 757 999 praegnans
784 928 888 984 mulier

69 1013 171 1070 debeat
199 1014 345 1087 baptizari,
378 1023 427 1073 aut
462 1023 615 1092 postquam
654 1021 794 1091 genuerit,
823 1025 889 1094 post

68 1112 209 1180 quantum
241 1110 330 1181 possit
361 1112 472 1183 tempus
506 1113 655 1169 ecclesiam
689 1114 807 1183 intrare,
840 1120 888 1173 aut

69 1201 159 1257 etiam
182 1202 331 1274 baptizari,
345 1221 381 1261 ne
402 1211 495 1262 morte
517 1211 749 1281 praeoccupetur;
766 1210 842 1282 quod
864 1211 887 1266 si

69 1296 212 1366 genuerit,
236 1301 301 1369 post
327 1301 396 1370 quot
424 1299 484 1356 dies
516 1300 589 1357 banc
620 1301 706 1358 liceat
734 1304 808 1359 sacri
834 1303 885 1359 ba·

68 1389 213 1461 ptismatis
240 1397 417 1448 sacramenta
449 1395 613 1466 percipere;
636 1402 685 1450 aut
706 1400 769 1468 post
793 1414 885 1469 quau·

67 1486 130 1539 tum
159 1485 298 1557 temporis
325 1486 392 1542 huic
420 1487 462 1543 rir
489 1505 556 1543 suus
591 1490 621 1544 in
652 1490 744 1545 carnis
771 1492 887 1564 copula·

68 1576 148 1633 tione
169 1578 320 1651 conjungi;
344 1583 382 1650 et,
397 1581 420 1635 si
442 1587 589 1638 menstrua
612 1584 817 1640 consuetudine
841 1591 885 1641 te·

68 1674 163 1739 nedrr,
187 1688 225 1728 au
246 1673 277 1728 in
301 1674 416 1730 ecclesia
448 1676 556 1731 intrare
581 1677 607 1731 ei
630 1677 734 1739 liceat;
759 1682 809 1734 aut
841 1696 885 1734 sa·

66 1780 124 1820 croe
146 1767 356 1823 communionis
377 1774 559 1825 sacramenta
583 1771 748 1842 percipere;
766 1773 924 1876 autviroB

66 1874 120 1914 suo
133 1860 272 1933 conjungi
286 1862 471 1934 permittitur,
486 1864 653 1937 priusquam
669 1866 780 1922 lavetur
791 1883 884 1940 aqua;
977 1909 983 1921 .

65 1952 92 2009 si
116 1954 266 2011 ecclesiam
287 1956 374 2027 possit
402 1955 520 2027 intrare,
543 1959 587 2014 rel
609 1959 695 2015 etiam
723 1959 759 2015 ad
780 1965 884 2033 myste-

64 2047 145 2102 rium
169 2050 273 2103 sanctae
295 2050 505 2106 communionis
527 2053 671 2109 accedere.
697 2053 767 2118 Quae
788 2055 886 2110 omnia

63 2141 132 2197 rudi
154 2142 314 2214 duglorurn
343 2144 421 2216 genti
449 2149 564 2217 oportet
592 2147 697 2203 habere
726 2152 884 2221 comperta.

939 503 975 559 da
996 509 1048 576 est,
1071 505 1113 560 ita
1140 506 1185 561 his
1206 507 1309 579 quibus
1334 523 1413 564 mors
1441 508 1577 565 imminet
1604 510 1666 565 sine
1696 511 1757 568 ulla

938 597 1073 654 dilatione
1105 598 1261 668 offerenda,
1292 617 1328 657 ne
1361 601 1432 657 dum
1458 603 1552 659 adhuc
1577 608 1691 676 tempus
1721 604 1757 660 ad

938 691 1123 763 praebendum
1143 692 1348 766 redemptionis
1361 695 1532 769 mysterium
1552 697 1700 769 cientur,
1715 697 1758 753 in-

938 785 1113 842 terveniente
1144 787 1292 859 paululum
1323 804 1415 860 mora,
1438 789 1563 846 inveniri
1586 806 1643 846 non
1665 791 1758 848 valeat

938 879 987 950 qui
1008 879 1177 937 redimatur.
1198 880 1237 937 ad
1259 880 1319 953 ejus
1340 898 1407 938 vero
1428 883 1613 939 concubitum
1629 884 1671 940 vir
1688 901 1757 941 suus

938 974 1074 1029 accedere
1107 990 1166 1029 non
1199 974 1293 1044 debet,
1317 975 1410 1048 quoad
1443 992 1533 1048 usque
1566 966 1670 1048 proles,
1692 994 1757 1051 quae

938 1065 1075 1138 gignitur,
1110 1067 1278 1123 ablactetur.
1312 1069 1399 1124 Prava
1429 1072 1525 1126 autem
1557 1069 1587 1124 in
1617 1071 1756 1144 conjuga-

938 1163 1032 1215 torum
1048 1160 1176 1216 moribus
1191 1162 1365 1218 consuetudo
1381 1163 1513 1232 surrexit,
1528 1167 1559 1218 ut
1571 1163 1706 1220 mulieres
1719 1166 1754 1220 fl-

936 1253 990 1309 lies
1003 1270 1076 1325 quos
1091 1253 1214 1326 gignunt
1231 1254 1341 1310 nutrire
1365 1259 1559 1325 contemnant,
1574 1273 1680 1330 eosque
1693 1258 1756 1314 aliis

937 1347 1103 1403 mulieribus
1126 1347 1163 1402 ad
1180 1348 1370 1404 nutriendum
1392 1349 1518 1405 tradant.
1532 1351 1613 1415 Quod
1627 1351 1758 1409 videlicet

937 1458 971 1497 ex
987 1441 1044 1496 sola
1056 1458 1143 1497 causa
1157 1441 1372 1498 incontinentias
1387 1442 1501 1498 videtur
1518 1443 1757 1518 inventumque

938 1534 1007 1589 dum
1017 1549 1046 1591 se
1058 1535 1206 1591 continere
1218 1536 1330 1604 nolunt,
1341 1536 1503 1608 despiciunt
1513 1536 1621 1593 lactare
1634 1554 1706 1611 quos
1716 1540 1757 1611 gi·

937 1632 1039 1701 guunt.
1056 1630 1104 1684 llae
1120 1629 1215 1701 itaque
1227 1645 1292 1701 quse
1312 1629 1386 1684 filios
1406 1646 1472 1685 sues
1491 1646 1525 1686 ex
1538 1646 1625 1702 prava
1637 1648 1756 1689 consue·

936 1721 1038 1777 tudine
1052 1721 1114 1777 alus
1124 1722 1160 1777 ad
1170 1722 1358 1778 nutriendum
1369 1721 1498 1791 tradunt,
1510 1723 1564 1779 nisi
1576 1726 1756 1797 purgationis

936 1818 1052 1888 tempus
1063 1816 1238 1885 transierint,
1251 1816 1317 1871 viris
1330 1817 1389 1871 suis
1402 1833 1461 1872 non
1473 1817 1582 1873 debent
1593 1819 1755 1889 admisceri,

936 1926 1042 1982 qmppe
1056 1909 1125 1982 quia
1142 1913 1171 1965 et
1189 1909 1250 1965 sine
1269 1914 1366 1981 partus
1390 1926 1475 1965 causa
1495 1926 1561 1966 cum
1582 1911 1756 1969 inconsuetis

935 2003 1338 2072 menstruisdetinentur,viris
1346 2003 1405 2059 suis
1413 2004 1527 2061 misceri
1536 2005 1753 2076 prohibeantur,

936 2097 975 2152 ita
985 2099 1016 2152 ut
1026 2103 1118 2153 morte
1131 2099 1177 2153 tex
1189 2114 1268 2153 seem
1279 2096 1375 2168 feriat,
1384 2097 1408 2153 si
1421 2098 1485 2170 quis
1496 2098 1539 2154 ιιι
1549 2099 1587 2155 ad
1601 2099 1754 2158 mulierem

936 2195 1144 2248 menstruatam
1156 2192 1279 2247 accedat.
1291 2192 1361 2257 Quae
1374 2196 1471 2248 tamen
1482 2193 1597 2264 mulier,
1609 2194 1679 2250 dum
1688 2211 1754 2250 cen·

101 2284 248 2354 &eponae
262 2285 394 2355 oeneus.
408 2317 443 2326 -
455 2287 511 2342 ltoc
526 2303 585 2343 nen
599 2288 716 2360 ambigo
727 2287 887 2346 fraternita-
936 2285 1118 2342 suetudinem
1129 2285 1336 2341 menstrualem
1345 2286 1462 2357 patitur,
1471 2285 1756 2357 prohiberiabeccle-

61 2380 129 2432 tem
147 2381 228 2433 tuem
246 2393 307 2434 esse
329 2380 507 2451 requisitam,
522 2381 567 2436 cui
584 2382 647 2452 jam
667 2388 696 2436 at
719 2399 885 2455 responsum
936 2377 1041 2434 sianon
1050 2378 1219 2451 debet,quia
1227 2383 1331 2434 natura
1340 2379 1366 2434 ei
1375 2380 1554 2450 superfluens
1563 2380 1594 2436 in
1604 2380 1687 2454 culpa
1695 2398 1755 2437 non

60 2470 225 2527 reddidisse
241 2488 287 2528 me
305 2473 438 2529 arbitror.
460 2475 516 2531 Sed
537 2475 590 2530 boc
604 2475 682 2548 quod
697 2476 757 2549 ipse
779 2476 884 2545 dicere,
936 2474 1008 2529 valet
1019 2474 1155 2545 reputari,
1167 2478 1257 2544 etper
1266 2472 1321 2528 boc
1332 2473 1410 2545 quod
1420 2472 1508 2530 invite
1519 2474 1636 2546 patitur,
1641 2475 1754 2546 justum

62 2567 96 2619 et
108 2565 216 2621 sentire
234 2567 360 2639 potuisti,
375 2567 459 2623 credo
475 2569 545 2640 quia
559 2586 621 2624 mea
634 2569 710 2640 apud
724 2575 752 2626 te
764 2571 886 2627 volueris
935 2571 1053 2636 nonest,
1062 2568 1271 2639 utabingressu
1280 2567 1377 2639 templi
1388 2566 1755 2639 privetur.Novimusnam·

61 2659 251 2730 responsione
274 2660 395 2715 tlrmari.
418 2661 518 2717 Mulier
548 2663 624 2718 enim
648 2680 811 2737 pregnans,
835 2683 886 2721 cur
934 2679 990 2734 que
1005 2661 1082 2735 quod
1096 2661 1200 2716 mulier
1215 2677 1278 2733 quas
1291 2662 1400 2716 tluxum
1415 2661 1750 2734 patiebatursanguinis,

60 2768 124 2807 non
156 2752 258 2809 debeat
291 2754 440 2826 baptizari,
465 2772 529 2811 eum
555 2773 612 2812 nou
642 2757 762 2814 sitente
790 2760 884 2815 emni-
934 2754 1754 2828 posttergumDominihumiliterveniens,restimentiejus

60 2846 190 2918 potentis
211 2848 260 2902 Ilei
283 2849 380 2903 oculos
407 2850 490 2921 culpa
518 2850 614 2922 aliqua
641 2851 799 2908 fecunditas
822 2869 883 2908 car·
935 2849 1078 2905 timbriam
1092 2848 1197 2920 tetigit,
1214 2851 1299 2921 atque
1312 2848 1348 2905 ab
1364 2865 1398 2904 ea
1413 2850 1509 2904 statim
1531 2865 1582 2904 sua
1601 2849 1754 2907 infirmitas

61 2940 131 2995 nist
146 2941 217 2996 Nam
237 2959 301 2997 cum
326 2943 412 3014 primi
436 2946 570 3015 parentes
590 2947 680 3001 nostri
698 2948 728 3001 in
752 2949 884 3018 paradiso
935 2944 1052 3000 recessit
1066 2943 1173 3015 (liunt.
1190 2959 1226 3013 rr,
1237 2945 1283 3010 20,
1298 2942 1364 3014 22)t
1374 2942 1401 2999 Si
1415 2958 1484 3014 ergo
1498 2943 1529 2997 in
1543 2942 1623 2998 tluxu
1635 2945 1752 3016 sangui·

62 3032 264 3106 deliquissent,
281 3036 528 3093 immortalitatem
551 3055 638 3111 quam
658 3047 826 3114 acceperant
838 3059 883 3099 re·
935 3039 980 3093 nis
995 3037 1086 3110 posite
1110 3036 1292 3093 laudabiliter
1306 3037 1400 3108 potuit
1420 3038 1623 3094 vestimentum
1640 3038 1754 3094 Domini

61 3130 111 3182 cto
134 3127 182 3183 nei
201 3128 310 3200 judicio
331 3131 529 3202 perdiderunt,
554 3133 622 3204 quia
646 3133 725 3189 idem
753 3137 883 3209 omnipo·
894 3174 922 3250 G
935 3136 1064 3204 tangere,
1079 3146 1131 3186 cur
1143 3146 1207 3202 quae
1222 3133 1371 3185 menstrua
1384 3130 1531 3202 sanguinis
1544 3131 1753 3203 patitureinou

61 3224 131 3276 tens
154 3222 229 3278 Deus
259 3223 419 3280 humanum
452 3240 542 3295 genus
572 3227 653 3299 culpa
682 3245 733 3284 sua
755 3229 884 3286 funditus
934 3225 1143 3282 liceatllomini
1157 3223 1306 3280 ecclesiam
1321 3223 1438 3279 intrare.
1455 3224 1509 3280 Sed
1523 3223 1702 3281 diciszlllrm
1711 3226 1754 3282 in·

60 3314 248 3388 exstinguere
271 3317 374 3386 noluit,
388 3323 417 3374 et
437 3319 681 3378 immortalitatem
704 3323 815 3379 homini
830 3341 883 3396 pro
933 3319 1051 3375 firmitas
1073 3317 1219 3390 compulit,
1239 3317 1291 3372 has
1313 3333 1390 3385 vero,
1413 3317 1572 3390 dequibus
1593 3318 1751 3390 loquimur,

61 3413 184 3481 peccate
206 3427 256 3465 suo
279 3410 404 3481 abstulit,
428 3418 457 3469 et
478 3418 577 3470 tamen
603 3431 656 3487 per
676 3417 883 3489 benignitatem
932 3412 1108 3469 cousuetudo
1119 3410 1298 3483 constringit.
1313 3411 1460 3483 Perpende
1475 3411 1563 3481 enim,
1579 3412 1667 3468 irater
1680 3412 1750 3469 eba-

60 3519 124 3559 suoe
155 3503 270 3576 pietatis
301 3505 508 3562 fecunditatem
532 3508 558 3564 ei
585 3508 689 3565 sobolis
718 3511 880 3569 reservavit.
932 3507 1055 3574 rissime,
1069 3505 1137 3578 quia
1154 3520 1239 3560 omne
1254 3504 1332 3577 quod
1345 3504 1375 3559 in
1389 3504 1442 3559 hec
1454 3520 1538 3560 carne
1552 3504 1665 3561 mortali
1677 3506 1750 3578 pati·

59 3596 147 3662 onoc
171 3614 240 3669 ergo
261 3603 372 3655 naturae
394 3601 530 3657 bumana
553 3619 585 3657 er
609 3605 812 3676 omnipotentis
832 3605 882 3662 Dei
932 3617 1053 3657 murex
1076 3598 1242 3656 infirmitate
1262 3602 1372 3654 nature
1394 3603 1437 3653 est
1459 3598 1547 3670 digno
1572 3598 1621 3654 Dei
1640 3598 1750 3672 judicio

60 3690 142 3747 dono
161 3696 305 3749 serratum
336 3699 387 3761 est,
411 3712 469 3766 qua
503 3698 613 3753 ratione
639 3698 743 3769 peterit
770 3701 882 3755 asacri
931 3712 983 3768 per
1000 3694 1112 3767 culpam
1126 3693 1303 3750 ordinatum.
1317 3692 1431 3748 Esurire
1445 3707 1581 3766 namque,
1595 3692 1685 3762 sitire,
1697 3710 1748 3749 aes·

59 3783 241 3857 baptismatis
265 3788 355 3859 gratia
375 3789 542 3860 prohiberi?
568 3792 598 3846 in
620 3791 667 3846 ille
689 3792 795 3865 quippe
818 3810 879 3865 my·
931 3794 1022 3858 tuane,
1037 3788 1144 3860 algere,
1158 3788 1309 3843 lassessere
1324 3803 1359 3842 ex
1382 3785 1551 3842 infirmitate
1567 3789 1677 3842 natura
1695 3793 1749 3842 est.

59 3878 160 3948 sterio,
176 3880 206 3936 in
227 3898 284 3954 quo
305 3883 398 3938 omnis
419 3884 503 3956 culpa
527 3885 657 3941 funditus
678 3885 879 3959 exstinguitur,
932 3882 1044 3955 litquid
1058 3887 1102 3938 est
1114 3880 1193 3938 aliud
1208 3885 1308 3937 contra
1319 3879 1425 3935 famem
1439 3879 1587 3949 alimenta,
1597 3884 1696 3936 centra
1709 3882 1748 3936 si·

57 3973 144 4029 valde
180 3976 309 4043 stultum,
342 3977 365 4031 si
402 3977 509 4034 donum
547 3980 648 4051 gratiae
684 3981 879 4038 contradicere
929 3977 981 4032 tim
1004 3979 1116 4047 potum,
1130 3979 1230 4031 contra
1253 3977 1354 4030 aestum
1378 3989 1470 4044 auras,
1485 3980 1514 4030 et
1534 3977 1636 4031 contra
1657 3974 1749 4047 frigus

59 4082 146 4139 posse
159 4067 297 4126 videatur.
312 4070 383 4126 Cum
398 4087 466 4126 vero
489 4073 575 4129 enixa
595 4073 682 4130 fuerit
700 4073 805 4130 mulier
818 4081 882 4146 post
931 4073 1047 4139 vestem,
1063 4074 1163 4125 contra
1181 4067 1380 4125 lassitudinem
1393 4067 1526 4141 requiem
1538 4083 1679 4140 quaerere,
1693 4066 1748 4124 nisi

57 4166 136 4233 quot
165 4161 265 4218 debeat
297 4163 357 4221 dies
388 4166 536 4223 ecclesiam
569 4168 686 4238 intrare,
706 4169 879 4226 Testamenti
930 4161 1748 4236 medimmentaquoedamcontraaegritudinesexploraret

59 4255 171 4311 Veteris
194 4259 385 4330 praeceptione
406 4259 540 4331 didicisti,
558 4266 588 4318 ut
607 4279 659 4334 pro
680 4264 805 4318 masculo
818 4264 879 4319 die·
931 4259 1055 4316 Feminre
1070 4274 1196 4331 namque
1210 4262 1238 4313 et
1257 4261 1422 4313 menstruus
1435 4256 1478 4312 sui
1492 4256 1641 4329 sanguinis
1653 4256 1748 4313 tluxus

56 4346 117 4403 bns
146 4349 262 4421 triginta
298 4352 389 4409 tribus
421 4356 493 4424 (Leo.
526 4372 581 4425 ιιι,
614 4358 652 4428 t),
684 4373 737 4429 pro
773 4357 879 4414 femina
930 4352 1071 4425 egritudo
1085 4357 1135 4408 est.
1146 4352 1175 4408 Si
1187 4351 1358 4424 igiturbene
1371 4351 1565 4424 praesumpsit,
1576 4351 1654 4422 quod
1664 4352 1747 4406 vesti-

56 4447 160 4498 autem
192 4446 339 4516 sexaginta
366 4464 415 4503 sex
439 4448 531 4518 (ibid,
552 4452 578 4521 5)
604 4449 706 4507 debeat
731 4451 877 4508 abstineri.
928 4452 1060 4503 mentum
1070 4445 1183 4502 [lamini
1196 4446 1375 4518 inlanguore
1388 4445 1481 4517 posita
1493 4443 1745 4516 tetigit,quoduni

53 4534 143 4602 onoc
163 4540 261 4594 tamen
284 4541 431 4599 sciendum
452 4547 504 4612 est,
529 4544 596 4616 quia
615 4544 645 4601 in
668 4546 806 4617 mysterio
828 4552 1059 4625 canpersonae
1072 4540 1223 4596 infirmata
1242 4537 1418 4605 conceditur,
1436 4553 1487 4592 cur
1500 4552 1558 4592 non
1574 4536 1746 4592 concedatur

53 4629 175 4702 cipitur.
199 4633 270 4688 Nam
291 4635 315 4689 si
338 4635 410 4691 hora
441 4637 540 4693 eadem
573 4654 630 4710 qua
662 4640 806 4712 genuerit,
830 4657 876 4696 ac·
927 4629 1773 4704 cunctismulieribusqusencturoesuoeritioinfirmantur?.

52 4728 125 4780 tura
144 4725 250 4795 gratias
269 4728 358 4785 intret
379 4731 540 4803 ecclesiam,
563 4732 642 4789 nulle
668 4735 777 4807 peceati
805 4751 874 4807 pon·
927 4730 1039 4788 Sanctae
1058 4727 1163 4784 etenim
1181 4724 1389 4783 communionis
1410 4723 1578 4795 mysterium
1590 4722 1621 4778 in
1634 4723 1744 4781 eisdem

52 4818 129 4874 dere
157 4827 310 4891 gravatur,
332 4825 463 4897 voluptas
493 4826 571 4882 enim
595 4828 688 4883 carnis
713 4845 772 4884 non
795 4829 877 4885 dolor
926 4825 1029 4881 diebus
1047 4823 1193 4896 percipere
1209 4837 1268 4876 non
1290 4817 1376 4875 debet
1397 4816 1557 4890 prohiberi.
1575 4817 1605 4874 Si
1617 4819 1695 4875 enim
1710 4836 1743 4877 er

53 4912 89 4969 in
102 4913 188 4986 culpa
201 4920 255 4987 est,
271 4918 301 4973 iu
321 4920 413 4975 carnis
435 4921 512 4976 enim
532 4921 732 4978 commistione
747 4923 877 4995 voluptas
926 4934 1032 4991 magna
1040 4916 1224 4973 veneratione
1234 4913 1447 4986 perciperenou
1458 4913 1618 4984 praesumit,
1629 4913 1743 4972 laudan·

51 5010 110 5063 est.
127 5007 199 5064 Nam
211 5011 242 5065 in
255 5013 344 5083 prolis
358 5015 520 5086 prolatione
536 5017 669 5088 gemitus,
685 5017 761 5072 unde
774 5020 803 5073 et
816 5017 876 5088 ipse
926 5013 961 5069 da
976 5016 1034 5079 est,
1049 5011 1100 5067 sed
1121 5011 1145 5064 si
1163 5007 1332 5081 perceperit,
1345 5022 1403 5062 non
1414 5005 1581 5078 judicanda.
1597 5008 1741 5065 bonarum

52 5100 196 5158 Dominus
210 5104 320 5176 primus
338 5109 475 5180 magister
492 5109 622 5166 omnium
637 5110 729 5166 dixit:
746 5132 760 5161 «
777 5111 874 5166 lndo·
925 5107 1031 5180 quippe
1046 5104 1186 5161 mentium
1200 5106 1244 5158 est
1262 5101 1347 5158 etiam
1361 5100 1401 5156 ibi
1422 5099 1519 5173 aliquo
1537 5102 1624 5158 modo
1645 5102 1742 5173 culpas

51 5193 165 5250 loribus
192 5198 286 5268 paries
307 5202 383 5272 (Gen.
410 5218 451 5272 ιιι,
479 5205 531 5275 tet.
560 5224 574 5255 n
605 5205 631 5260 si
658 5205 735 5261 enim
759 5204 875 5261 enixam
926 5218 990 5258 suas
1003 5215 1186 5272 cognoscere,
1203 5197 1253 5254 ubi
1274 5196 1359 5269 culpa
1373 5212 1432 5251 non
1447 5197 1666 5269 est,qniasoepe
1680 5195 1741 5252 sine

52 5288 210 5347 mulierem
241 5295 425 5366 prohibemus
455 5298 604 5354 ecclesiam
636 5300 753 5367 intrare,
783 5300 874 5372 ipsam
924 5294 1118 5369 culpaagitur
1132 5292 1207 5365 quod
1222 5290 1345 5348 venitex
1359 5291 1458 5362 culpa;
1473 5290 1550 5345 unde
1567 5288 1656 5345 etiam
1675 5304 1741 5345 cum

50 5382 83 5439 ei
104 5385 305 5456 penitentiam
327 5406 412 5446 suam
435 5392 464 5447 in
487 5393 600 5465 culpam
622 5393 805 5466 deputamus.
821 5395 873 5449 Ba·
925 5390 1075 5457 esummus,
1091 5387 1151 5443 sine
1171 5387 1255 5459 culpa
1275 5383 1463 5450 comedimus,
1478 5382 1582 5455 quibus
1603 5397 1636 5438 ex
1658 5382 1740 5454 culpa

51 5476 164 5551 ptinere
184 5484 281 5538 autem
294 5485 338 5541 rel
357 5485 471 5541 enixam
495 5488 659 5555 mulierem,
671 5490 715 5543 rel
733 5489 787 5543 hoc
800 5488 874 5560 quod
925 5485 1013 5557 primi
1033 5480 1157 5539 hominis
1176 5481 1284 5536 tactum
1306 5483 1350 5533 est
1369 5482 1401 5532 ut
1414 5475 1582 5532 esudamus.
1596 5475 1740 5532 Menstrua

52 5573 202 5644 gennem,
231 5576 254 5631 ri
279 5578 406 5649 periculo
431 5581 532 5637 mortis
558 5586 687 5652 urgetur,
713 5583 757 5637 vel
782 5583 873 5655 ipsam
925 5578 1001 5634 enim
1023 5574 1199 5634 consuetudo
1215 5571 1384 5629 mulieribus
1401 5584 1460 5624 non
1478 5567 1572 5639 aliqua
1588 5568 1737 5639 culpaest‚

51 5664 129 5722 bora
149 5667 252 5725 eadem
274 5688 332 5743 qua
353 5673 454 5745 gignit,
470 5676 513 5730 vel
537 5676 591 5731 boc
612 5676 688 5746 quod
710 5675 804 5748 gignit
825 5693 872 5732 ea·
924 5672 1058 5728 videlicet
1076 5669 1144 5742 quia
1163 5666 1332 5724 naturaliter
1351 5661 1467 5730 accidit3
1481 5659 1623 5733 sedquod
1638 5664 1741 5718 natura

49 5758 122 5816 dem
141 5760 215 5818 lrora
235 5769 403 5837 quanatum
427 5774 479 5837 est,
493 5770 571 5826 nullo
587 5769 672 5825 modo
692 5769 872 5843 prohibetur,
924 5770 1022 5821 tamen
1030 5765 1091 5837 ipsa
1099 5763 1198 5820 vitiata
1210 5766 1262 5829 est,
1270 5756 1397 5813 utetiam
1408 5754 1470 5809 sine
1484 5753 1639 5811 voluntatis
1648 5757 1742 5813 studio

50 5853 126 5928 quia
139 5856 213 5914 sicut
232 5859 323 5916 sancti
346 5862 472 5933 mysterii
496 5864 590 5937 gratia
606 5863 768 5920 virentibus
787 5869 873 5939 atque
924 5860 1054 5917 rideatur
1068 5874 1127 5914 esse
1145 5854 1263 5928 polluta,
1278 5867 1311 5908 er
1324 5847 1498 5922 culpaverit
1512 5847 1622 5919 vitium,
1638 5850 1667 5909 in
1682 5866 1742 5925 guo
