<?xml version="1.0" encoding="UTF-8"?>
<!DOCTYPE html PUBLIC "-//W3C//DTD XHTML 1.0 Transitional//EN"
    "http://www.w3.org/TR/xhtml1/DTD/xhtml1-transitional.dtd">
<html xmlns="http://www.w3.org/1999/xhtml" xml:lang="en" lang="en">
 <head>
  <title>
</title>
<meta http-equiv="Content-Type" content="text/html;charset=utf-8" />
  <meta name='ocr-system' content='tesseract 3.04.00' />
  <meta name='ocr-capabilities' content='ocr_page ocr_carea ocr_par ocr_line ocrx_word'/>
</head>
<body>
  <div class='ocr_page' id='page_1' title='image "./patrologiaecurs03unkngoog/patrologiaecurs03unkngoog_0361.png"; bbox 0 0 3870 6150; ppageno 0'>
   <div class='ocr_carea' id='block_1_1' title="bbox 131 247 1815 314">
    <p class='ocr_par' dir='ltr' id='par_1_1' title="bbox 131 247 1815 314">
     <span class='ocr_line' id='line_1_1' title="bbox 131 247 1815 314; baseline -0.004 0"><span class='ocrx_word' id='word_1_1' title='bbox 131 257 181 314; x_wconf 81' lang='grc'>667</span> <span class='ocrx_word' id='word_1_2' title='bbox 578 247 720 310; x_wconf 68' lang='lat' dir='ltr'>lehuno.</span> <span class='ocrx_word' id='word_1_3' title='bbox 740 253 784 311; x_wconf 77' lang='grc' dir='ltr'>ΑΙ)</span> <span class='ocrx_word' id='word_1_4' title='bbox 803 252 885 313; x_wconf 83' lang='lat' dir='ltr'>SAEC.</span> <span class='ocrx_word' id='word_1_5' title='bbox 905 249 950 310; x_wconf 81' lang='lat' dir='ltr'>IX.</span> <span class='ocrx_word' id='word_1_6' title='bbox 963 284 997 294; x_wconf 95' lang='lat'>-</span> <span class='ocrx_word' id='word_1_7' title='bbox 1015 247 1138 312; x_wconf 77' lang='lat' dir='ltr'>tsiholu</span> <span class='ocrx_word' id='word_1_8' title='bbox 1155 248 1366 312; x_wconf 69' lang='lat' dir='ltr'>nascamus</span> <span class='ocrx_word' id='word_1_9' title='bbox 1766 252 1815 307; x_wconf 77' lang='grc' dir='ltr'>ιιι</span> 
     </span>
    </p>
   </div>
   <div class='ocr_carea' id='block_1_2' title="bbox 91 353 1818 2587">
    <p class='ocr_par' dir='ltr' id='par_1_2' title="bbox 91 353 1818 2587">
     <span class='ocr_line' id='line_1_2' title="bbox 91 353 1815 449; baseline -0.006 -29"><span class='ocrx_word' id='word_1_10' title='bbox 91 361 94 368; x_wconf 88' lang='grc'><strong>’</strong></span> <span class='ocrx_word' id='word_1_11' title='bbox 131 364 225 420; x_wconf 90' lang='lat' dir='ltr'>dimus</span> <span class='ocrx_word' id='word_1_12' title='bbox 248 378 320 429; x_wconf 89' lang='lat' dir='ltr'>esse,</span> <span class='ocrx_word' id='word_1_13' title='bbox 342 365 372 416; x_wconf 88' lang='lat' dir='ltr'>et</span> <span class='ocrx_word' id='word_1_14' title='bbox 391 360 494 417; x_wconf 90' lang='lat' dir='ltr'>scimus</span> <span class='ocrx_word' id='word_1_15' title='bbox 518 361 618 429; x_wconf 86' lang='lat' dir='ltr'>Patris,</span> <span class='ocrx_word' id='word_1_16' title='bbox 636 367 665 417; x_wconf 86' lang='lat' dir='ltr'>et</span> <span class='ocrx_word' id='word_1_17' title='bbox 683 362 757 432; x_wconf 80' lang='lat' dir='ltr'>Filii,</span> <span class='ocrx_word' id='word_1_18' title='bbox 776 366 805 417; x_wconf 91' lang='lat' dir='ltr'>et</span> <span class='ocrx_word' id='word_1_19' title='bbox 825 363 947 436; x_wconf 84' lang='lat' dir='ltr'>Spiritus</span> <span class='ocrx_word' id='word_1_20' title='bbox 956 362 1049 449; x_wconf 59' lang='lat' dir='ltr'>ASed</span> <span class='ocrx_word' id='word_1_21' title='bbox 1062 362 1245 430; x_wconf 89' lang='lat' dir='ltr'>nonmirnm,</span> <span class='ocrx_word' id='word_1_22' title='bbox 1261 361 1322 432; x_wconf 88' lang='lat' dir='ltr'>ipse</span> <span class='ocrx_word' id='word_1_23' title='bbox 1343 359 1422 415; x_wconf 87' lang='lat' dir='ltr'>enirn</span> <span class='ocrx_word' id='word_1_24' title='bbox 1442 357 1560 415; x_wconf 72' lang='lat' dir='ltr'>Semnus</span> <span class='ocrx_word' id='word_1_25' title='bbox 1580 353 1769 427; x_wconf 81' lang='lat' dir='ltr'>transfigurat</span> <span class='ocrx_word' id='word_1_26' title='bbox 1786 373 1815 410; x_wconf 83' lang='grc' dir='ltr'>ιι</span> 
     </span>
     <span class='ocr_line' id='line_1_3' title="bbox 131 449 1817 529; baseline -0.005 -17"><span class='ocrx_word' id='word_1_27' title='bbox 131 456 221 512; x_wconf 86' lang='lat' dir='ltr'>sancti</span> <span class='ocrx_word' id='word_1_28' title='bbox 244 457 344 524; x_wconf 82' lang='lat' dir='ltr'>licum,</span> <span class='ocrx_word' id='word_1_29' title='bbox 358 454 526 511; x_wconf 87' lang='lat' dir='ltr'>subtrahens</span> <span class='ocrx_word' id='word_1_30' title='bbox 547 458 597 510; x_wconf 90' lang='lat' dir='ltr'>aut</span> <span class='ocrx_word' id='word_1_31' title='bbox 619 456 732 526; x_wconf 82' lang='lat' dir='ltr'>Filium,</span> <span class='ocrx_word' id='word_1_32' title='bbox 749 462 799 512; x_wconf 89' lang='lat' dir='ltr'>aut</span> <span class='ocrx_word' id='word_1_33' title='bbox 811 455 948 529; x_wconf 90' lang='lat' dir='ltr'>Spiritum</span> <span class='ocrx_word' id='word_1_34' title='bbox 997 458 1074 512; x_wconf 82' lang='lat' dir='ltr'>velut</span> <span class='ocrx_word' id='word_1_35' title='bbox 1085 456 1220 527; x_wconf 79' lang='lat' dir='ltr'><strong>angelum</strong></span> <span class='ocrx_word' id='word_1_36' title='bbox 1235 455 1352 510; x_wconf 82' lang='lat' dir='ltr'>lucisEt</span> <span class='ocrx_word' id='word_1_37' title='bbox 1365 469 1425 508; x_wconf 90' lang='lat' dir='ltr'>non</span> <span class='ocrx_word' id='word_1_38' title='bbox 1440 453 1559 521; x_wconf 89' lang='lat' dir='ltr'>mirum,</span> <span class='ocrx_word' id='word_1_39' title='bbox 1575 450 1597 505; x_wconf 89' lang='lat' dir='ltr'>si</span> <span class='ocrx_word' id='word_1_40' title='bbox 1616 449 1744 506; x_wconf 87' lang='lat' dir='ltr'>ministri</span> <span class='ocrx_word' id='word_1_41' title='bbox 1758 465 1817 520; x_wconf 70' lang='lat' dir='ltr'>epus</span> 
     </span>
     <span class='ocr_line' id='line_1_4' title="bbox 130 542 1818 622; baseline -0.007 -16"><span class='ocrx_word' id='word_1_42' title='bbox 130 553 270 618; x_wconf 73' lang='lat' dir='ltr'>mactum,</span> <span class='ocrx_word' id='word_1_43' title='bbox 281 548 322 604; x_wconf 88' lang='lat' dir='ltr'>ita</span> <span class='ocrx_word' id='word_1_44' title='bbox 334 547 427 603; x_wconf 90' lang='lat' dir='ltr'>solum</span> <span class='ocrx_word' id='word_1_45' title='bbox 440 548 562 605; x_wconf 82' lang='lat' dir='ltr'>aestimet</span> <span class='ocrx_word' id='word_1_46' title='bbox 570 566 640 620; x_wconf 87' lang='lat' dir='ltr'>essa,</span> <span class='ocrx_word' id='word_1_47' title='bbox 654 552 744 606; x_wconf 85' lang='lat' dir='ltr'>Deum</span> <span class='ocrx_word' id='word_1_48' title='bbox 753 551 869 606; x_wconf 87' lang='lat' dir='ltr'>Patrem</span> <span class='ocrx_word' id='word_1_49' title='bbox 882 549 946 617; x_wconf 91' lang='lat' dir='ltr'>dici,</span> <span class='ocrx_word' id='word_1_50' title='bbox 997 550 1238 622; x_wconf 82' lang='lat' dir='ltr'>transfigurentur</span> <span class='ocrx_word' id='word_1_51' title='bbox 1250 548 1329 603; x_wconf 85' lang='lat' dir='ltr'>velut</span> <span class='ocrx_word' id='word_1_52' title='bbox 1340 545 1464 602; x_wconf 88' lang='lat' dir='ltr'>ministri</span> <span class='ocrx_word' id='word_1_53' title='bbox 1473 544 1603 616; x_wconf 75' lang='lat' dir='ltr'>justitia,</span> <span class='ocrx_word' id='word_1_54' title='bbox 1616 559 1740 616; x_wconf 87' lang='lat' dir='ltr'>quorum</span> <span class='ocrx_word' id='word_1_55' title='bbox 1755 542 1818 596; x_wconf 86' lang='lat' dir='ltr'>finis</span> 
     </span>
     <span class='ocr_line' id='line_1_5' title="bbox 131 634 1817 722; baseline -0.005 -24"><span class='ocrx_word' id='word_1_56' title='bbox 131 647 181 698; x_wconf 89' lang='lat' dir='ltr'>aut</span> <span class='ocrx_word' id='word_1_57' title='bbox 201 641 280 698; x_wconf 88' lang='lat' dir='ltr'>credi</span> <span class='ocrx_word' id='word_1_58' title='bbox 296 657 387 697; x_wconf 90' lang='lat' dir='ltr'>unum</span> <span class='ocrx_word' id='word_1_59' title='bbox 405 642 495 698; x_wconf 85' lang='lat' dir='ltr'>Deum</span> <span class='ocrx_word' id='word_1_60' title='bbox 510 643 794 713; x_wconf 85' lang='lat' dir='ltr'>anathematizamus,</span> <span class='ocrx_word' id='word_1_61' title='bbox 816 642 949 699; x_wconf 88' lang='lat' dir='ltr'>omnibus</span> <span class='ocrx_word' id='word_1_62' title='bbox 998 643 1157 699; x_wconf 86' lang='lat' dir='ltr'>secundnm</span> <span class='ocrx_word' id='word_1_63' title='bbox 1170 658 1257 714; x_wconf 90' lang='lat' dir='ltr'>opera</span> <span class='ocrx_word' id='word_1_64' title='bbox 1273 656 1371 696; x_wconf 91' lang='lat' dir='ltr'>eorum</span> <span class='ocrx_word' id='word_1_65' title='bbox 1388 639 1426 722; x_wconf 67' lang='lat' dir='ltr'>(ll</span> <span class='ocrx_word' id='word_1_66' title='bbox 1440 641 1500 698; x_wconf 79' lang='lat' dir='ltr'>Cor.</span> <span class='ocrx_word' id='word_1_67' title='bbox 1515 655 1545 707; x_wconf 90' lang='lat' dir='ltr'>n,</span> <span class='ocrx_word' id='word_1_68' title='bbox 1565 640 1609 704; x_wconf 75' lang='lat'>13,</span> <span class='ocrx_word' id='word_1_69' title='bbox 1622 636 1676 707; x_wconf 86' lang='grc' dir='ltr'>ιι).</span> <span class='ocrx_word' id='word_1_70' title='bbox 1693 634 1817 692; x_wconf 85' lang='lat' dir='ltr'>»Sedet</span> 
     </span>
     <span class='ocr_line' id='line_1_6' title="bbox 131 729 1818 809; baseline -0.005 -16"><span class='ocrx_word' id='word_1_71' title='bbox 131 737 190 793; x_wconf 90' lang='lat' dir='ltr'>imo</span> <span class='ocrx_word' id='word_1_72' title='bbox 216 735 330 804; x_wconf 81' lang='lat' dir='ltr'>Judaeis,</span> <span class='ocrx_word' id='word_1_73' title='bbox 346 735 423 808; x_wconf 91' lang='lat' dir='ltr'>quod</span> <span class='ocrx_word' id='word_1_74' title='bbox 435 752 543 792; x_wconf 90' lang='lat' dir='ltr'>nomen</span> <span class='ocrx_word' id='word_1_75' title='bbox 565 736 683 793; x_wconf 85' lang='lat' dir='ltr'>deorum</span> <span class='ocrx_word' id='word_1_76' title='bbox 697 738 727 792; x_wconf 94' lang='lat' dir='ltr'>in</span> <span class='ocrx_word' id='word_1_77' title='bbox 748 737 858 809; x_wconf 89' lang='lat' dir='ltr'>angelis</span> <span class='ocrx_word' id='word_1_78' title='bbox 877 736 949 793; x_wconf 92' lang='lat' dir='ltr'>etin</span> <span class='ocrx_word' id='word_1_79' title='bbox 999 737 1135 792; x_wconf 86' lang='lat' dir='ltr'>Dominus</span> <span class='ocrx_word' id='word_1_80' title='bbox 1149 736 1179 791; x_wconf 92' lang='lat' dir='ltr'>in</span> <span class='ocrx_word' id='word_1_81' title='bbox 1193 736 1246 790; x_wconf 87' lang='lat' dir='ltr'>hoe</span> <span class='ocrx_word' id='word_1_82' title='bbox 1268 734 1462 807; x_wconf 81' lang='lat' dir='ltr'>praemuniens</span> <span class='ocrx_word' id='word_1_83' title='bbox 1483 749 1535 788; x_wconf 91' lang='lat' dir='ltr'>nos</span> <span class='ocrx_word' id='word_1_84' title='bbox 1549 731 1604 786; x_wconf 88' lang='lat' dir='ltr'>ait:</span> <span class='ocrx_word' id='word_1_85' title='bbox 1619 750 1633 782; x_wconf 84' lang='lat' dir='ltr'>a</span> <span class='ocrx_word' id='word_1_86' title='bbox 1648 729 1818 785; x_wconf 76' lang='lat' dir='ltr'>Attenditea</span> 
     </span>
     <span class='ocr_line' id='line_1_7' title="bbox 130 823 1817 902; baseline -0.005 -16"><span class='ocrx_word' id='word_1_87' title='bbox 130 829 234 887; x_wconf 89' lang='lat' dir='ltr'>sanctis</span> <span class='ocrx_word' id='word_1_88' title='bbox 248 828 380 885; x_wconf 89' lang='lat' dir='ltr'>omnibus</span> <span class='ocrx_word' id='word_1_89' title='bbox 394 845 411 884; x_wconf 93' lang='lat' dir='ltr'>a</span> <span class='ocrx_word' id='word_1_90' title='bbox 425 831 482 885; x_wconf 86' lang='lat' dir='ltr'>Deo</span> <span class='ocrx_word' id='word_1_91' title='bbox 497 833 540 884; x_wconf 90' lang='lat' dir='ltr'>est</span> <span class='ocrx_word' id='word_1_92' title='bbox 554 830 679 901; x_wconf 90' lang='lat' dir='ltr'>positum</span> <span class='ocrx_word' id='word_1_93' title='bbox 700 836 728 887; x_wconf 89' lang='lat' dir='ltr'>et</span> <span class='ocrx_word' id='word_1_94' title='bbox 743 830 891 887; x_wconf 88' lang='lat' dir='ltr'>donatum.</span> <span class='ocrx_word' id='word_1_95' title='bbox 910 831 949 886; x_wconf 82' lang='lat' dir='ltr'>lle</span> <span class='ocrx_word' id='word_1_96' title='bbox 999 830 1076 886; x_wconf 80' lang='lat' dir='ltr'>falsis</span> <span class='ocrx_word' id='word_1_97' title='bbox 1088 829 1244 902; x_wconf 87' lang='lat' dir='ltr'>prophetis,</span> <span class='ocrx_word' id='word_1_98' title='bbox 1265 827 1316 901; x_wconf 91' lang='lat' dir='ltr'>qui</span> <span class='ocrx_word' id='word_1_99' title='bbox 1329 827 1449 884; x_wconf 81' lang='lat' dir='ltr'>veniunt</span> <span class='ocrx_word' id='word_1_100' title='bbox 1466 825 1503 881; x_wconf 91' lang='lat' dir='ltr'>ad</span> <span class='ocrx_word' id='word_1_101' title='bbox 1523 842 1573 881; x_wconf 86' lang='lat' dir='ltr'>vos</span> <span class='ocrx_word' id='word_1_102' title='bbox 1587 825 1616 879; x_wconf 90' lang='lat' dir='ltr'>in</span> <span class='ocrx_word' id='word_1_103' title='bbox 1640 823 1817 878; x_wconf 87' lang='lat' dir='ltr'>vestimentis</span> 
     </span>
     <span class='ocr_line' id='line_1_8' title="bbox 130 916 1815 997; baseline -0.005 -18"><span class='ocrx_word' id='word_1_104' title='bbox 130 925 213 980; x_wconf 89' lang='lat' dir='ltr'>Patre</span> <span class='ocrx_word' id='word_1_105' title='bbox 224 926 321 979; x_wconf 90' lang='lat' dir='ltr'>autem</span> <span class='ocrx_word' id='word_1_106' title='bbox 333 926 362 978; x_wconf 88' lang='lat' dir='ltr'>et</span> <span class='ocrx_word' id='word_1_107' title='bbox 374 921 456 993; x_wconf 80' lang='lat' dir='ltr'>Filio,</span> <span class='ocrx_word' id='word_1_108' title='bbox 472 926 501 978; x_wconf 91' lang='lat' dir='ltr'>ct</span> <span class='ocrx_word' id='word_1_109' title='bbox 510 923 616 994; x_wconf 80' lang='lat' dir='ltr'><strong>Spiritu</strong></span> <span class='ocrx_word' id='word_1_110' title='bbox 625 929 723 980; x_wconf 89' lang='lat' dir='ltr'>sancto</span> <span class='ocrx_word' id='word_1_111' title='bbox 733 927 852 997; x_wconf 84' lang='lat' dir='ltr'>propter</span> <span class='ocrx_word' id='word_1_112' title='bbox 860 939 949 978; x_wconf 88' lang='lat' dir='ltr'>unam</span> <span class='ocrx_word' id='word_1_113' title='bbox 999 925 1105 992; x_wconf 82' lang='lat' dir='ltr'>ovium,</span> <span class='ocrx_word' id='word_1_114' title='bbox 1120 923 1292 978; x_wconf 87' lang='lat' dir='ltr'>intrinsecus</span> <span class='ocrx_word' id='word_1_115' title='bbox 1304 926 1401 978; x_wconf 91' lang='lat' dir='ltr'>autem</span> <span class='ocrx_word' id='word_1_116' title='bbox 1420 925 1487 975; x_wconf 90' lang='lat' dir='ltr'>sunt</span> <span class='ocrx_word' id='word_1_117' title='bbox 1498 919 1560 991; x_wconf 91' lang='lat' dir='ltr'>lupi</span> <span class='ocrx_word' id='word_1_118' title='bbox 1577 933 1707 990; x_wconf 78' lang='lat' dir='ltr'><strong>rapaces.</strong></span> <span class='ocrx_word' id='word_1_119' title='bbox 1721 919 1745 970; x_wconf 84' lang='grc' dir='ltr'><strong>Α</strong></span> <span class='ocrx_word' id='word_1_120' title='bbox 1760 916 1815 971; x_wconf 85' lang='lat' dir='ltr'>iru-</span> 
     </span>
     <span class='ocr_line' id='line_1_9' title="bbox 131 1012 1815 1089; baseline -0.007 -16"><span class='ocrx_word' id='word_1_121' title='bbox 131 1022 160 1074; x_wconf 90' lang='lat' dir='ltr'>et</span> <span class='ocrx_word' id='word_1_122' title='bbox 168 1018 310 1089; x_wconf 79' lang='lat' dir='ltr'>aequalem</span> <span class='ocrx_word' id='word_1_123' title='bbox 320 1015 497 1072; x_wconf 84' lang='lat' dir='ltr'>divinitatem</span> <span class='ocrx_word' id='word_1_124' title='bbox 510 1017 949 1087; x_wconf 79' lang='lat' dir='ltr'>nonnomendeorum,sedliei</span> <span class='ocrx_word' id='word_1_125' title='bbox 999 1018 1091 1074; x_wconf 90' lang='lat' dir='ltr'>etibus</span> <span class='ocrx_word' id='word_1_126' title='bbox 1113 1033 1212 1072; x_wconf 92' lang='lat' dir='ltr'>eorum</span> <span class='ocrx_word' id='word_1_127' title='bbox 1236 1014 1412 1087; x_wconf 91' lang='lat' dir='ltr'>cognoscetis</span> <span class='ocrx_word' id='word_1_128' title='bbox 1434 1030 1482 1070; x_wconf 91' lang='lat' dir='ltr'>eos</span> <span class='ocrx_word' id='word_1_129' title='bbox 1509 1013 1616 1084; x_wconf 74' lang='lat' dir='ltr'>(naut.</span> <span class='ocrx_word' id='word_1_130' title='bbox 1647 1028 1696 1078; x_wconf 83' lang='lat' dir='ltr'>vn,</span> <span class='ocrx_word' id='word_1_131' title='bbox 1724 1012 1777 1082; x_wconf 74' lang='grc' dir='ltr'>ιι).</span> <span class='ocrx_word' id='word_1_132' title='bbox 1803 1029 1815 1061; x_wconf 83' lang='grc' dir='ltr'>ι</span> 
     </span>
     <span class='ocr_line' id='line_1_10' title="bbox 129 1103 1816 1184; baseline -0.005 -18"><span class='ocrx_word' id='word_1_133' title='bbox 129 1110 211 1166; x_wconf 93' lang='lat' dir='ltr'>nobis</span> <span class='ocrx_word' id='word_1_134' title='bbox 223 1109 391 1177; x_wconf 77' lang='lat' dir='ltr'><strong>ostenditur,</strong></span> <span class='ocrx_word' id='word_1_135' title='bbox 407 1113 494 1182; x_wconf 89' lang='lat' dir='ltr'>atque</span> <span class='ocrx_word' id='word_1_136' title='bbox 508 1111 658 1179; x_wconf 88' lang='lat' dir='ltr'>indicatur,</span> <span class='ocrx_word' id='word_1_137' title='bbox 670 1116 702 1167; x_wconf 91' lang='lat' dir='ltr'>nt</span> <span class='ocrx_word' id='word_1_138' title='bbox 714 1112 867 1180; x_wconf 89' lang='lat' dir='ltr'>credimus,</span> <span class='ocrx_word' id='word_1_139' title='bbox 882 1109 949 1183; x_wconf 87' lang='lat' dir='ltr'>quie</span> <span class='ocrx_word' id='word_1_140' title='bbox 999 1113 1074 1184; x_wconf 85' lang='lat' dir='ltr'>Ergo</span> <span class='ocrx_word' id='word_1_141' title='bbox 1081 1111 1111 1166; x_wconf 92' lang='lat' dir='ltr'>in</span> <span class='ocrx_word' id='word_1_142' title='bbox 1124 1110 1247 1182; x_wconf 92' lang='lat' dir='ltr'>idipsum</span> <span class='ocrx_word' id='word_1_143' title='bbox 1263 1126 1299 1165; x_wconf 86' lang='lat' dir='ltr'>ex</span> <span class='ocrx_word' id='word_1_144' title='bbox 1311 1111 1371 1165; x_wconf 88' lang='lat' dir='ltr'>toto</span> <span class='ocrx_word' id='word_1_145' title='bbox 1382 1107 1629 1164; x_wconf 82' lang='lat' dir='ltr'>corderelerentes</span> <span class='ocrx_word' id='word_1_146' title='bbox 1644 1110 1711 1160; x_wconf 83' lang='lat' dir='ltr'>ante</span> <span class='ocrx_word' id='word_1_147' title='bbox 1723 1103 1816 1159; x_wconf 86' lang='lat' dir='ltr'>omnia</span> 
     </span>
     <span class='ocr_line' id='line_1_11' title="bbox 129 1199 1814 1278; baseline -0.005 -18"><span class='ocrx_word' id='word_1_148' title='bbox 129 1203 160 1260; x_wconf 89' lang='lat' dir='ltr'>in</span> <span class='ocrx_word' id='word_1_149' title='bbox 174 1203 243 1259; x_wconf 86' lang='lat' dir='ltr'>Filio</span> <span class='ocrx_word' id='word_1_150' title='bbox 255 1208 284 1259; x_wconf 93' lang='lat' dir='ltr'>et</span> <span class='ocrx_word' id='word_1_151' title='bbox 294 1203 400 1275; x_wconf 83' lang='lat' dir='ltr'>Spiritu</span> <span class='ocrx_word' id='word_1_152' title='bbox 413 1207 511 1259; x_wconf 88' lang='lat' dir='ltr'>sancto</span> <span class='ocrx_word' id='word_1_153' title='bbox 525 1204 708 1260; x_wconf 87' lang='lat' dir='ltr'><strong>solummodo</strong></span> <span class='ocrx_word' id='word_1_154' title='bbox 723 1205 910 1278; x_wconf 74' lang='lat' dir='ltr'>baptizamus,</span> <span class='ocrx_word' id='word_1_155' title='bbox 923 1209 951 1260; x_wconf 87' lang='lat' dir='ltr'>et</span> <span class='ocrx_word' id='word_1_156' title='bbox 1000 1221 1086 1278; x_wconf 88' lang='lat' dir='ltr'>super</span> <span class='ocrx_word' id='word_1_157' title='bbox 1097 1205 1146 1260; x_wconf 86' lang='lat' dir='ltr'>tali</span> <span class='ocrx_word' id='word_1_158' title='bbox 1155 1203 1312 1276; x_wconf 76' lang='lat' dir='ltr'>quaestione</span> <span class='ocrx_word' id='word_1_159' title='bbox 1325 1201 1563 1274; x_wconf 79' lang='lat' dir='ltr'>deprecationem,</span> <span class='ocrx_word' id='word_1_160' title='bbox 1576 1206 1605 1255; x_wconf 91' lang='lat' dir='ltr'>et</span> <span class='ocrx_word' id='word_1_161' title='bbox 1617 1199 1814 1254; x_wconf 88' lang='lat' dir='ltr'>dicentescum</span> 
     </span>
     <span class='ocr_line' id='line_1_12' title="bbox 131 1290 1814 1371; baseline -0.004 -18"><span class='ocrx_word' id='word_1_162' title='bbox 131 1297 235 1353; x_wconf 89' lang='lat' dir='ltr'>nonin</span> <span class='ocrx_word' id='word_1_163' title='bbox 259 1297 499 1370; x_wconf 81' lang='lat' dir='ltr'>archangelorum</span> <span class='ocrx_word' id='word_1_164' title='bbox 518 1298 682 1353; x_wconf 91' lang='lat' dir='ltr'>nominibus</span> <span class='ocrx_word' id='word_1_165' title='bbox 703 1303 752 1354; x_wconf 84' lang='lat' dir='ltr'>aut</span> <span class='ocrx_word' id='word_1_166' title='bbox 769 1299 949 1371; x_wconf 88' lang='lat' dir='ltr'>angelorum,</span> <span class='ocrx_word' id='word_1_167' title='bbox 1000 1298 1101 1354; x_wconf 86' lang='lat' dir='ltr'>David:</span> <span class='ocrx_word' id='word_1_168' title='bbox 1117 1298 1246 1352; x_wconf 80' lang='lat' dir='ltr'>«Revela</span> <span class='ocrx_word' id='word_1_169' title='bbox 1265 1295 1362 1352; x_wconf 88' lang='lat' dir='ltr'>oculos</span> <span class='ocrx_word' id='word_1_170' title='bbox 1374 1311 1462 1362; x_wconf 92' lang='lat' dir='ltr'>meos,</span> <span class='ocrx_word' id='word_1_171' title='bbox 1478 1299 1506 1350; x_wconf 86' lang='lat' dir='ltr'>et</span> <span class='ocrx_word' id='word_1_172' title='bbox 1522 1291 1711 1349; x_wconf 87' lang='lat' dir='ltr'>considerabo</span> <span class='ocrx_word' id='word_1_173' title='bbox 1731 1290 1814 1346; x_wconf 84' lang='lat' dir='ltr'>mira·</span> 
     </span>
     <span class='ocr_line' id='line_1_13' title="bbox 130 1387 1813 1464; baseline -0.004 -18"><span class='ocrx_word' id='word_1_174' title='bbox 130 1391 207 1464; x_wconf 90' lang='lat' dir='ltr'>quod</span> <span class='ocrx_word' id='word_1_175' title='bbox 220 1390 357 1458; x_wconf 84' lang='lat' dir='ltr'>haeretici,</span> <span class='ocrx_word' id='word_1_176' title='bbox 370 1391 527 1458; x_wconf 80' lang='lat' dir='ltr'>autiudaei,</span> <span class='ocrx_word' id='word_1_177' title='bbox 543 1395 593 1446; x_wconf 92' lang='lat' dir='ltr'>aut</span> <span class='ocrx_word' id='word_1_178' title='bbox 607 1391 726 1464; x_wconf 90' lang='lat' dir='ltr'>gentiles</span> <span class='ocrx_word' id='word_1_179' title='bbox 738 1392 888 1447; x_wconf 86' lang='lat' dir='ltr'>dementes</span> <span class='ocrx_word' id='word_1_180' title='bbox 907 1391 948 1446; x_wconf 84' lang='lat' dir='ltr'>la·</span> <span class='ocrx_word' id='word_1_181' title='bbox 999 1392 1067 1448; x_wconf 91' lang='lat' dir='ltr'>bilia</span> <span class='ocrx_word' id='word_1_182' title='bbox 1082 1391 1117 1447; x_wconf 87' lang='lat' dir='ltr'>de</span> <span class='ocrx_word' id='word_1_183' title='bbox 1130 1391 1193 1463; x_wconf 89' lang='lat' dir='ltr'>lege</span> <span class='ocrx_word' id='word_1_184' title='bbox 1213 1394 1261 1444; x_wconf 90' lang='lat' dir='ltr'>tua</span> <span class='ocrx_word' id='word_1_185' title='bbox 1277 1391 1358 1460; x_wconf 78' lang='lat' dir='ltr'>(Psoi.</span> <span class='ocrx_word' id='word_1_186' title='bbox 1380 1405 1473 1456; x_wconf 82' lang='lat' dir='ltr'>crvrn,</span> <span class='ocrx_word' id='word_1_187' title='bbox 1491 1387 1544 1459; x_wconf 75' lang='grc' dir='ltr'>ιι).</span> <span class='ocrx_word' id='word_1_188' title='bbox 1562 1409 1576 1436; x_wconf 87' lang='lat'>»</span> <span class='ocrx_word' id='word_1_189' title='bbox 1593 1407 1608 1438; x_wconf 80' lang='grc' dir='ltr'>ι</span> <span class='ocrx_word' id='word_1_190' title='bbox 1623 1387 1752 1441; x_wconf 87' lang='lat' dir='ltr'>Lucerna</span> <span class='ocrx_word' id='word_1_191' title='bbox 1770 1401 1813 1455; x_wconf 88' lang='lat' dir='ltr'>pe·</span> 
     </span>
     <span class='ocr_line' id='line_1_14' title="bbox 131 1477 1814 1556; baseline -0.005 -16"><span class='ocrx_word' id='word_1_192' title='bbox 131 1485 219 1540; x_wconf 85' lang='lat' dir='ltr'>ciunt.</span> <span class='ocrx_word' id='word_1_193' title='bbox 230 1485 294 1540; x_wconf 82' lang='lat' dir='ltr'>llaec</span> <span class='ocrx_word' id='word_1_194' title='bbox 305 1500 375 1556; x_wconf 90' lang='lat' dir='ltr'>ergo</span> <span class='ocrx_word' id='word_1_195' title='bbox 386 1488 428 1539; x_wconf 86' lang='lat' dir='ltr'>est</span> <span class='ocrx_word' id='word_1_196' title='bbox 437 1485 512 1539; x_wconf 88' lang='lat' dir='ltr'>salus</span> <span class='ocrx_word' id='word_1_197' title='bbox 521 1484 746 1541; x_wconf 82' lang='lat' dir='ltr'>Christianorum</span> <span class='ocrx_word' id='word_1_198' title='bbox 759 1489 791 1541; x_wconf 92' lang='lat' dir='ltr'>ut</span> <span class='ocrx_word' id='word_1_199' title='bbox 801 1486 951 1541; x_wconf 88' lang='lat' dir='ltr'>credentes</span> <span class='ocrx_word' id='word_1_200' title='bbox 1000 1485 1082 1540; x_wconf 86' lang='lat' dir='ltr'>dibus</span> <span class='ocrx_word' id='word_1_201' title='bbox 1091 1485 1164 1541; x_wconf 91' lang='lat' dir='ltr'>meis</span> <span class='ocrx_word' id='word_1_202' title='bbox 1177 1484 1296 1540; x_wconf 79' lang='lat' dir='ltr'>verbum</span> <span class='ocrx_word' id='word_1_203' title='bbox 1308 1487 1401 1552; x_wconf 91' lang='lat' dir='ltr'>tuum,</span> <span class='ocrx_word' id='word_1_204' title='bbox 1416 1481 1547 1551; x_wconf 87' lang='lat' dir='ltr'>Domine,</span> <span class='ocrx_word' id='word_1_205' title='bbox 1558 1485 1586 1537; x_wconf 89' lang='lat' dir='ltr'>et</span> <span class='ocrx_word' id='word_1_206' title='bbox 1599 1480 1698 1535; x_wconf 91' lang='lat' dir='ltr'>lumen</span> <span class='ocrx_word' id='word_1_207' title='bbox 1713 1477 1814 1533; x_wconf 83' lang='lat' dir='ltr'>semitis</span> 
     </span>
     <span class='ocr_line' id='line_1_15' title="bbox 130 1571 1811 1651; baseline -0.004 -18"><span class='ocrx_word' id='word_1_208' title='bbox 130 1578 269 1645; x_wconf 85' lang='lat' dir='ltr'>Trinitati,</span> <span class='ocrx_word' id='word_1_209' title='bbox 284 1576 315 1633; x_wconf 94' lang='lat' dir='ltr'>id</span> <span class='ocrx_word' id='word_1_210' title='bbox 335 1580 378 1633; x_wconf 91' lang='lat' dir='ltr'>est</span> <span class='ocrx_word' id='word_1_211' title='bbox 392 1578 477 1647; x_wconf 86' lang='lat' dir='ltr'>Patri,</span> <span class='ocrx_word' id='word_1_212' title='bbox 494 1582 522 1634; x_wconf 88' lang='lat' dir='ltr'>et</span> <span class='ocrx_word' id='word_1_213' title='bbox 535 1579 614 1647; x_wconf 84' lang='lat' dir='ltr'>Filio,</span> <span class='ocrx_word' id='word_1_214' title='bbox 628 1585 656 1634; x_wconf 90' lang='grc' dir='ltr'>ιι</span> <span class='ocrx_word' id='word_1_215' title='bbox 675 1578 792 1651; x_wconf 90' lang='lat' dir='ltr'>Spiritui</span> <span class='ocrx_word' id='word_1_216' title='bbox 809 1584 906 1636; x_wconf 90' lang='lat' dir='ltr'>sancto</span> <span class='ocrx_word' id='word_1_217' title='bbox 920 1578 950 1633; x_wconf 91' lang='lat' dir='ltr'>in</span> <span class='ocrx_word' id='word_1_218' title='bbox 999 1578 1071 1634; x_wconf 87' lang='lat' dir='ltr'>meis</span> <span class='ocrx_word' id='word_1_219' title='bbox 1087 1578 1166 1650; x_wconf 79' lang='lat' dir='ltr'>(ibid.</span> <span class='ocrx_word' id='word_1_220' title='bbox 1184 1579 1256 1649; x_wconf 75' lang='lat'>¹05),</span> <span class='ocrx_word' id='word_1_221' title='bbox 1274 1597 1288 1630; x_wconf 80' lang='grc' dir='ltr'>ι</span> <span class='ocrx_word' id='word_1_222' title='bbox 1303 1576 1451 1648; x_wconf 91' lang='lat' dir='ltr'>quoniam,</span> <span class='ocrx_word' id='word_1_223' title='bbox 1465 1576 1538 1630; x_wconf 92' lang='lat' dir='ltr'>sicut</span> <span class='ocrx_word' id='word_1_224' title='bbox 1551 1575 1590 1629; x_wconf 91' lang='lat' dir='ltr'>ait</span> <span class='ocrx_word' id='word_1_225' title='bbox 1604 1574 1706 1629; x_wconf 89' lang='lat' dir='ltr'>beatus</span> <span class='ocrx_word' id='word_1_226' title='bbox 1724 1571 1811 1627; x_wconf 84' lang='lat' dir='ltr'>Daniel</span> 
     </span>
     <span class='ocr_line' id='line_1_16' title="bbox 131 1665 1812 1745; baseline -0.004 -19"><span class='ocrx_word' id='word_1_227' title='bbox 131 1688 229 1728; x_wconf 83' lang='lat' dir='ltr'>veram</span> <span class='ocrx_word' id='word_1_228' title='bbox 249 1672 395 1744; x_wconf 89' lang='lat' dir='ltr'>solamque</span> <span class='ocrx_word' id='word_1_229' title='bbox 416 1671 603 1741; x_wconf 85' lang='lat' dir='ltr'>divinitatem,</span> <span class='ocrx_word' id='word_1_230' title='bbox 626 1689 714 1728; x_wconf 72' lang='lat' dir='ltr'>ernam</span> <span class='ocrx_word' id='word_1_231' title='bbox 735 1676 765 1727; x_wconf 92' lang='lat' dir='ltr'>et</span> <span class='ocrx_word' id='word_1_232' title='bbox 784 1672 949 1745; x_wconf 89' lang='lat' dir='ltr'>potentiam,</span> <span class='ocrx_word' id='word_1_233' title='bbox 1000 1671 1149 1745; x_wconf 91' lang='lat' dir='ltr'>propheta,</span> <span class='ocrx_word' id='word_1_234' title='bbox 1171 1670 1352 1742; x_wconf 90' lang='lat' dir='ltr'>«Sapientia</span> <span class='ocrx_word' id='word_1_235' title='bbox 1376 1673 1405 1724; x_wconf 89' lang='lat' dir='ltr'>et</span> <span class='ocrx_word' id='word_1_236' title='bbox 1427 1668 1564 1725; x_wconf 83' lang='lat' dir='ltr'>fortitudo</span> <span class='ocrx_word' id='word_1_237' title='bbox 1591 1667 1654 1738; x_wconf 89' lang='lat' dir='ltr'>ejus</span> <span class='ocrx_word' id='word_1_238' title='bbox 1676 1669 1754 1735; x_wconf 89' lang='lat' dir='ltr'>sunt,</span> <span class='ocrx_word' id='word_1_239' title='bbox 1775 1665 1812 1720; x_wconf 88' lang='lat' dir='ltr'>dat</span> 
     </span>
     <span class='ocr_line' id='line_1_17' title="bbox 129 1743 1811 1839; baseline -0.005 -17"><span class='ocrx_word' id='word_1_240' title='bbox 129 1766 320 1837; x_wconf 84' lang='lat' dir='ltr'>majestatem,</span> <span class='ocrx_word' id='word_1_241' title='bbox 346 1770 375 1820; x_wconf 90' lang='lat' dir='ltr'>et</span> <span class='ocrx_word' id='word_1_242' title='bbox 396 1765 586 1820; x_wconf 84' lang='lat' dir='ltr'>substantiam</span> <span class='ocrx_word' id='word_1_243' title='bbox 610 1766 737 1837; x_wconf 83' lang='lat' dir='ltr'>ejusdem</span> <span class='ocrx_word' id='word_1_244' title='bbox 756 1766 869 1821; x_wconf 84' lang='lat' dir='ltr'>deitatis</span> <span class='ocrx_word' id='word_1_245' title='bbox 889 1743 1170 1839; x_wconf 82' lang='lat' dir='ltr'>sineBsapientiam</span> <span class='ocrx_word' id='word_1_246' title='bbox 1184 1763 1369 1837; x_wconf 83' lang='lat' dir='ltr'>sapientibus,</span> <span class='ocrx_word' id='word_1_247' title='bbox 1385 1766 1415 1819; x_wconf 91' lang='lat' dir='ltr'>et</span> <span class='ocrx_word' id='word_1_248' title='bbox 1424 1762 1573 1817; x_wconf 90' lang='lat' dir='ltr'>scientiam</span> <span class='ocrx_word' id='word_1_249' title='bbox 1592 1758 1811 1830; x_wconf 81' lang='lat' dir='ltr'>intelligentibus</span> 
     </span>
     <span class='ocr_line' id='line_1_18' title="bbox 130 1853 1811 1932; baseline -0.006 -17"><span class='ocrx_word' id='word_1_250' title='bbox 130 1860 216 1915; x_wconf 91' lang='lat' dir='ltr'>dubio</span> <span class='ocrx_word' id='word_1_251' title='bbox 226 1858 464 1914; x_wconf 80' lang='lat' dir='ltr'>credamuslticit</span> <span class='ocrx_word' id='word_1_252' title='bbox 476 1874 590 1931; x_wconf 90' lang='lat' dir='ltr'>quoquc</span> <span class='ocrx_word' id='word_1_253' title='bbox 602 1860 701 1915; x_wconf 87' lang='lat' dir='ltr'>beatus</span> <span class='ocrx_word' id='word_1_254' title='bbox 716 1859 816 1915; x_wconf 88' lang='lat' dir='ltr'>isaias:</span> <span class='ocrx_word' id='word_1_255' title='bbox 831 1860 951 1931; x_wconf 87' lang='lat' dir='ltr'>Propter</span> <span class='ocrx_word' id='word_1_256' title='bbox 1001 1858 1191 1932; x_wconf 90' lang='lat' dir='ltr'>disciplinam,</span> <span class='ocrx_word' id='word_1_257' title='bbox 1202 1858 1262 1929; x_wconf 89' lang='lat' dir='ltr'>ipse</span> <span class='ocrx_word' id='word_1_258' title='bbox 1275 1857 1382 1912; x_wconf 84' lang='lat' dir='ltr'>revelat</span> <span class='ocrx_word' id='word_1_259' title='bbox 1399 1855 1541 1928; x_wconf 78' lang='lat' dir='ltr'>profonda</span> <span class='ocrx_word' id='word_1_260' title='bbox 1557 1858 1586 1909; x_wconf 87' lang='lat' dir='ltr'>et</span> <span class='ocrx_word' id='word_1_261' title='bbox 1600 1853 1777 1922; x_wconf 88' lang='lat' dir='ltr'>abscondita,</span> <span class='ocrx_word' id='word_1_262' title='bbox 1789 1855 1811 1906; x_wconf 91' lang='lat' dir='ltr'>et</span> 
     </span>
     <span class='ocr_line' id='line_1_19' title="bbox 130 1945 1810 2025; baseline -0.005 -16"><span class='ocrx_word' id='word_1_263' title='bbox 130 1953 199 2009; x_wconf 92' lang='lat' dir='ltr'>Sion</span> <span class='ocrx_word' id='word_1_264' title='bbox 223 1969 280 2008; x_wconf 93' lang='lat' dir='ltr'>non</span> <span class='ocrx_word' id='word_1_265' title='bbox 307 1952 415 2020; x_wconf 87' lang='lat' dir='ltr'>tacebo,</span> <span class='ocrx_word' id='word_1_266' title='bbox 446 1955 474 2007; x_wconf 92' lang='lat' dir='ltr'>et</span> <span class='ocrx_word' id='word_1_267' title='bbox 504 1955 621 2025; x_wconf 90' lang='lat' dir='ltr'>propter</span> <span class='ocrx_word' id='word_1_268' title='bbox 644 1952 858 2025; x_wconf 82' lang='lat' dir='ltr'>Hierosolyman</span> <span class='ocrx_word' id='word_1_269' title='bbox 891 1969 949 2008; x_wconf 90' lang='lat' dir='ltr'>non</span> <span class='ocrx_word' id='word_1_270' title='bbox 999 1952 1079 2010; x_wconf 79' lang='lat' dir='ltr'>novit</span> <span class='ocrx_word' id='word_1_271' title='bbox 1089 1953 1120 2007; x_wconf 92' lang='lat' dir='ltr'>in</span> <span class='ocrx_word' id='word_1_272' title='bbox 1134 1951 1260 2007; x_wconf 87' lang='lat' dir='ltr'>tenebris</span> <span class='ocrx_word' id='word_1_273' title='bbox 1272 1950 1436 2018; x_wconf 84' lang='lat' dir='ltr'>constituta,</span> <span class='ocrx_word' id='word_1_274' title='bbox 1454 1952 1483 2005; x_wconf 90' lang='lat' dir='ltr'>et</span> <span class='ocrx_word' id='word_1_275' title='bbox 1495 1949 1542 2003; x_wconf 80' lang='lat' dir='ltr'>lux</span> <span class='ocrx_word' id='word_1_276' title='bbox 1554 1964 1619 2003; x_wconf 91' lang='lat' dir='ltr'>cum</span> <span class='ocrx_word' id='word_1_277' title='bbox 1633 1963 1670 2003; x_wconf 92' lang='lat' dir='ltr'>eo</span> <span class='ocrx_word' id='word_1_278' title='bbox 1688 1949 1742 2016; x_wconf 92' lang='lat' dir='ltr'>est,</span> <span class='ocrx_word' id='word_1_279' title='bbox 1754 1945 1810 2018; x_wconf 81' lang='lat' dir='ltr'>qnia</span> 
     </span>
     <span class='ocr_line' id='line_1_20' title="bbox 128 2039 1808 2120; baseline -0.004 -20"><span class='ocrx_word' id='word_1_280' title='bbox 128 2047 281 2120; x_wconf 88' lang='lat' dir='ltr'>quiescam,</span> <span class='ocrx_word' id='word_1_281' title='bbox 293 2046 383 2101; x_wconf 87' lang='lat' dir='ltr'>donec</span> <span class='ocrx_word' id='word_1_282' title='bbox 396 2046 563 2118; x_wconf 87' lang='lat' dir='ltr'>egrediatur</span> <span class='ocrx_word' id='word_1_283' title='bbox 578 2050 610 2102; x_wconf 95' lang='grc' dir='ltr'>ιιι</span> <span class='ocrx_word' id='word_1_284' title='bbox 622 2045 761 2119; x_wconf 90' lang='lat' dir='ltr'>splendor</span> <span class='ocrx_word' id='word_1_285' title='bbox 768 2047 863 2118; x_wconf 86' lang='lat' dir='ltr'>justus</span> <span class='ocrx_word' id='word_1_286' title='bbox 876 2047 949 2117; x_wconf 87' lang='lat' dir='ltr'>ejus,</span> <span class='ocrx_word' id='word_1_287' title='bbox 999 2046 1171 2119; x_wconf 88' lang='lat' dir='ltr'>sapientiam</span> <span class='ocrx_word' id='word_1_288' title='bbox 1181 2049 1210 2100; x_wconf 90' lang='lat' dir='ltr'>et</span> <span class='ocrx_word' id='word_1_289' title='bbox 1222 2044 1418 2100; x_wconf 83' lang='lat' dir='ltr'>tortitudinem</span> <span class='ocrx_word' id='word_1_290' title='bbox 1429 2043 1528 2099; x_wconf 83' lang='lat' dir='ltr'>dedisti</span> <span class='ocrx_word' id='word_1_291' title='bbox 1544 2041 1626 2110; x_wconf 92' lang='lat' dir='ltr'>mihi,</span> <span class='ocrx_word' id='word_1_292' title='bbox 1638 2046 1668 2096; x_wconf 91' lang='lat' dir='ltr'>et</span> <span class='ocrx_word' id='word_1_293' title='bbox 1676 2039 1808 2095; x_wconf 86' lang='lat' dir='ltr'>ostendisti</span> 
     </span>
     <span class='ocr_line' id='line_1_21' title="bbox 128 2131 1808 2212; baseline -0.005 -17"><span class='ocrx_word' id='word_1_294' title='bbox 128 2141 250 2195; x_wconf 86' lang='lat' dir='ltr'>salvator</span> <span class='ocrx_word' id='word_1_295' title='bbox 271 2139 331 2209; x_wconf 87' lang='lat' dir='ltr'>ejus</span> <span class='ocrx_word' id='word_1_296' title='bbox 359 2143 392 2193; x_wconf 91' lang='lat' dir='ltr'>ut</span> <span class='ocrx_word' id='word_1_297' title='bbox 410 2140 520 2211; x_wconf 89' lang='lat' dir='ltr'>lampas</span> <span class='ocrx_word' id='word_1_298' title='bbox 544 2139 718 2195; x_wconf 89' lang='lat' dir='ltr'>accendatur</span> <span class='ocrx_word' id='word_1_299' title='bbox 741 2140 804 2210; x_wconf 83' lang='lat' dir='ltr'>(iso.</span> <span class='ocrx_word' id='word_1_300' title='bbox 836 2156 890 2196; x_wconf 83' lang='grc' dir='ltr'>ιιιι</span> <span class='ocrx_word' id='word_1_301' title='bbox 913 2143 948 2208; x_wconf 90' lang='grc' dir='ltr'>ι).</span> <span class='ocrx_word' id='word_1_302' title='bbox 1000 2140 1072 2197; x_wconf 90' lang='lat' dir='ltr'>mihi</span> <span class='ocrx_word' id='word_1_303' title='bbox 1088 2155 1152 2212; x_wconf 79' lang='lat' dir='ltr'>quae</span> <span class='ocrx_word' id='word_1_304' title='bbox 1165 2137 1263 2210; x_wconf 85' lang='lat' dir='ltr'>rogavi</span> <span class='ocrx_word' id='word_1_305' title='bbox 1275 2143 1304 2193; x_wconf 90' lang='lat' dir='ltr'>te</span> <span class='ocrx_word' id='word_1_306' title='bbox 1321 2137 1399 2200; x_wconf 76' lang='lat' dir='ltr'>ibon.</span> <span class='ocrx_word' id='word_1_307' title='bbox 1418 2135 1686 2208; x_wconf 74' lang='lat' dir='ltr'>11,20·tl).nCum</span> <span class='ocrx_word' id='word_1_308' title='bbox 1704 2149 1758 2205; x_wconf 93' lang='lat' dir='ltr'>ope</span> <span class='ocrx_word' id='word_1_309' title='bbox 1776 2131 1808 2187; x_wconf 93' lang='lat' dir='ltr'>di·</span> 
     </span>
     <span class='ocr_line' id='line_1_22' title="bbox 128 2225 1808 2305; baseline -0.005 -16"><span class='ocrx_word' id='word_1_310' title='bbox 128 2233 258 2289; x_wconf 80' lang='lat' dir='ltr'>Proiecto</span> <span class='ocrx_word' id='word_1_311' title='bbox 267 2232 416 2287; x_wconf 73' lang='lat' dir='ltr'>catholica</span> <span class='ocrx_word' id='word_1_312' title='bbox 427 2232 566 2302; x_wconf 78' lang='lat' dir='ltr'>Ecclesia,</span> <span class='ocrx_word' id='word_1_313' title='bbox 578 2249 641 2305; x_wconf 86' lang='lat' dir='ltr'>quae</span> <span class='ocrx_word' id='word_1_314' title='bbox 653 2248 722 2289; x_wconf 81' lang='lat' dir='ltr'>vera</span> <span class='ocrx_word' id='word_1_315' title='bbox 733 2233 862 2289; x_wconf 86' lang='lat' dir='ltr'>consistit</span> <span class='ocrx_word' id='word_1_316' title='bbox 871 2233 948 2302; x_wconf 91' lang='lat' dir='ltr'>Sion,</span> <span class='ocrx_word' id='word_1_317' title='bbox 999 2235 1065 2290; x_wconf 83' lang='lat' dir='ltr'>rina</span> <span class='ocrx_word' id='word_1_318' title='bbox 1077 2233 1300 2304; x_wconf 87' lang='lat' dir='ltr'>uniuscujusque</span> <span class='ocrx_word' id='word_1_319' title='bbox 1312 2248 1439 2303; x_wconf 78' lang='lat' dir='ltr'>personae</span> <span class='ocrx_word' id='word_1_320' title='bbox 1453 2229 1612 2300; x_wconf 87' lang='lat' dir='ltr'>conscripta</span> <span class='ocrx_word' id='word_1_321' title='bbox 1625 2245 1678 2300; x_wconf 93' lang='lat' dir='ltr'>per</span> <span class='ocrx_word' id='word_1_322' title='bbox 1690 2225 1808 2283; x_wconf 79' lang='lat' dir='ltr'>novitatis</span> 
     </span>
     <span class='ocr_line' id='line_1_23' title="bbox 130 2319 1807 2399; baseline -0.005 -17"><span class='ocrx_word' id='word_1_323' title='bbox 130 2326 227 2382; x_wconf 87' lang='lat' dir='ltr'>civitas</span> <span class='ocrx_word' id='word_1_324' title='bbox 239 2325 343 2382; x_wconf 85' lang='lat' dir='ltr'>Christi</span> <span class='ocrx_word' id='word_1_325' title='bbox 357 2327 491 2381; x_wconf 90' lang='lat' dir='ltr'>coelorum</span> <span class='ocrx_word' id='word_1_326' title='bbox 506 2326 580 2398; x_wconf 87' lang='lat' dir='ltr'>regis</span> <span class='ocrx_word' id='word_1_327' title='bbox 589 2343 642 2398; x_wconf 93' lang='lat' dir='ltr'>per</span> <span class='ocrx_word' id='word_1_328' title='bbox 650 2329 694 2383; x_wconf 87' lang='lat' dir='ltr'>tot</span> <span class='ocrx_word' id='word_1_329' title='bbox 704 2343 848 2383; x_wconf 88' lang='lat' dir='ltr'>annorum</span> <span class='ocrx_word' id='word_1_330' title='bbox 860 2327 951 2399; x_wconf 89' lang='lat' dir='ltr'>spatia</span> <span class='ocrx_word' id='word_1_331' title='bbox 999 2328 1194 2384; x_wconf 90' lang='lat' dir='ltr'>commentum</span> <span class='ocrx_word' id='word_1_332' title='bbox 1221 2324 1345 2381; x_wconf 84' lang='lat' dir='ltr'>accusati</span> <span class='ocrx_word' id='word_1_333' title='bbox 1369 2329 1445 2393; x_wconf 92' lang='lat' dir='ltr'>sunt,</span> <span class='ocrx_word' id='word_1_334' title='bbox 1473 2324 1509 2379; x_wconf 87' lang='lat' dir='ltr'>dc</span> <span class='ocrx_word' id='word_1_335' title='bbox 1537 2321 1694 2378; x_wconf 88' lang='lat' dir='ltr'>venerabili</span> <span class='ocrx_word' id='word_1_336' title='bbox 1719 2319 1807 2376; x_wconf 86' lang='lat' dir='ltr'>scrinio</span> 
     </span>
     <span class='ocr_line' id='line_1_24' title="bbox 131 2414 1805 2494; baseline -0.005 -17"><span class='ocrx_word' id='word_1_337' title='bbox 131 2422 296 2492; x_wconf 85' lang='lat' dir='ltr'>expugnata</span> <span class='ocrx_word' id='word_1_338' title='bbox 307 2419 343 2473; x_wconf 88' lang='lat' dir='ltr'>ab</span> <span class='ocrx_word' id='word_1_339' title='bbox 352 2419 567 2475; x_wconf 84' lang='lat' dir='ltr'>adversantibus</span> <span class='ocrx_word' id='word_1_340' title='bbox 575 2419 662 2476; x_wconf 81' lang='lat' dir='ltr'>verbo</span> <span class='ocrx_word' id='word_1_341' title='bbox 674 2419 751 2491; x_wconf 82' lang='lat' dir='ltr'>fidei,</span> <span class='ocrx_word' id='word_1_342' title='bbox 767 2421 843 2494; x_wconf 83' lang='lat' dir='ltr'>»qui</span> <span class='ocrx_word' id='word_1_343' title='bbox 854 2436 950 2492; x_wconf 87' lang='lat' dir='ltr'>neque</span> <span class='ocrx_word' id='word_1_344' title='bbox 999 2419 1258 2478; x_wconf 85' lang='lat' dir='ltr'>obsecundantibus</span> <span class='ocrx_word' id='word_1_345' title='bbox 1272 2418 1355 2474; x_wconf 90' lang='lat' dir='ltr'>nobis</span> <span class='ocrx_word' id='word_1_346' title='bbox 1368 2417 1565 2474; x_wconf 87' lang='lat' dir='ltr'>ordinabiliter</span> <span class='ocrx_word' id='word_1_347' title='bbox 1577 2414 1764 2472; x_wconf 82' lang='lat' dir='ltr'>offerentibus</span> <span class='ocrx_word' id='word_1_348' title='bbox 1773 2430 1805 2468; x_wconf 85' lang='lat' dir='ltr'>so</span> 
     </span>
     <span class='ocr_line' id='line_1_25' title="bbox 131 2513 1297 2587; baseline -0.003 -17"><span class='ocrx_word' id='word_1_349' title='bbox 131 2515 221 2570; x_wconf 85' lang='lat' dir='ltr'>Deum</span> <span class='ocrx_word' id='word_1_350' title='bbox 230 2513 601 2584; x_wconf 88' lang='lat' dir='ltr'>timent,nequehominem</span> <span class='ocrx_word' id='word_1_351' title='bbox 610 2514 949 2587; x_wconf 58' lang='lat' dir='ltr'>reverenturtlucnvm,</span> <span class='ocrx_word' id='word_1_352' title='bbox 999 2513 1297 2572; x_wconf 87' lang='lat' dir='ltr'>lartiusintendamns.</span> 
     </span>
    </p>
   </div>
   <div class='ocr_carea' id='block_1_3' title="bbox 130 2606 1808 2703">
    <p class='ocr_par' dir='ltr' id='par_1_3' title="bbox 130 2606 1808 2703">
     <span class='ocr_line' id='line_1_26' title="bbox 130 2606 1808 2703; baseline 0.009 -39"><span class='ocrx_word' id='word_1_353' title='bbox 130 2609 167 2680; x_wconf 78' lang='lat'>2),</span> <span class='ocrx_word' id='word_1_354' title='bbox 184 2628 199 2657; x_wconf 77' lang='grc' dir='ltr'>ιι</span> <span class='ocrx_word' id='word_1_355' title='bbox 216 2606 266 2663; x_wconf 91' lang='lat' dir='ltr'>sed</span> <span class='ocrx_word' id='word_1_356' title='bbox 279 2606 422 2662; x_wconf 89' lang='lat' dir='ltr'>incassum</span> <span class='ocrx_word' id='word_1_357' title='bbox 435 2607 658 2677; x_wconf 87' lang='lat' dir='ltr'>producentibus</span> <span class='ocrx_word' id='word_1_358' title='bbox 676 2608 738 2681; x_wconf 86' lang='lat' dir='ltr'>pies</span> <span class='ocrx_word' id='word_1_359' title='bbox 758 2614 786 2664; x_wconf 92' lang='lat' dir='ltr'>et</span> <span class='ocrx_word' id='word_1_360' title='bbox 799 2608 951 2665; x_wconf 87' lang='lat' dir='ltr'>canonicas</span> <span class='ocrx_word' id='word_1_361' title='bbox 999 2635 1037 2691; x_wconf 63' lang='lat' dir='ltr'>De</span> <span class='ocrx_word' id='word_1_362' title='bbox 1051 2632 1255 2703; x_wconf 54' lang='lat' dir='ltr'>chorepiscopis,</span> <span class='ocrx_word' id='word_1_363' title='bbox 1269 2633 1296 2686; x_wconf 53' lang='grc' dir='ltr'>ει</span> <span class='ocrx_word' id='word_1_364' title='bbox 1309 2630 1357 2700; x_wconf 69' lang='lat' dir='ltr'>qm·</span> <span class='ocrx_word' id='word_1_365' title='bbox 1373 2627 1444 2684; x_wconf 61' lang='lat' dir='ltr'>idem</span> <span class='ocrx_word' id='word_1_366' title='bbox 1459 2629 1523 2691; x_wconf 71' lang='lat' dir='ltr'>sint,</span> <span class='ocrx_word' id='word_1_367' title='bbox 1542 2633 1593 2683; x_wconf 77' lang='lat' dir='ltr'>aut</span> <span class='ocrx_word' id='word_1_368' title='bbox 1611 2629 1638 2683; x_wconf 69' lang='lat' dir='ltr'>si</span> <span class='ocrx_word' id='word_1_369' title='bbox 1648 2626 1808 2698; x_wconf 74' lang='lat' dir='ltr'>aliquidaut</span> 
     </span>
    </p>
   </div>
   <div class='ocr_carea' id='block_1_4' title="bbox 47 2699 1480 2775">
    <p class='ocr_par' dir='ltr' id='par_1_4' title="bbox 47 2699 1480 2775">
     <span class='ocr_line' id='line_1_27' title="bbox 47 2699 1480 2775; baseline -0.003 -17"><span class='ocrx_word' id='word_1_370' title='bbox 47 2764 55 2773; x_wconf 52' lang='grc'>,</span> <span class='ocrx_word' id='word_1_371' title='bbox 131 2703 166 2758; x_wconf 86' lang='grc' dir='ltr'>(ιι</span> <span class='ocrx_word' id='word_1_372' title='bbox 181 2701 235 2756; x_wconf 94' lang='lat' dir='ltr'>hoc</span> <span class='ocrx_word' id='word_1_373' title='bbox 257 2700 343 2756; x_wconf 86' lang='lat' dir='ltr'>verbo</span> <span class='ocrx_word' id='word_1_374' title='bbox 361 2699 514 2769; x_wconf 88' lang='lat' dir='ltr'>doctrinas,</span> <span class='ocrx_word' id='word_1_375' title='bbox 531 2701 600 2757; x_wconf 90' lang='lat' dir='ltr'>dum</span> <span class='ocrx_word' id='word_1_376' title='bbox 622 2707 650 2758; x_wconf 90' lang='lat' dir='ltr'>et</span> <span class='ocrx_word' id='word_1_377' title='bbox 672 2703 797 2758; x_wconf 85' lang='lat' dir='ltr'>adversis</span> <span class='ocrx_word' id='word_1_378' title='bbox 809 2704 951 2775; x_wconf 88' lang='lat' dir='ltr'>tantisque</span> <span class='ocrx_word' id='word_1_379' title='bbox 1339 2704 1388 2755; x_wconf 84' lang='lat' dir='ltr'>out</span> <span class='ocrx_word' id='word_1_380' title='bbox 1400 2699 1480 2754; x_wconf 85' lang='grc' dir='ltr'>ιιιιιιι.</span> 
     </span>
    </p>
   </div>
   <div class='ocr_carea' id='block_1_5' title="bbox 52 2788 1820 5877">
    <p class='ocr_par' dir='ltr' id='par_1_5' title="bbox 131 2788 1810 3243">
     <span class='ocr_line' id='line_1_28' title="bbox 132 2788 1807 2867; baseline -0.003 -17"><span class='ocrx_word' id='word_1_381' title='bbox 132 2811 197 2867; x_wconf 80' lang='lat' dir='ltr'>qua</span> <span class='ocrx_word' id='word_1_382' title='bbox 213 2793 364 2866; x_wconf 89' lang='lat' dir='ltr'>inscripto</span> <span class='ocrx_word' id='word_1_383' title='bbox 380 2796 409 2849; x_wconf 92' lang='lat' dir='ltr'>et</span> <span class='ocrx_word' id='word_1_384' title='bbox 420 2794 483 2849; x_wconf 90' lang='lat' dir='ltr'>sine</span> <span class='ocrx_word' id='word_1_385' title='bbox 498 2795 603 2866; x_wconf 89' lang='lat' dir='ltr'>scripto</span> <span class='ocrx_word' id='word_1_386' title='bbox 617 2795 871 2852; x_wconf 87' lang='lat' dir='ltr'>contestationibus</span> <span class='ocrx_word' id='word_1_387' title='bbox 881 2797 952 2851; x_wconf 83' lang='lat' dir='ltr'>invi·</span> <span class='ocrx_word' id='word_1_388' title='bbox 1034 2795 1163 2853; x_wconf 82' lang='lat' dir='ltr'>bominis</span> <span class='ocrx_word' id='word_1_389' title='bbox 1176 2793 1386 2851; x_wconf 81' lang='lat' dir='ltr'>venerabilibus</span> <span class='ocrx_word' id='word_1_390' title='bbox 1405 2792 1548 2859; x_wconf 78' lang='lat' dir='ltr'>fratribus,</span> <span class='ocrx_word' id='word_1_391' title='bbox 1567 2792 1710 2848; x_wconf 79' lang='lat' dir='ltr'>Paoseano</span> <span class='ocrx_word' id='word_1_392' title='bbox 1723 2788 1807 2847; x_wconf 87' lang='lat' dir='ltr'>Numi-</span> 
     </span>
     <span class='ocr_line' id='line_1_29' title="bbox 131 2887 1810 2964; baseline -0.005 -19"><span class='ocrx_word' id='word_1_393' title='bbox 131 2889 182 2945; x_wconf 88' lang='lat' dir='ltr'>tati</span> <span class='ocrx_word' id='word_1_394' title='bbox 196 2889 315 2944; x_wconf 83' lang='lat' dir='ltr'>fuissent</span> <span class='ocrx_word' id='word_1_395' title='bbox 327 2889 470 2960; x_wconf 81' lang='lat' dir='ltr'>corrigere</span> <span class='ocrx_word' id='word_1_396' title='bbox 484 2888 630 2960; x_wconf 91' lang='lat' dir='ltr'>propriam</span> <span class='ocrx_word' id='word_1_397' title='bbox 643 2891 672 2945; x_wconf 86' lang='lat' dir='ltr'>et</span> <span class='ocrx_word' id='word_1_398' title='bbox 678 2889 797 2962; x_wconf 87' lang='lat' dir='ltr'>sepelire</span> <span class='ocrx_word' id='word_1_399' title='bbox 806 2889 949 2959; x_wconf 80' lang='lat' dir='ltr'>haeresim,</span> <span class='ocrx_word' id='word_1_400' title='bbox 999 2891 1052 2947; x_wconf 83' lang='lat' dir='ltr'>diae</span> <span class='ocrx_word' id='word_1_401' title='bbox 1066 2891 1168 2964; x_wconf 80' lang='lat' dir='ltr'>primae</span> <span class='ocrx_word' id='word_1_402' title='bbox 1177 2888 1252 2945; x_wconf 89' lang='lat' dir='ltr'>sedis</span> <span class='ocrx_word' id='word_1_403' title='bbox 1266 2888 1407 2961; x_wconf 87' lang='lat' dir='ltr'>episcopo,</span> <span class='ocrx_word' id='word_1_404' title='bbox 1423 2887 1519 2957; x_wconf 78' lang='grc' dir='ltr'>ιιοιι,</span> <span class='ocrx_word' id='word_1_405' title='bbox 1534 2887 1690 2953; x_wconf 81' lang='grc' dir='ltr'>ιιιιιιιιτο,</span> <span class='ocrx_word' id='word_1_406' title='bbox 1701 2888 1810 2941; x_wconf 64' lang='lat' dir='ltr'>Annus</span> 
     </span>
     <span class='ocr_line' id='line_1_30' title="bbox 132 2978 1809 3055; baseline -0.004 -17"><span class='ocrx_word' id='word_1_407' title='bbox 132 2983 216 3039; x_wconf 89' lang='lat' dir='ltr'>sicuti</span> <span class='ocrx_word' id='word_1_408' title='bbox 238 2985 268 3038; x_wconf 89' lang='lat' dir='ltr'>et</span> <span class='ocrx_word' id='word_1_409' title='bbox 286 2999 338 3054; x_wconf 87' lang='lat' dir='ltr'>per</span> <span class='ocrx_word' id='word_1_410' title='bbox 362 2982 533 3038; x_wconf 87' lang='lat' dir='ltr'>anteriorem</span> <span class='ocrx_word' id='word_1_411' title='bbox 558 2982 753 3055; x_wconf 88' lang='lat' dir='ltr'>cognitionem</span> <span class='ocrx_word' id='word_1_412' title='bbox 780 2984 950 3039; x_wconf 89' lang='lat' dir='ltr'>luculentius</span> <span class='ocrx_word' id='word_1_413' title='bbox 999 3001 1064 3054; x_wconf 83' lang='lat' dir='ltr'>ono,</span> <span class='ocrx_word' id='word_1_414' title='bbox 1082 2986 1246 3050; x_wconf 80' lang='lat' dir='ltr'>bannorum,</span> <span class='ocrx_word' id='word_1_415' title='bbox 1262 2984 1350 3051; x_wconf 82' lang='lat' dir='ltr'>Ruso,</span> <span class='ocrx_word' id='word_1_416' title='bbox 1370 2987 1399 3037; x_wconf 90' lang='lat' dir='ltr'>et</span> <span class='ocrx_word' id='word_1_417' title='bbox 1416 2980 1549 3036; x_wconf 89' lang='lat' dir='ltr'>omnibus</span> <span class='ocrx_word' id='word_1_418' title='bbox 1571 2979 1693 3048; x_wconf 79' lang='lat' dir='ltr'>caeteris,</span> <span class='ocrx_word' id='word_1_419' title='bbox 1716 2978 1809 3050; x_wconf 89' lang='lat' dir='ltr'>ubique</span> 
     </span>
     <span class='ocr_line' id='line_1_31' title="bbox 132 3072 1810 3191; baseline -0.005 -57"><span class='ocrx_word' id='word_1_420' title='bbox 132 3077 357 3134; x_wconf 87' lang='lat' dir='ltr'>demonstratum</span> <span class='ocrx_word' id='word_1_421' title='bbox 370 3081 412 3132; x_wconf 89' lang='lat' dir='ltr'>est</span> <span class='ocrx_word' id='word_1_422' title='bbox 426 3080 484 3131; x_wconf 83' lang='lat' dir='ltr'>tam</span> <span class='ocrx_word' id='word_1_423' title='bbox 495 3092 546 3148; x_wconf 89' lang='lat' dir='ltr'>per</span> <span class='ocrx_word' id='word_1_424' title='bbox 555 3076 665 3132; x_wconf 91' lang='lat' dir='ltr'>libellos</span> <span class='ocrx_word' id='word_1_425' title='bbox 675 3093 760 3149; x_wconf 87' lang='lat' dir='ltr'>quarn</span> <span class='ocrx_word' id='word_1_426' title='bbox 776 3093 830 3148; x_wconf 92' lang='lat' dir='ltr'>per</span> <span class='ocrx_word' id='word_1_427' title='bbox 843 3093 948 3150; x_wconf 89' lang='lat' dir='ltr'>sugge-</span> <span class='ocrx_word' id='word_1_428' title='bbox 960 3113 989 3191; x_wconf 71' lang='lat' dir='ltr'>C</span> <span class='ocrx_word' id='word_1_429' title='bbox 999 3079 1031 3136; x_wconf 91' lang='lat' dir='ltr'>in</span> <span class='ocrx_word' id='word_1_430' title='bbox 1042 3082 1121 3136; x_wconf 87' lang='lat' dir='ltr'>recta</span> <span class='ocrx_word' id='word_1_431' title='bbox 1144 3080 1240 3133; x_wconf 89' lang='lat' dir='ltr'>saneta</span> <span class='ocrx_word' id='word_1_432' title='bbox 1254 3081 1283 3132; x_wconf 88' lang='lat' dir='ltr'>et</span> <span class='ocrx_word' id='word_1_433' title='bbox 1296 3074 1448 3148; x_wconf 87' lang='lat' dir='ltr'>apostolica</span> <span class='ocrx_word' id='word_1_434' title='bbox 1471 3074 1527 3130; x_wconf 84' lang='lat' dir='ltr'>ilde</span> <span class='ocrx_word' id='word_1_435' title='bbox 1545 3072 1764 3130; x_wconf 82' lang='lat' dir='ltr'>consistentibus</span> <span class='ocrx_word' id='word_1_436' title='bbox 1772 3087 1810 3127; x_wconf 76' lang='lat' dir='ltr'>or</span> 
     </span>
     <span class='ocr_line' id='line_1_32' title="bbox 132 3168 1450 3243; baseline -0.002 -17"><span class='ocrx_word' id='word_1_437' title='bbox 132 3169 237 3227; x_wconf 88' lang='lat' dir='ltr'>stiones</span> <span class='ocrx_word' id='word_1_438' title='bbox 258 3168 560 3225; x_wconf 88' lang='lat' dir='ltr'>reverendissimorum</span> <span class='ocrx_word' id='word_1_439' title='bbox 582 3170 758 3226; x_wconf 87' lang='lat' dir='ltr'>sacerdotum</span> <span class='ocrx_word' id='word_1_440' title='bbox 783 3174 813 3226; x_wconf 90' lang='lat' dir='ltr'>et</span> <span class='ocrx_word' id='word_1_441' title='bbox 832 3187 950 3227; x_wconf 82' lang='lat' dir='ltr'>venera·</span> <span class='ocrx_word' id='word_1_442' title='bbox 1002 3171 1133 3229; x_wconf 81' lang='lat' dir='ltr'>thodoris</span> <span class='ocrx_word' id='word_1_443' title='bbox 1147 3170 1295 3243; x_wconf 89' lang='lat' dir='ltr'>episcopis,</span> <span class='ocrx_word' id='word_1_444' title='bbox 1313 3171 1450 3226; x_wconf 72' lang='lat' dir='ltr'>bnassus.</span> 
     </span>
    </p>

    <p class='ocr_par' dir='ltr' id='par_1_6' title="bbox 52 3261 1817 4274">
     <span class='ocr_line' id='line_1_33' title="bbox 131 3261 1813 3336; baseline -0.002 -18"><span class='ocrx_word' id='word_1_445' title='bbox 131 3264 234 3319; x_wconf 91' lang='lat' dir='ltr'>bilium</span> <span class='ocrx_word' id='word_1_446' title='bbox 250 3263 386 3319; x_wconf 88' lang='lat' dir='ltr'>abbatum</span> <span class='ocrx_word' id='word_1_447' title='bbox 399 3264 533 3336; x_wconf 72' lang='lat' dir='ltr'>Apostolo</span> <span class='ocrx_word' id='word_1_448' title='bbox 546 3267 723 3335; x_wconf 83' lang='lat' dir='ltr'>protestante</span> <span class='ocrx_word' id='word_1_449' title='bbox 738 3265 819 3321; x_wconf 92' lang='lat' dir='ltr'>nobis</span> <span class='ocrx_word' id='word_1_450' title='bbox 835 3287 849 3315; x_wconf 78' lang='grc' dir='ltr'>ι(</span> <span class='ocrx_word' id='word_1_451' title='bbox 860 3265 953 3320; x_wconf 83' lang='grc' dir='ltr'>Ηοιιιι-</span> <span class='ocrx_word' id='word_1_452' title='bbox 1036 3266 1123 3332; x_wconf 87' lang='lat' dir='ltr'>Licet,</span> <span class='ocrx_word' id='word_1_453' title='bbox 1142 3265 1244 3320; x_wconf 85' lang='lat' dir='ltr'>iratres</span> <span class='ocrx_word' id='word_1_454' title='bbox 1262 3263 1430 3331; x_wconf 86' lang='lat' dir='ltr'>charissimi,</span> <span class='ocrx_word' id='word_1_455' title='bbox 1446 3261 1525 3317; x_wconf 84' lang='lat' dir='ltr'>vobis</span> <span class='ocrx_word' id='word_1_456' title='bbox 1546 3261 1604 3316; x_wconf 91' lang='lat' dir='ltr'>sint</span> <span class='ocrx_word' id='word_1_457' title='bbox 1622 3267 1694 3317; x_wconf 87' lang='lat' dir='ltr'>nota</span> <span class='ocrx_word' id='word_1_458' title='bbox 1708 3261 1813 3317; x_wconf 88' lang='lat' dir='ltr'>Patruru</span> 
     </span>
     <span class='ocr_line' id='line_1_34' title="bbox 133 3353 1814 3429; baseline -0.002 -16"><span class='ocrx_word' id='word_1_459' title='bbox 133 3374 201 3414; x_wconf 90' lang='lat' dir='ltr'>nem</span> <span class='ocrx_word' id='word_1_460' title='bbox 222 3357 389 3414; x_wconf 79' lang='lat' dir='ltr'>haereticum</span> <span class='ocrx_word' id='word_1_461' title='bbox 415 3360 480 3429; x_wconf 87' lang='lat' dir='ltr'>post</span> <span class='ocrx_word' id='word_1_462' title='bbox 501 3356 625 3429; x_wconf 84' lang='lat' dir='ltr'>primam</span> <span class='ocrx_word' id='word_1_463' title='bbox 647 3361 677 3413; x_wconf 92' lang='lat' dir='ltr'>et</span> <span class='ocrx_word' id='word_1_464' title='bbox 694 3359 848 3415; x_wconf 88' lang='lat' dir='ltr'>secundam</span> <span class='ocrx_word' id='word_1_465' title='bbox 862 3375 953 3415; x_wconf 90' lang='lat' dir='ltr'>corre·</span> <span class='ocrx_word' id='word_1_466' title='bbox 1001 3361 1124 3427; x_wconf 88' lang='lat' dir='ltr'>decreta,</span> <span class='ocrx_word' id='word_1_467' title='bbox 1136 3359 1246 3428; x_wconf 89' lang='lat' dir='ltr'>mirari,</span> <span class='ocrx_word' id='word_1_468' title='bbox 1261 3362 1357 3414; x_wconf 91' lang='lat' dir='ltr'>tamen</span> <span class='ocrx_word' id='word_1_469' title='bbox 1369 3373 1427 3412; x_wconf 91' lang='lat' dir='ltr'>non</span> <span class='ocrx_word' id='word_1_470' title='bbox 1440 3358 1726 3429; x_wconf 81' lang='lat' dir='ltr'>possumusvestram</span> <span class='ocrx_word' id='word_1_471' title='bbox 1739 3353 1814 3410; x_wconf 76' lang='lat' dir='ltr'>soler</span> 
     </span>
     <span class='ocr_line' id='line_1_35' title="bbox 132 3450 1816 3525; baseline -0.002 -19"><span class='ocrx_word' id='word_1_472' title='bbox 132 3452 264 3525; x_wconf 90' lang='lat' dir='ltr'>ptionem</span> <span class='ocrx_word' id='word_1_473' title='bbox 284 3451 389 3506; x_wconf 85' lang='lat' dir='ltr'>evitare</span> <span class='ocrx_word' id='word_1_474' title='bbox 407 3450 560 3506; x_wconf 89' lang='lat' dir='ltr'>debeamus</span> <span class='ocrx_word' id='word_1_475' title='bbox 572 3450 640 3521; x_wconf 75' lang='grc' dir='ltr'>(ιιι.</span> <span class='ocrx_word' id='word_1_476' title='bbox 660 3467 701 3520; x_wconf 89' lang='grc' dir='ltr'>ιιι,</span> <span class='ocrx_word' id='word_1_477' title='bbox 725 3451 807 3521; x_wconf 63' lang='lat' dir='ltr'>loto</span> <span class='ocrx_word' id='word_1_478' title='bbox 832 3452 952 3509; x_wconf 87' lang='lat' dir='ltr'>scientes</span> <span class='ocrx_word' id='word_1_479' title='bbox 1001 3455 1070 3510; x_wconf 89' lang='lat' dir='ltr'>tiam</span> <span class='ocrx_word' id='word_1_480' title='bbox 1083 3453 1157 3509; x_wconf 91' lang='lat' dir='ltr'>circa</span> <span class='ocrx_word' id='word_1_481' title='bbox 1167 3451 1297 3508; x_wconf 90' lang='lat' dir='ltr'>instituta</span> <span class='ocrx_word' id='word_1_482' title='bbox 1306 3451 1460 3524; x_wconf 90' lang='lat' dir='ltr'>majorum,</span> <span class='ocrx_word' id='word_1_483' title='bbox 1474 3456 1506 3505; x_wconf 90' lang='lat' dir='ltr'>ut</span> <span class='ocrx_word' id='word_1_484' title='bbox 1515 3452 1618 3505; x_wconf 84' lang='lat' dir='ltr'>cuncta</span> <span class='ocrx_word' id='word_1_485' title='bbox 1629 3465 1696 3521; x_wconf 83' lang='lat' dir='ltr'>quae</span> <span class='ocrx_word' id='word_1_486' title='bbox 1706 3451 1816 3521; x_wconf 89' lang='lat' dir='ltr'>possunt</span> 
     </span>
     <span class='ocr_line' id='line_1_36' title="bbox 132 3538 1817 3620; baseline -0.002 -19"><span class='ocrx_word' id='word_1_487' title='bbox 132 3546 199 3619; x_wconf 88' lang='lat' dir='ltr'>quia</span> <span class='ocrx_word' id='word_1_488' title='bbox 216 3545 365 3601; x_wconf 85' lang='lat' dir='ltr'>subversus</span> <span class='ocrx_word' id='word_1_489' title='bbox 379 3548 422 3600; x_wconf 91' lang='lat' dir='ltr'>est</span> <span class='ocrx_word' id='word_1_490' title='bbox 437 3544 613 3616; x_wconf 71' lang='lat' dir='ltr'>huiusmodi,</span> <span class='ocrx_word' id='word_1_491' title='bbox 631 3547 660 3601; x_wconf 91' lang='lat' dir='ltr'>et</span> <span class='ocrx_word' id='word_1_492' title='bbox 676 3545 817 3618; x_wconf 81' lang='lat' dir='ltr'>delinquit</span> <span class='ocrx_word' id='word_1_493' title='bbox 836 3545 951 3618; x_wconf 88' lang='lat' dir='ltr'>proprio</span> <span class='ocrx_word' id='word_1_494' title='bbox 1002 3538 1817 3620; x_wconf 80' lang='lat' dir='ltr'>164aliquamreciperedubitationem,adnosquasiad</span> 
     </span>
     <span class='ocr_line' id='line_1_37' title="bbox 129 3635 1817 3713; baseline -0.002 -18"><span class='ocrx_word' id='word_1_495' title='bbox 129 3637 469 3711; x_wconf 82' lang='lat' dir='ltr'>judicio&#39;condemnatus,</span> <span class='ocrx_word' id='word_1_496' title='bbox 485 3637 565 3693; x_wconf 91' lang='lat' dir='ltr'>nullo</span> <span class='ocrx_word' id='word_1_497' title='bbox 579 3638 668 3694; x_wconf 91' lang='lat' dir='ltr'>modo</span> <span class='ocrx_word' id='word_1_498' title='bbox 683 3643 795 3712; x_wconf 89' lang='lat' dir='ltr'>oportet</span> <span class='ocrx_word' id='word_1_499' title='bbox 807 3656 860 3695; x_wconf 89' lang='lat' dir='ltr'>nos</span> <span class='ocrx_word' id='word_1_500' title='bbox 870 3639 950 3696; x_wconf 90' lang='lat' dir='ltr'>dein·</span> <span class='ocrx_word' id='word_1_501' title='bbox 1001 3644 1096 3713; x_wconf 83' lang='lat' dir='ltr'>caput,</span> <span class='ocrx_word' id='word_1_502' title='bbox 1112 3644 1144 3696; x_wconf 91' lang='lat' dir='ltr'>ut</span> <span class='ocrx_word' id='word_1_503' title='bbox 1157 3655 1270 3712; x_wconf 89' lang='lat' dir='ltr'>semper</span> <span class='ocrx_word' id='word_1_504' title='bbox 1279 3639 1334 3694; x_wconf 83' lang='lat' dir='ltr'>fuit</span> <span class='ocrx_word' id='word_1_505' title='bbox 1352 3638 1539 3707; x_wconf 88' lang='lat' dir='ltr'>consuetudo,</span> <span class='ocrx_word' id='word_1_506' title='bbox 1551 3637 1664 3693; x_wconf 78' lang='lat' dir='ltr'>deferre</span> <span class='ocrx_word' id='word_1_507' title='bbox 1677 3653 1737 3693; x_wconf 93' lang='lat' dir='ltr'>non</span> <span class='ocrx_word' id='word_1_508' title='bbox 1750 3635 1817 3692; x_wconf 88' lang='lat' dir='ltr'>desi·</span> 
     </span>
     <span class='ocr_line' id='line_1_38' title="bbox 133 3729 1816 3806; baseline -0.002 -18"><span class='ocrx_word' id='word_1_509' title='bbox 133 3749 199 3806; x_wconf 90' lang='lat' dir='ltr'>ceps</span> <span class='ocrx_word' id='word_1_510' title='bbox 211 3736 304 3789; x_wconf 89' lang='lat' dir='ltr'>tacere</span> <span class='ocrx_word' id='word_1_511' title='bbox 324 3737 374 3788; x_wconf 90' lang='lat' dir='ltr'>aut</span> <span class='ocrx_word' id='word_1_512' title='bbox 386 3732 544 3804; x_wconf 88' lang='lat' dir='ltr'>quiescere,</span> <span class='ocrx_word' id='word_1_513' title='bbox 569 3748 606 3788; x_wconf 86' lang='lat' dir='ltr'>ne</span> <span class='ocrx_word' id='word_1_514' title='bbox 618 3749 733 3805; x_wconf 91' lang='lat' dir='ltr'>quoquo</span> <span class='ocrx_word' id='word_1_515' title='bbox 753 3733 839 3788; x_wconf 91' lang='lat' dir='ltr'>modo</span> <span class='ocrx_word' id='word_1_516' title='bbox 861 3732 951 3805; x_wconf 90' lang='lat' dir='ltr'>iniqui</span> <span class='ocrx_word' id='word_1_517' title='bbox 1002 3734 1086 3802; x_wconf 91' lang='lat' dir='ltr'>natis,</span> <span class='ocrx_word' id='word_1_518' title='bbox 1101 3738 1131 3790; x_wconf 89' lang='lat' dir='ltr'>ut</span> <span class='ocrx_word' id='word_1_519' title='bbox 1141 3733 1208 3789; x_wconf 89' lang='lat' dir='ltr'>inde</span> <span class='ocrx_word' id='word_1_520' title='bbox 1222 3733 1338 3805; x_wconf 89' lang='lat' dir='ltr'>capiatis</span> <span class='ocrx_word' id='word_1_521' title='bbox 1352 3748 1486 3804; x_wconf 90' lang='lat' dir='ltr'>responsa</span> <span class='ocrx_word' id='word_1_522' title='bbox 1498 3730 1574 3787; x_wconf 90' lang='lat' dir='ltr'>unde</span> <span class='ocrx_word' id='word_1_523' title='bbox 1583 3730 1734 3802; x_wconf 89' lang='lat' dir='ltr'>accepistis</span> <span class='ocrx_word' id='word_1_524' title='bbox 1742 3729 1816 3786; x_wconf 86' lang='lat' dir='ltr'>iusti·</span> 
     </span>
     <span class='ocr_line' id='line_1_39' title="bbox 52 3823 1816 3907; baseline -0.002 -25"><span class='ocrx_word' id='word_1_525' title='bbox 52 3900 55 3907; x_wconf 83' lang='lat'>.</span> <span class='ocrx_word' id='word_1_526' title='bbox 129 3827 291 3900; x_wconf 86' lang='lat' dir='ltr'>judicemur</span> <span class='ocrx_word' id='word_1_527' title='bbox 304 3825 439 3882; x_wconf 90' lang='lat' dir='ltr'>odibilem</span> <span class='ocrx_word' id='word_1_528' title='bbox 456 3827 513 3882; x_wconf 86' lang='lat' dir='ltr'>Deo</span> <span class='ocrx_word' id='word_1_529' title='bbox 525 3842 625 3898; x_wconf 89' lang='lat' dir='ltr'>pacem</span> <span class='ocrx_word' id='word_1_530' title='bbox 645 3827 859 3899; x_wconf 87' lang='lat' dir='ltr'>amplectentes.</span> <span class='ocrx_word' id='word_1_531' title='bbox 874 3827 950 3892; x_wconf 87' lang='lat' dir='ltr'>Quo·</span> <span class='ocrx_word' id='word_1_532' title='bbox 1000 3828 1141 3886; x_wconf 86' lang='lat' dir='ltr'>tutionem</span> <span class='ocrx_word' id='word_1_533' title='bbox 1155 3830 1183 3882; x_wconf 90' lang='lat' dir='ltr'>et</span> <span class='ocrx_word' id='word_1_534' title='bbox 1197 3843 1329 3882; x_wconf 84' lang='lat' dir='ltr'>normam</span> <span class='ocrx_word' id='word_1_535' title='bbox 1340 3831 1415 3882; x_wconf 88' lang='lat' dir='ltr'>recte</span> <span class='ocrx_word' id='word_1_536' title='bbox 1430 3823 1554 3881; x_wconf 83' lang='lat' dir='ltr'>vivendi.</span> <span class='ocrx_word' id='word_1_537' title='bbox 1569 3825 1649 3880; x_wconf 88' lang='lat' dir='ltr'>Unde</span> <span class='ocrx_word' id='word_1_538' title='bbox 1660 3830 1691 3882; x_wconf 87' lang='lat' dir='ltr'>et</span> <span class='ocrx_word' id='word_1_539' title='bbox 1704 3841 1753 3881; x_wconf 84' lang='lat' dir='ltr'>vos</span> <span class='ocrx_word' id='word_1_540' title='bbox 1763 3838 1816 3879; x_wconf 90' lang='lat' dir='ltr'>non</span> 
     </span>
     <span class='ocr_line' id='line_1_40' title="bbox 132 3918 1817 3993; baseline -0.003 -15"><span class='ocrx_word' id='word_1_541' title='bbox 132 3923 210 3978; x_wconf 88' lang='lat' dir='ltr'>niam</span> <span class='ocrx_word' id='word_1_542' title='bbox 230 3920 441 3993; x_wconf 88' lang='lat' dir='ltr'>scriptumest:</span> <span class='ocrx_word' id='word_1_543' title='bbox 458 3942 472 3972; x_wconf 82' lang='lat' dir='ltr'>a</span> <span class='ocrx_word' id='word_1_544' title='bbox 485 3920 576 3977; x_wconf 83' lang='lat' dir='ltr'>Zelari</span> <span class='ocrx_word' id='word_1_545' title='bbox 598 3920 628 3975; x_wconf 89' lang='lat' dir='ltr'>in</span> <span class='ocrx_word' id='word_1_546' title='bbox 642 3920 837 3993; x_wconf 88' lang='lat' dir='ltr'>peecatoribus</span> <span class='ocrx_word' id='word_1_547' title='bbox 850 3936 950 3993; x_wconf 89' lang='lat' dir='ltr'>pacem</span> <span class='ocrx_word' id='word_1_548' title='bbox 1000 3922 1335 3978; x_wconf 87' lang='lat' dir='ltr'>immemorescanonum</span> <span class='ocrx_word' id='word_1_549' title='bbox 1348 3936 1408 3976; x_wconf 89' lang='lat' dir='ltr'>esse</span> <span class='ocrx_word' id='word_1_550' title='bbox 1423 3920 1622 3988; x_wconf 89' lang='lat' dir='ltr'>recordamur,</span> <span class='ocrx_word' id='word_1_551' title='bbox 1629 3918 1680 3990; x_wconf 92' lang='lat' dir='ltr'>qui</span> <span class='ocrx_word' id='word_1_552' title='bbox 1690 3919 1817 3992; x_wconf 84' lang='lat' dir='ltr'>etipsnm</span> 
     </span>
     <span class='ocr_line' id='line_1_41' title="bbox 131 4011 1817 4089; baseline -0.004 -16"><span class='ocrx_word' id='word_1_553' title='bbox 131 4018 312 4089; x_wconf 79' lang='lat' dir='ltr'>peccatorum</span> <span class='ocrx_word' id='word_1_554' title='bbox 324 4013 425 4068; x_wconf 85' lang='lat' dir='ltr'>ridens</span> <span class='ocrx_word' id='word_1_555' title='bbox 437 4014 520 4084; x_wconf 83' lang='lat' dir='ltr'>(Psoi.</span> <span class='ocrx_word' id='word_1_556' title='bbox 534 4030 616 4082; x_wconf 85' lang='grc' dir='ltr'>ιιιιι,</span> <span class='ocrx_word' id='word_1_557' title='bbox 626 4013 664 4086; x_wconf 84' lang='grc'>3),</span> <span class='ocrx_word' id='word_1_558' title='bbox 674 4035 689 4064; x_wconf 75' lang='grc' dir='ltr'>ι</span> <span class='ocrx_word' id='word_1_559' title='bbox 703 4016 733 4070; x_wconf 89' lang='grc' dir='ltr'>ιι</span> <span class='ocrx_word' id='word_1_560' title='bbox 742 4013 852 4070; x_wconf 85' lang='grc' dir='ltr'>ιιιιιιιιι·</span> <span class='ocrx_word' id='word_1_561' title='bbox 863 4012 951 4068; x_wconf 87' lang='lat' dir='ltr'>etiam</span> <span class='ocrx_word' id='word_1_562' title='bbox 1000 4015 1063 4072; x_wconf 86' lang='lat' dir='ltr'>lieri</span> <span class='ocrx_word' id='word_1_563' title='bbox 1077 4014 1249 4088; x_wconf 78' lang='lat' dir='ltr'>precipiunt</span> <span class='ocrx_word' id='word_1_564' title='bbox 1265 4030 1324 4070; x_wconf 91' lang='lat' dir='ltr'>non</span> <span class='ocrx_word' id='word_1_565' title='bbox 1343 4017 1376 4070; x_wconf 91' lang='grc' dir='ltr'>ιιι</span> <span class='ocrx_word' id='word_1_566' title='bbox 1386 4013 1467 4069; x_wconf 81' lang='lat' dir='ltr'>vobis</span> <span class='ocrx_word' id='word_1_567' title='bbox 1482 4012 1606 4069; x_wconf 77' lang='lat' dir='ltr'>scientiae</span> <span class='ocrx_word' id='word_1_568' title='bbox 1626 4011 1817 4069; x_wconf 74' lang='lat' dir='ltr'>ecclesiastice</span> 
     </span>
     <span class='ocr_line' id='line_1_42' title="bbox 132 4105 1816 4181; baseline -0.002 -16"><span class='ocrx_word' id='word_1_569' title='bbox 132 4109 168 4165; x_wconf 96' lang='lat' dir='ltr'>de</span> <span class='ocrx_word' id='word_1_570' title='bbox 192 4109 294 4164; x_wconf 84' lang='lat' dir='ltr'>nohis:</span> <span class='ocrx_word' id='word_1_571' title='bbox 322 4106 490 4163; x_wconf 87' lang='lat' dir='ltr'>Sacerdotes</span> <span class='ocrx_word' id='word_1_572' title='bbox 511 4107 568 4163; x_wconf 89' lang='lat' dir='ltr'>mei</span> <span class='ocrx_word' id='word_1_573' title='bbox 596 4109 830 4178; x_wconf 86' lang='lat' dir='ltr'>contempserunt</span> <span class='ocrx_word' id='word_1_574' title='bbox 854 4106 951 4179; x_wconf 91' lang='lat' dir='ltr'>legem</span> <span class='ocrx_word' id='word_1_575' title='bbox 1000 4109 1109 4181; x_wconf 74' lang='lat' dir='ltr'>regulae</span> <span class='ocrx_word' id='word_1_576' title='bbox 1129 4108 1244 4181; x_wconf 88' lang='lat' dir='ltr'>aliquod</span> <span class='ocrx_word' id='word_1_577' title='bbox 1267 4107 1350 4176; x_wconf 92' lang='lat' dir='ltr'>desit,</span> <span class='ocrx_word' id='word_1_578' title='bbox 1365 4108 1415 4164; x_wconf 89' lang='lat' dir='ltr'>sed</span> <span class='ocrx_word' id='word_1_579' title='bbox 1429 4111 1462 4163; x_wconf 92' lang='lat' dir='ltr'>ut</span> <span class='ocrx_word' id='word_1_580' title='bbox 1475 4105 1642 4162; x_wconf 85' lang='lat' dir='ltr'>auctoritate</span> <span class='ocrx_word' id='word_1_581' title='bbox 1662 4106 1739 4163; x_wconf 84' lang='lat' dir='ltr'>sedis</span> <span class='ocrx_word' id='word_1_582' title='bbox 1753 4120 1816 4179; x_wconf 77' lang='lat' dir='ltr'>apo</span> 
     </span>
     <span class='ocr_line' id='line_1_43' title="bbox 131 4199 1706 4274; baseline -0.001 -16"><span class='ocrx_word' id='word_1_583' title='bbox 131 4217 238 4269; x_wconf 83' lang='lat' dir='ltr'>meam,</span> <span class='ocrx_word' id='word_1_584' title='bbox 260 4206 289 4256; x_wconf 91' lang='lat' dir='ltr'>et</span> <span class='ocrx_word' id='word_1_585' title='bbox 310 4200 476 4271; x_wconf 87' lang='lat' dir='ltr'>polluerunt</span> <span class='ocrx_word' id='word_1_586' title='bbox 489 4200 651 4255; x_wconf 84' lang='lat' dir='ltr'>sanctuaria</span> <span class='ocrx_word' id='word_1_587' title='bbox 669 4216 734 4256; x_wconf 88' lang='lat' dir='ltr'>mea</span> <span class='ocrx_word' id='word_1_588' title='bbox 750 4201 854 4270; x_wconf 83' lang='grc' dir='ltr'>(ιιιιιι.</span> <span class='ocrx_word' id='word_1_589' title='bbox 872 4216 949 4271; x_wconf 87' lang='lat' dir='ltr'>xxm,</span> <span class='ocrx_word' id='word_1_590' title='bbox 1000 4202 1105 4258; x_wconf 79' lang='lat' dir='ltr'>stolicae</span> <span class='ocrx_word' id='word_1_591' title='bbox 1118 4201 1182 4258; x_wconf 80' lang='lat' dir='ltr'>fulti</span> <span class='ocrx_word' id='word_1_592' title='bbox 1195 4203 1224 4258; x_wconf 92' lang='lat' dir='ltr'>in</span> <span class='ocrx_word' id='word_1_593' title='bbox 1236 4202 1316 4259; x_wconf 91' lang='lat' dir='ltr'>nullo</span> <span class='ocrx_word' id='word_1_594' title='bbox 1330 4200 1366 4256; x_wconf 91' lang='lat' dir='ltr'>ab</span> <span class='ocrx_word' id='word_1_595' title='bbox 1381 4202 1443 4274; x_wconf 85' lang='lat' dir='ltr'>ejus</span> <span class='ocrx_word' id='word_1_596' title='bbox 1457 4199 1573 4257; x_wconf 86' lang='lat' dir='ltr'>devietis</span> <span class='ocrx_word' id='word_1_597' title='bbox 1587 4200 1706 4273; x_wconf 86' lang='lat' dir='ltr'>regulis.</span> 
     </span>
    </p>

    <p class='ocr_par' dir='ltr' id='par_1_7' title="bbox 119 4292 1820 5877">
     <span class='ocr_line' id='line_1_44' title="bbox 132 4292 1817 4369; baseline -0.001 -17"><span class='ocrx_word' id='word_1_598' title='bbox 132 4296 186 4367; x_wconf 81' lang='grc'>38),</span> <span class='ocrx_word' id='word_1_599' title='bbox 202 4295 278 4350; x_wconf 89' lang='lat' dir='ltr'>inter</span> <span class='ocrx_word' id='word_1_600' title='bbox 290 4297 421 4348; x_wconf 88' lang='lat' dir='ltr'>sanctum</span> <span class='ocrx_word' id='word_1_601' title='bbox 433 4296 463 4349; x_wconf 91' lang='lat' dir='ltr'>et</span> <span class='ocrx_word' id='word_1_602' title='bbox 471 4293 626 4365; x_wconf 77' lang='lat' dir='ltr'>profanum</span> <span class='ocrx_word' id='word_1_603' title='bbox 639 4309 697 4349; x_wconf 91' lang='lat' dir='ltr'>non</span> <span class='ocrx_word' id='word_1_604' title='bbox 708 4293 833 4349; x_wconf 87' lang='lat' dir='ltr'>habuere</span> <span class='ocrx_word' id='word_1_605' title='bbox 846 4292 951 4350; x_wconf 87' lang='lat' dir='ltr'>distan-</span> <span class='ocrx_word' id='word_1_606' title='bbox 1034 4296 1125 4369; x_wconf 88' lang='lat' dir='ltr'>lgitur</span> <span class='ocrx_word' id='word_1_607' title='bbox 1144 4295 1179 4352; x_wconf 91' lang='lat' dir='ltr'>de</span> <span class='ocrx_word' id='word_1_608' title='bbox 1200 4295 1411 4368; x_wconf 87' lang='lat' dir='ltr'>chorepiscopis</span> <span class='ocrx_word' id='word_1_609' title='bbox 1423 4294 1459 4350; x_wconf 89' lang='lat' dir='ltr'>de</span> <span class='ocrx_word' id='word_1_610' title='bbox 1471 4293 1574 4366; x_wconf 90' lang='lat' dir='ltr'>quibus</span> <span class='ocrx_word' id='word_1_611' title='bbox 1598 4311 1656 4350; x_wconf 89' lang='lat' dir='ltr'>non</span> <span class='ocrx_word' id='word_1_612' title='bbox 1676 4293 1817 4350; x_wconf 73' lang='lat' dir='ltr'>consulere</span> 
     </span>
     <span class='ocr_line' id='line_1_45' title="bbox 130 4384 1816 4463; baseline -0.001 -19"><span class='ocrx_word' id='word_1_613' title='bbox 130 4390 212 4460; x_wconf 87' lang='lat' dir='ltr'>tiam,</span> <span class='ocrx_word' id='word_1_614' title='bbox 223 4387 299 4443; x_wconf 91' lang='lat' dir='ltr'>inter</span> <span class='ocrx_word' id='word_1_615' title='bbox 312 4388 453 4459; x_wconf 88' lang='lat' dir='ltr'>pollutum</span> <span class='ocrx_word' id='word_1_616' title='bbox 465 4390 494 4442; x_wconf 95' lang='lat' dir='ltr'>et</span> <span class='ocrx_word' id='word_1_617' title='bbox 507 4386 649 4442; x_wconf 89' lang='lat' dir='ltr'>mundum</span> <span class='ocrx_word' id='word_1_618' title='bbox 664 4403 722 4443; x_wconf 90' lang='lat' dir='ltr'>non</span> <span class='ocrx_word' id='word_1_619' title='bbox 735 4387 948 4457; x_wconf 81' lang='lat' dir='ltr'>intellexerunt3</span> <span class='ocrx_word' id='word_1_620' title='bbox 1000 4391 1085 4463; x_wconf 90' lang='lat' dir='ltr'>quale</span> <span class='ocrx_word' id='word_1_621' title='bbox 1097 4391 1134 4446; x_wconf 88' lang='lat' dir='ltr'>sit</span> <span class='ocrx_word' id='word_1_622' title='bbox 1149 4407 1251 4447; x_wconf 88' lang='lat' dir='ltr'>eorum</span> <span class='ocrx_word' id='word_1_623' title='bbox 1262 4389 1467 4457; x_wconf 87' lang='lat' dir='ltr'>ministerium,</span> <span class='ocrx_word' id='word_1_624' title='bbox 1482 4393 1533 4444; x_wconf 87' lang='lat' dir='ltr'>aut</span> <span class='ocrx_word' id='word_1_625' title='bbox 1548 4387 1618 4460; x_wconf 90' lang='lat' dir='ltr'>quid</span> <span class='ocrx_word' id='word_1_626' title='bbox 1632 4387 1675 4443; x_wconf 86' lang='lat' dir='ltr'>ais</span> <span class='ocrx_word' id='word_1_627' title='bbox 1688 4403 1774 4461; x_wconf 80' lang='lat' dir='ltr'>agere</span> <span class='ocrx_word' id='word_1_628' title='bbox 1785 4384 1816 4442; x_wconf 90' lang='lat' dir='ltr'>li·</span> 
     </span>
     <span class='ocr_line' id='line_1_46' title="bbox 130 4481 1817 4562; baseline -0.001 -23"><span class='ocrx_word' id='word_1_629' title='bbox 130 4483 179 4539; x_wconf 88' lang='lat' dir='ltr'>scd</span> <span class='ocrx_word' id='word_1_630' title='bbox 191 4498 364 4555; x_wconf 86' lang='lat' dir='ltr'>consurgere</span> <span class='ocrx_word' id='word_1_631' title='bbox 379 4497 445 4537; x_wconf 89' lang='lat' dir='ltr'>cum</span> <span class='ocrx_word' id='word_1_632' title='bbox 461 4482 526 4547; x_wconf 83' lang='lat' dir='ltr'>lieo,</span> <span class='ocrx_word' id='word_1_633' title='bbox 540 4483 569 4535; x_wconf 90' lang='lat' dir='ltr'>et</span> <span class='ocrx_word' id='word_1_634' title='bbox 587 4481 740 4537; x_wconf 89' lang='lat' dir='ltr'>consistere</span> <span class='ocrx_word' id='word_1_635' title='bbox 760 4486 891 4554; x_wconf 88' lang='lat' dir='ltr'>prompte</span> <span class='ocrx_word' id='word_1_636' title='bbox 904 4482 949 4538; x_wconf 88' lang='lat' dir='ltr'>in·</span> <span class='ocrx_word' id='word_1_637' title='bbox 960 4487 990 4562; x_wconf 80' lang='lat'>1)</span> <span class='ocrx_word' id='word_1_638' title='bbox 1001 4489 1074 4554; x_wconf 89' lang='lat' dir='ltr'>ceat,</span> <span class='ocrx_word' id='word_1_639' title='bbox 1084 4488 1134 4540; x_wconf 85' lang='lat' dir='ltr'>aut</span> <span class='ocrx_word' id='word_1_640' title='bbox 1146 4501 1232 4557; x_wconf 87' lang='lat' dir='ltr'>qnam</span> <span class='ocrx_word' id='word_1_641' title='bbox 1242 4482 1439 4540; x_wconf 87' lang='lat' dir='ltr'>auctoritatem</span> <span class='ocrx_word' id='word_1_642' title='bbox 1452 4481 1584 4553; x_wconf 87' lang='lat' dir='ltr'>habeant,</span> <span class='ocrx_word' id='word_1_643' title='bbox 1599 4482 1642 4537; x_wconf 82' lang='lat' dir='ltr'>vel</span> <span class='ocrx_word' id='word_1_644' title='bbox 1656 4481 1682 4538; x_wconf 90' lang='lat' dir='ltr'>si</span> <span class='ocrx_word' id='word_1_645' title='bbox 1694 4482 1761 4538; x_wconf 88' lang='lat' dir='ltr'>licet</span> <span class='ocrx_word' id='word_1_646' title='bbox 1772 4494 1817 4537; x_wconf 85' lang='lat' dir='ltr'>eos</span> 
     </span>
     <span class='ocr_line' id='line_1_47' title="bbox 130 4573 1816 4648; baseline -0.002 -14"><span class='ocrx_word' id='word_1_647' title='bbox 130 4578 252 4634; x_wconf 90' lang='lat' dir='ltr'>duentes</span> <span class='ocrx_word' id='word_1_648' title='bbox 266 4593 347 4632; x_wconf 88' lang='lat' dir='ltr'>arma</span> <span class='ocrx_word' id='word_1_649' title='bbox 361 4575 477 4647; x_wconf 89' lang='lat' dir='ltr'>spiritus</span> <span class='ocrx_word' id='word_1_650' title='bbox 489 4573 623 4630; x_wconf 85' lang='lat' dir='ltr'>adversus</span> <span class='ocrx_word' id='word_1_651' title='bbox 644 4576 833 4648; x_wconf 89' lang='lat' dir='ltr'>malignantes</span> <span class='ocrx_word' id='word_1_652' title='bbox 851 4581 950 4633; x_wconf 86' lang='lat' dir='ltr'>contra</span> <span class='ocrx_word' id='word_1_653' title='bbox 999 4579 1062 4634; x_wconf 86' lang='lat' dir='ltr'>llari</span> <span class='ocrx_word' id='word_1_654' title='bbox 1073 4594 1110 4634; x_wconf 87' lang='lat' dir='ltr'>en</span> <span class='ocrx_word' id='word_1_655' title='bbox 1120 4594 1188 4648; x_wconf 84' lang='lat' dir='ltr'>non,</span> <span class='ocrx_word' id='word_1_656' title='bbox 1215 4578 1282 4648; x_wconf 89' lang='lat' dir='ltr'>quia</span> <span class='ocrx_word' id='word_1_657' title='bbox 1296 4574 1455 4633; x_wconf 79' lang='lat' dir='ltr'>audivimus</span> <span class='ocrx_word' id='word_1_658' title='bbox 1470 4591 1519 4632; x_wconf 89' lang='lat' dir='ltr'>eos</span> <span class='ocrx_word' id='word_1_659' title='bbox 1530 4575 1592 4647; x_wconf 87' lang='lat' dir='ltr'>jam</span> <span class='ocrx_word' id='word_1_660' title='bbox 1610 4591 1672 4632; x_wconf 85' lang='lat' dir='ltr'>esse</span> <span class='ocrx_word' id='word_1_661' title='bbox 1692 4574 1816 4648; x_wconf 86' lang='lat' dir='ltr'>prohibi·</span> 
     </span>
     <span class='ocr_line' id='line_1_48' title="bbox 129 4668 1818 4743; baseline -0.002 -15"><span class='ocrx_word' id='word_1_662' title='bbox 129 4671 218 4728; x_wconf 85' lang='lat' dir='ltr'>fldem</span> <span class='ocrx_word' id='word_1_663' title='bbox 236 4670 306 4743; x_wconf 69' lang='lat' dir='ltr'>eius,</span> <span class='ocrx_word' id='word_1_664' title='bbox 323 4673 356 4726; x_wconf 95' lang='lat' dir='ltr'>ut</span> <span class='ocrx_word' id='word_1_665' title='bbox 374 4670 530 4742; x_wconf 88' lang='lat' dir='ltr'>probemus</span> <span class='ocrx_word' id='word_1_666' title='bbox 549 4669 664 4742; x_wconf 89' lang='lat' dir='ltr'>spiritus</span> <span class='ocrx_word' id='word_1_667' title='bbox 683 4670 836 4743; x_wconf 88' lang='lat' dir='ltr'>sapienter,</span> <span class='ocrx_word' id='word_1_668' title='bbox 855 4670 885 4726; x_wconf 90' lang='lat' dir='ltr'>id</span> <span class='ocrx_word' id='word_1_669' title='bbox 907 4675 950 4727; x_wconf 87' lang='lat' dir='ltr'>est</span> <span class='ocrx_word' id='word_1_670' title='bbox 999 4675 1053 4741; x_wconf 91' lang='lat' dir='ltr'>tos,</span> <span class='ocrx_word' id='word_1_671' title='bbox 1071 4676 1120 4725; x_wconf 89' lang='lat' dir='ltr'>aut</span> <span class='ocrx_word' id='word_1_672' title='bbox 1140 4669 1208 4743; x_wconf 91' lang='lat' dir='ltr'>quid</span> <span class='ocrx_word' id='word_1_673' title='bbox 1224 4669 1261 4726; x_wconf 91' lang='lat' dir='ltr'>da</span> <span class='ocrx_word' id='word_1_674' title='bbox 1282 4671 1333 4742; x_wconf 89' lang='lat' dir='ltr'>cis,</span> <span class='ocrx_word' id='word_1_675' title='bbox 1350 4670 1400 4743; x_wconf 93' lang='lat' dir='ltr'>qui</span> <span class='ocrx_word' id='word_1_676' title='bbox 1415 4671 1475 4741; x_wconf 89' lang='lat' dir='ltr'>jam</span> <span class='ocrx_word' id='word_1_677' title='bbox 1497 4668 1619 4726; x_wconf 88' lang='lat' dir='ltr'>ordinati</span> <span class='ocrx_word' id='word_1_678' title='bbox 1641 4670 1818 4742; x_wconf 89' lang='lat' dir='ltr'>reperientur</span> 
     </span>
     <span class='ocr_line' id='line_1_49' title="bbox 129 4763 1818 4838; baseline -0.001 -18"><span class='ocrx_word' id='word_1_679' title='bbox 129 4766 216 4822; x_wconf 85' lang='lat' dir='ltr'>verbe</span> <span class='ocrx_word' id='word_1_680' title='bbox 229 4764 353 4831; x_wconf 86' lang='lat' dir='ltr'>illorum,</span> <span class='ocrx_word' id='word_1_681' title='bbox 365 4763 389 4818; x_wconf 90' lang='grc' dir='ltr'>ιι</span> <span class='ocrx_word' id='word_1_682' title='bbox 403 4780 437 4820; x_wconf 85' lang='lat' dir='ltr'>ex</span> <span class='ocrx_word' id='word_1_683' title='bbox 448 4764 505 4819; x_wconf 78' lang='lat' dir='ltr'>lieo</span> <span class='ocrx_word' id='word_1_684' title='bbox 520 4765 597 4819; x_wconf 89' lang='lat' dir='ltr'>sunt.</span> <span class='ocrx_word' id='word_1_685' title='bbox 613 4763 755 4836; x_wconf 87' lang='lat' dir='ltr'>Scriptum</span> <span class='ocrx_word' id='word_1_686' title='bbox 769 4769 812 4820; x_wconf 90' lang='lat' dir='ltr'>est</span> <span class='ocrx_word' id='word_1_687' title='bbox 825 4765 902 4821; x_wconf 89' lang='lat' dir='ltr'>enim</span> <span class='ocrx_word' id='word_1_688' title='bbox 918 4765 947 4819; x_wconf 89' lang='lat' dir='ltr'>in</span> <span class='ocrx_word' id='word_1_689' title='bbox 998 4765 1144 4838; x_wconf 89' lang='lat' dir='ltr'>agendum</span> <span class='ocrx_word' id='word_1_690' title='bbox 1167 4764 1212 4826; x_wconf 87' lang='lat' dir='ltr'>sit,</span> <span class='ocrx_word' id='word_1_691' title='bbox 1235 4765 1275 4820; x_wconf 94' lang='lat' dir='ltr'>nil</span> <span class='ocrx_word' id='word_1_692' title='bbox 1299 4764 1379 4821; x_wconf 79' lang='lat' dir='ltr'>vobis</span> <span class='ocrx_word' id='word_1_693' title='bbox 1392 4764 1495 4820; x_wconf 90' lang='lat' dir='ltr'>certius</span> <span class='ocrx_word' id='word_1_694' title='bbox 1516 4764 1689 4835; x_wconf 88' lang='lat' dir='ltr'>respondere</span> <span class='ocrx_word' id='word_1_695' title='bbox 1711 4763 1818 4819; x_wconf 81' lang='lat' dir='ltr'>videtur</span> 
     </span>
     <span class='ocr_line' id='line_1_50' title="bbox 127 4855 1816 4933; baseline -0.001 -18"><span class='ocrx_word' id='word_1_696' title='bbox 127 4859 268 4928; x_wconf 77' lang='lat' dir='ltr'>ieremia3</span> <span class='ocrx_word' id='word_1_697' title='bbox 288 4879 302 4907; x_wconf 90' lang='lat'>«</span> <span class='ocrx_word' id='word_1_698' title='bbox 322 4858 508 4913; x_wconf 77' lang='lat' dir='ltr'>l’robatorcm</span> <span class='ocrx_word' id='word_1_699' title='bbox 521 4857 588 4913; x_wconf 91' lang='lat' dir='ltr'>dedi</span> <span class='ocrx_word' id='word_1_700' title='bbox 601 4859 629 4913; x_wconf 93' lang='lat' dir='ltr'>te</span> <span class='ocrx_word' id='word_1_701' title='bbox 643 4857 673 4913; x_wconf 92' lang='lat' dir='ltr'>in</span> <span class='ocrx_word' id='word_1_702' title='bbox 694 4860 802 4931; x_wconf 90' lang='lat' dir='ltr'>populo</span> <span class='ocrx_word' id='word_1_703' title='bbox 823 4875 886 4915; x_wconf 87' lang='lat' dir='ltr'>meo</span> <span class='ocrx_word' id='word_1_704' title='bbox 902 4876 946 4915; x_wconf 90' lang='lat' dir='ltr'>ro-</span> <span class='ocrx_word' id='word_1_705' title='bbox 998 4876 1086 4933; x_wconf 91' lang='lat' dir='ltr'>quam</span> <span class='ocrx_word' id='word_1_706' title='bbox 1103 4859 1170 4915; x_wconf 91' lang='lat' dir='ltr'>olim</span> <span class='ocrx_word' id='word_1_707' title='bbox 1184 4875 1201 4914; x_wconf 89' lang='lat' dir='ltr'>a</span> <span class='ocrx_word' id='word_1_708' title='bbox 1213 4857 1472 4932; x_wconf 73' lang='lat' dir='ltr'>predecessoribus</span> <span class='ocrx_word' id='word_1_709' title='bbox 1491 4855 1594 4913; x_wconf 88' lang='lat' dir='ltr'>nostris</span> <span class='ocrx_word' id='word_1_710' title='bbox 1615 4858 1763 4914; x_wconf 88' lang='lat' dir='ltr'>decretum</span> <span class='ocrx_word' id='word_1_711' title='bbox 1775 4873 1816 4913; x_wconf 76' lang='lat' dir='ltr'>ie·</span> 
     </span>
     <span class='ocr_line' id='line_1_51' title="bbox 127 4949 1817 5026; baseline -0.002 -16"><span class='ocrx_word' id='word_1_712' title='bbox 127 4951 945 5025; x_wconf 75' lang='lat' dir='ltr'>bustum,etscicsetprohabisviameorumlter.v1,27).»</span> <span class='ocrx_word' id='word_1_713' title='bbox 997 4953 1134 5026; x_wconf 88' lang='lat' dir='ltr'>perimus,</span> <span class='ocrx_word' id='word_1_714' title='bbox 1159 4959 1192 5009; x_wconf 90' lang='lat' dir='ltr'>ut</span> <span class='ocrx_word' id='word_1_715' title='bbox 1211 4953 1252 5009; x_wconf 91' lang='lat' dir='ltr'>eis</span> <span class='ocrx_word' id='word_1_716' title='bbox 1271 4954 1306 5008; x_wconf 89' lang='lat' dir='ltr'>ad</span> <span class='ocrx_word' id='word_1_717' title='bbox 1325 4952 1438 5007; x_wconf 85' lang='lat' dir='ltr'>veniam</span> <span class='ocrx_word' id='word_1_718' title='bbox 1462 4951 1535 5008; x_wconf 93' lang='lat' dir='ltr'>nihil</span> <span class='ocrx_word' id='word_1_719' title='bbox 1548 4967 1667 5024; x_wconf 87' lang='lat' dir='ltr'>prorsus</span> <span class='ocrx_word' id='word_1_720' title='bbox 1689 4951 1726 5007; x_wconf 92' lang='lat' dir='ltr'>ad</span> <span class='ocrx_word' id='word_1_721' title='bbox 1744 4949 1817 5007; x_wconf 88' lang='lat' dir='ltr'>aliud</span> 
     </span>
     <span class='ocr_line' id='line_1_52' title="bbox 119 5044 1816 5122; baseline -0.001 -19"><span class='ocrx_word' id='word_1_722' title='bbox 119 5049 246 5110; x_wconf 77' lang='grc' dir='ltr'>,ιιιιιιιιιιιι</span> <span class='ocrx_word' id='word_1_723' title='bbox 268 5061 392 5117; x_wconf 89' lang='lat' dir='ltr'>namque</span> <span class='ocrx_word' id='word_1_724' title='bbox 407 5044 489 5101; x_wconf 90' lang='lat' dir='ltr'>nobis</span> <span class='ocrx_word' id='word_1_725' title='bbox 511 5046 671 5102; x_wconf 90' lang='lat' dir='ltr'>necessaria</span> <span class='ocrx_word' id='word_1_726' title='bbox 685 5051 727 5102; x_wconf 86' lang='lat' dir='ltr'>est</span> <span class='ocrx_word' id='word_1_727' title='bbox 748 5046 904 5119; x_wconf 83' lang='lat' dir='ltr'>vigilantia,</span> <span class='ocrx_word' id='word_1_728' title='bbox 919 5052 948 5104; x_wconf 87' lang='lat' dir='ltr'>et</span> <span class='ocrx_word' id='word_1_729' title='bbox 996 5053 1159 5107; x_wconf 86' lang='lat' dir='ltr'>reservetur</span> <span class='ocrx_word' id='word_1_730' title='bbox 1173 5066 1258 5122; x_wconf 89' lang='lat' dir='ltr'>quam</span> <span class='ocrx_word' id='word_1_731' title='bbox 1283 5047 1401 5122; x_wconf 80' lang='lat' dir='ltr'>privatio</span> <span class='ocrx_word' id='word_1_732' title='bbox 1415 5049 1488 5104; x_wconf 88' lang='lat' dir='ltr'>sacri</span> <span class='ocrx_word' id='word_1_733' title='bbox 1509 5047 1661 5103; x_wconf 90' lang='lat' dir='ltr'>ministerii</span> <span class='ocrx_word' id='word_1_734' title='bbox 1684 5048 1765 5121; x_wconf 89' lang='lat' dir='ltr'>quod</span> <span class='ocrx_word' id='word_1_735' title='bbox 1785 5046 1816 5102; x_wconf 89' lang='lat' dir='ltr'>il·</span> 
     </span>
     <span class='ocr_line' id='line_1_53' title="bbox 127 5137 1816 5216; baseline 0 -19"><span class='ocrx_word' id='word_1_736' title='bbox 127 5146 239 5197; x_wconf 82' lang='lat' dir='ltr'>tentum</span> <span class='ocrx_word' id='word_1_737' title='bbox 259 5139 386 5195; x_wconf 87' lang='lat' dir='ltr'>divinum</span> <span class='ocrx_word' id='word_1_738' title='bbox 400 5137 547 5211; x_wconf 84' lang='lat' dir='ltr'>sapientiae</span> <span class='ocrx_word' id='word_1_739' title='bbox 565 5138 746 5197; x_wconf 86' lang='lat' dir='ltr'>discretionis</span> <span class='ocrx_word' id='word_1_740' title='bbox 759 5156 824 5211; x_wconf 81' lang='lat' dir='ltr'>quae</span> <span class='ocrx_word' id='word_1_741' title='bbox 837 5142 948 5197; x_wconf 86' lang='lat' dir='ltr'>occulta</span> <span class='ocrx_word' id='word_1_742' title='bbox 996 5144 1072 5200; x_wconf 92' lang='lat' dir='ltr'>licite</span> <span class='ocrx_word' id='word_1_743' title='bbox 1087 5147 1313 5216; x_wconf 87' lang='lat' dir='ltr'>assumpserunt,</span> <span class='ocrx_word' id='word_1_744' title='bbox 1329 5143 1397 5215; x_wconf 90' lang='lat' dir='ltr'>quia</span> <span class='ocrx_word' id='word_1_745' title='bbox 1416 5140 1554 5215; x_wconf 89' lang='lat' dir='ltr'>prohibiti</span> <span class='ocrx_word' id='word_1_746' title='bbox 1573 5144 1633 5197; x_wconf 88' lang='lat' dir='ltr'>tam</span> <span class='ocrx_word' id='word_1_747' title='bbox 1649 5141 1687 5197; x_wconf 82' lang='lat' dir='ltr'>als</span> <span class='ocrx_word' id='word_1_748' title='bbox 1708 5142 1762 5197; x_wconf 92' lang='lat' dir='ltr'>hac</span> <span class='ocrx_word' id='word_1_749' title='bbox 1774 5157 1816 5197; x_wconf 83' lang='lat' dir='ltr'>sa·</span> 
     </span>
     <span class='ocr_line' id='line_1_54' title="bbox 126 5233 1817 5310; baseline 0 -19"><span class='ocrx_word' id='word_1_750' title='bbox 126 5233 947 5306; x_wconf 86' lang='lat' dir='ltr'>tenebrarumrevelatadrequisitionemhujusmodirei,et</span> <span class='ocrx_word' id='word_1_751' title='bbox 996 5254 1043 5293; x_wconf 87' lang='lat' dir='ltr'>cra</span> <span class='ocrx_word' id='word_1_752' title='bbox 1067 5238 1134 5294; x_wconf 91' lang='lat' dir='ltr'>sede</span> <span class='ocrx_word' id='word_1_753' title='bbox 1160 5253 1286 5310; x_wconf 86' lang='lat' dir='ltr'>quame</span> <span class='ocrx_word' id='word_1_754' title='bbox 1317 5237 1402 5292; x_wconf 90' lang='lat' dir='ltr'>totius</span> <span class='ocrx_word' id='word_1_755' title='bbox 1426 5236 1502 5292; x_wconf 89' lang='lat' dir='ltr'>orbis</span> <span class='ocrx_word' id='word_1_756' title='bbox 1526 5236 1643 5292; x_wconf 80' lang='lat' dir='ltr'>fuerant</span> <span class='ocrx_word' id='word_1_757' title='bbox 1670 5234 1817 5308; x_wconf 78' lang='lat' dir='ltr'>episcop&#39;u.</span> 
     </span>
     <span class='ocr_line' id='line_1_55' title="bbox 127 5326 1819 5402; baseline -0.001 -16"><span class='ocrx_word' id='word_1_758' title='bbox 127 5329 337 5396; x_wconf 86' lang='lat' dir='ltr'>scrutationem,</span> <span class='ocrx_word' id='word_1_759' title='bbox 351 5326 947 5400; x_wconf 85' lang='lat' dir='ltr'>quoniamlatetquodammcdoetahscon·</span> <span class='ocrx_word' id='word_1_760' title='bbox 995 5329 1085 5386; x_wconf 90' lang='lat' dir='ltr'>Nimis</span> <span class='ocrx_word' id='word_1_761' title='bbox 1105 5346 1174 5402; x_wconf 84' lang='lat' dir='ltr'>ergo</span> <span class='ocrx_word' id='word_1_762' title='bbox 1196 5347 1297 5386; x_wconf 88' lang='lat' dir='ltr'>eorum</span> <span class='ocrx_word' id='word_1_763' title='bbox 1324 5329 1463 5385; x_wconf 89' lang='lat' dir='ltr'>institutio</span> <span class='ocrx_word' id='word_1_764' title='bbox 1489 5329 1632 5401; x_wconf 88' lang='lat' dir='ltr'>improba,</span> <span class='ocrx_word' id='word_1_765' title='bbox 1665 5329 1754 5385; x_wconf 88' lang='lat' dir='ltr'>nimis</span> <span class='ocrx_word' id='word_1_766' title='bbox 1778 5332 1819 5384; x_wconf 85' lang='lat' dir='ltr'>est</span> 
     </span>
     <span class='ocr_line' id='line_1_56' title="bbox 126 5420 1819 5498; baseline -0.001 -18"><span class='ocrx_word' id='word_1_767' title='bbox 126 5423 311 5496; x_wconf 77' lang='lat' dir='ltr'>ditnriixque</span> <span class='ocrx_word' id='word_1_768' title='bbox 319 5421 571 5494; x_wconf 89' lang='lat' dir='ltr'>comprehenditur</span> <span class='ocrx_word' id='word_1_769' title='bbox 580 5420 678 5477; x_wconf 90' lang='lat' dir='ltr'>dolosa</span> <span class='ocrx_word' id='word_1_770' title='bbox 691 5421 815 5477; x_wconf 85' lang='lat' dir='ltr'>existens</span> <span class='ocrx_word' id='word_1_771' title='bbox 824 5421 944 5492; x_wconf 88' lang='lat' dir='ltr'>malitia,</span> <span class='ocrx_word' id='word_1_772' title='bbox 995 5441 1093 5497; x_wconf 88' lang='lat' dir='ltr'>prava,</span> <span class='ocrx_word' id='word_1_773' title='bbox 1112 5425 1178 5498; x_wconf 85' lang='lat' dir='ltr'>quin</span> <span class='ocrx_word' id='word_1_774' title='bbox 1195 5430 1228 5481; x_wconf 90' lang='lat' dir='ltr'>ut</span> <span class='ocrx_word' id='word_1_775' title='bbox 1247 5424 1276 5480; x_wconf 94' lang='lat' dir='ltr'>hi</span> <span class='ocrx_word' id='word_1_776' title='bbox 1298 5425 1334 5481; x_wconf 89' lang='lat' dir='ltr'>de</span> <span class='ocrx_word' id='word_1_777' title='bbox 1358 5439 1471 5479; x_wconf 88' lang='lat' dir='ltr'>summo</span> <span class='ocrx_word' id='word_1_778' title='bbox 1491 5423 1641 5479; x_wconf 88' lang='lat' dir='ltr'>sacerdotii</span> <span class='ocrx_word' id='word_1_779' title='bbox 1660 5421 1819 5480; x_wconf 82' lang='lat' dir='ltr'>ministerio</span> 
     </span>
     <span class='ocr_line' id='line_1_57' title="bbox 124 5514 1818 5591; baseline -0.001 -18"><span class='ocrx_word' id='word_1_780' title='bbox 124 5535 216 5591; x_wconf 85' lang='lat' dir='ltr'>proco</span> <span class='ocrx_word' id='word_1_781' title='bbox 230 5515 367 5589; x_wconf 90' lang='lat' dir='ltr'>quodsihi</span> <span class='ocrx_word' id='word_1_782' title='bbox 372 5516 506 5588; x_wconf 89' lang='lat' dir='ltr'>pietatem</span> <span class='ocrx_word' id='word_1_783' title='bbox 519 5514 619 5569; x_wconf 86' lang='lat' dir='ltr'>callide</span> <span class='ocrx_word' id='word_1_784' title='bbox 630 5514 808 5585; x_wconf 88' lang='lat' dir='ltr'>blandiatur,</span> <span class='ocrx_word' id='word_1_785' title='bbox 816 5516 946 5572; x_wconf 85' lang='lat' dir='ltr'>utraleat</span> <span class='ocrx_word' id='word_1_786' title='bbox 994 5518 1100 5591; x_wconf 88' lang='lat' dir='ltr'>aliquid</span> <span class='ocrx_word' id='word_1_787' title='bbox 1114 5523 1292 5591; x_wconf 83' lang='lat' dir='ltr'>praesumant</span> <span class='ocrx_word' id='word_1_788' title='bbox 1303 5518 1381 5575; x_wconf 92' lang='lat' dir='ltr'>omni</span> <span class='ocrx_word' id='word_1_789' title='bbox 1395 5517 1563 5574; x_wconf 89' lang='lat' dir='ltr'>auctoritate</span> <span class='ocrx_word' id='word_1_790' title='bbox 1582 5522 1672 5585; x_wconf 85' lang='lat' dir='ltr'>caret,</span> <span class='ocrx_word' id='word_1_791' title='bbox 1692 5523 1722 5574; x_wconf 87' lang='grc' dir='ltr'>ιι</span> <span class='ocrx_word' id='word_1_792' title='bbox 1734 5516 1818 5574; x_wconf 85' lang='lat' dir='ltr'>sacris</span> 
     </span>
     <span class='ocr_line' id='line_1_58' title="bbox 123 5608 1819 5684; baseline -0.001 -17"><span class='ocrx_word' id='word_1_793' title='bbox 123 5611 312 5667; x_wconf 87' lang='lat' dir='ltr'>scrutantium</span> <span class='ocrx_word' id='word_1_794' title='bbox 326 5613 454 5665; x_wconf 86' lang='lat' dir='ltr'>mentem</span> <span class='ocrx_word' id='word_1_795' title='bbox 464 5609 565 5678; x_wconf 88' lang='lat' dir='ltr'>latere,</span> <span class='ocrx_word' id='word_1_796' title='bbox 576 5608 761 5681; x_wconf 91' lang='lat' dir='ltr'>quodutique</span> <span class='ocrx_word' id='word_1_797' title='bbox 774 5610 866 5665; x_wconf 90' lang='lat' dir='ltr'>sciens</span> <span class='ocrx_word' id='word_1_798' title='bbox 881 5610 945 5666; x_wconf 88' lang='lat' dir='ltr'>bea·</span> <span class='ocrx_word' id='word_1_799' title='bbox 994 5613 1154 5668; x_wconf 87' lang='lat' dir='ltr'>canonibus</span> <span class='ocrx_word' id='word_1_800' title='bbox 1174 5613 1321 5669; x_wconf 74' lang='lat' dir='ltr'>inuenitur</span> <span class='ocrx_word' id='word_1_801' title='bbox 1332 5627 1393 5668; x_wconf 90' lang='lat' dir='ltr'>esse</span> <span class='ocrx_word' id='word_1_802' title='bbox 1415 5611 1602 5680; x_wconf 88' lang='lat' dir='ltr'>contrarium,</span> <span class='ocrx_word' id='word_1_803' title='bbox 1616 5615 1705 5684; x_wconf 86' lang='lat' dir='ltr'>atque</span> <span class='ocrx_word' id='word_1_804' title='bbox 1729 5612 1766 5667; x_wconf 85' lang='lat' dir='ltr'>ad</span> <span class='ocrx_word' id='word_1_805' title='bbox 1780 5615 1819 5666; x_wconf 87' lang='lat' dir='ltr'>to·</span> 
     </span>
     <span class='ocr_line' id='line_1_59' title="bbox 122 5700 1819 5781; baseline 0.001 -21"><span class='ocrx_word' id='word_1_806' title='bbox 122 5708 169 5760; x_wconf 85' lang='lat' dir='ltr'>tus</span> <span class='ocrx_word' id='word_1_807' title='bbox 182 5703 331 5776; x_wconf 74' lang='lat' dir='ltr'>Apostolus</span> <span class='ocrx_word' id='word_1_808' title='bbox 345 5703 399 5758; x_wconf 89' lang='lat' dir='ltr'>ait:</span> <span class='ocrx_word' id='word_1_809' title='bbox 417 5720 431 5754; x_wconf 85' lang='grc' dir='ltr'>ι</span> <span class='ocrx_word' id='word_1_810' title='bbox 447 5702 517 5758; x_wconf 89' lang='lat' dir='ltr'>Nam</span> <span class='ocrx_word' id='word_1_811' title='bbox 534 5700 700 5774; x_wconf 86' lang='lat' dir='ltr'>hujusmodi</span> <span class='ocrx_word' id='word_1_812' title='bbox 715 5703 944 5776; x_wconf 88' lang='lat' dir='ltr'>pseudoapostoli</span> <span class='ocrx_word' id='word_1_813' title='bbox 993 5706 1051 5762; x_wconf 89' lang='lat' dir='ltr'>tius</span> <span class='ocrx_word' id='word_1_814' title='bbox 1066 5707 1196 5764; x_wconf 75' lang='lat' dir='ltr'>Ecclesia</span> <span class='ocrx_word' id='word_1_815' title='bbox 1220 5706 1466 5781; x_wconf 83' lang='lat' dir='ltr'>perturbationem</span> <span class='ocrx_word' id='word_1_816' title='bbox 1488 5703 1611 5778; x_wconf 87' lang='lat' dir='ltr'>superba</span> <span class='ocrx_word' id='word_1_817' title='bbox 1624 5706 1656 5761; x_wconf 89' lang='grc' dir='ltr'>ιι</span> <span class='ocrx_word' id='word_1_818' title='bbox 1675 5703 1819 5779; x_wconf 79' lang='lat' dir='ltr'>superflua</span> 
     </span>
     <span class='ocr_line' id='line_1_60' title="bbox 122 5795 1820 5877; baseline 0.004 -23"><span class='ocrx_word' id='word_1_819' title='bbox 122 5795 365 5877; x_wconf 83' lang='lat' dir='ltr'>operariieubdoli</span> <span class='ocrx_word' id='word_1_820' title='bbox 380 5797 624 5870; x_wconf 79' lang='lat' dir='ltr'>transfigurantes</span> <span class='ocrx_word' id='word_1_821' title='bbox 635 5796 665 5853; x_wconf 92' lang='lat' dir='ltr'>in</span> <span class='ocrx_word' id='word_1_822' title='bbox 677 5797 942 5870; x_wconf 81' lang='lat' dir='ltr'>apostoloschristi.</span> <span class='ocrx_word' id='word_1_823' title='bbox 992 5800 1087 5858; x_wconf 87' lang='lat' dir='ltr'>tendit</span> <span class='ocrx_word' id='word_1_824' title='bbox 1104 5801 1198 5871; x_wconf 87' lang='lat' dir='ltr'>elatio,</span> <span class='ocrx_word' id='word_1_825' title='bbox 1218 5806 1247 5859; x_wconf 91' lang='lat' dir='ltr'>et</span> <span class='ocrx_word' id='word_1_826' title='bbox 1267 5816 1387 5857; x_wconf 81' lang='lat' dir='ltr'>vacuum</span> <span class='ocrx_word' id='word_1_827' title='bbox 1407 5805 1449 5858; x_wconf 85' lang='lat' dir='ltr'>est</span> <span class='ocrx_word' id='word_1_828' title='bbox 1468 5805 1498 5857; x_wconf 90' lang='grc' dir='ltr'>ιι</span> <span class='ocrx_word' id='word_1_829' title='bbox 1515 5799 1601 5857; x_wconf 86' lang='lat' dir='ltr'>inane</span> <span class='ocrx_word' id='word_1_830' title='bbox 1622 5798 1767 5877; x_wconf 85' lang='lat' dir='ltr'>quidquid</span> <span class='ocrx_word' id='word_1_831' title='bbox 1787 5799 1820 5861; x_wconf 81' lang='lat' dir='ltr'>ia</span> 
     </span>
    </p>
   </div>
   <div class='ocr_carea' id='block_1_6' title="bbox 0 0 1940 6150">
    <p class='ocr_par' dir='ltr' id='par_1_8' title="bbox 0 0 1940 6150">
     <span class='ocr_line' id='line_1_61' title="bbox 0 0 1940 6150; baseline 0 0"><span class='ocrx_word' id='word_1_832' title='bbox 0 0 1940 6150; x_wconf 95' lang='lat' dir='ltr'> </span> 
     </span>
    </p>
   </div>
  </div>
 </body>
</html>
