3870 6150
155 256 207 321 did
466 306 470 314 ,
603 264 745 322 trenno.
766 257 810 321 ΑΙ)
828 264 908 323 SAEC.
929 264 973 321 lll.
989 294 1023 324 -,-
1042 264 1164 322 lsrnonl
1183 261 1394 323 MERCATORlS

151 372 244 428 dalem
258 369 319 429 fieri
334 384 468 427 censuere
489 374 672 440 conventum,
691 377 723 426 ut
745 372 803 427 illie
818 371 854 428 de
869 373 961 428 diver·
973 373 1074 457 Acipe
1088 373 1219 445 glorioso,
1236 373 1393 444 gratiarum
1416 373 1503 443 actio,
1530 379 1559 429 et
1581 374 1711 429 reserent

153 464 234 520 sitate
245 462 418 535 judiciorum
433 468 574 536 protensa
588 463 652 519 lites
664 464 788 521 habeant
808 466 965 523 terminum
1017 466 1119 521 nitudo
1135 465 1245 521 anobis
1259 466 1391 521 omnibus
1411 467 1441 522 in
1465 482 1616 527 commune
1632 465 1688 537 ipsi
1708 488 1711 513 1

152 557 326 612 ubisanetus
341 556 461 628 Spiritus
475 557 665 613 universalem
689 558 894 614 coadunaverit
911 577 965 615 cce·
1017 558 1125 614 tissime
1146 559 1278 630 principi,
1302 560 1446 615 bonorum
1469 557 1711 632 gratifico'largit

152 655 224 706 tum.
236 650 277 705 Ab
290 650 344 705 hoe
358 666 426 721 ergo
439 650 546 722 Spiritu
562 654 657 705 sancto
668 652 856 707 successiones
866 654 964 725 quaeli-
1016 654 1147 707 votorum
1160 651 1293 708 instantia
1305 653 1432 725 benigna
1446 654 1520 708 Deus
1532 652 1629 708 attulit
1652 666 1711 706 cerr

151 743 200 799 het
214 730 400 815 inposterum
415 747 465 799 aut
481 743 966 816 impunevaleantcommoreri,ut
1017 745 1096 816 crrjus
1129 745 1275 816 dispositio
1313 746 1441 817 piissima
1475 760 1678 817 pressurarum

152 837 320 909 generalitas
333 840 393 892 tuto
405 837 495 892 valeat
509 835 673 906 consistere,
688 837 772 907 plena
786 837 965 893 decernimus
1017 837 1118 907 exitia,
1154 839 1234 909 eujus
1268 838 1444 909 temporibus
1480 839 1592 894 confert
1621 836 1711 908 justiti

151 929 340 985 unanimitate
353 930 481 999 connexi,
494 934 524 985 nt
535 946 726 1002 quecumque
737 947 790 1001 pro
800 930 865 987 fidei
876 932 965 987 causis
1015 947 1096 997 rem,
1117 935 1145 986 et
1167 931 1304 986 exuberat
1329 932 1426 987 omnia
1451 932 1594 1003 opulenta,
1616 929 1662 985 eui
1685 929 1711 984 n

151 1023 400 1095 ecclesiasticisque
425 1023 545 1094 negotiis
567 1029 617 1078 aut
636 1023 666 1078 in
692 1023 846 1094 praeteritis
870 1025 964 1095 gestis,
1015 1027 1079 1096 post
1091 1024 1239 1094 praesentis
1255 1024 1307 1078 aeri
1320 1028 1453 1095 tempora
1467 1024 1632 1079 diuturnam
1647 1038 1711 1078 eum

151 1117 239 1172 autin
250 1115 436 1188 praesentibus
451 1116 620 1186 constitutis,
637 1119 687 1172 aut
711 1117 741 1171 in
762 1116 865 1172 futuris
879 1117 965 1173 etiam
1015 1117 1147 1172 omnibns
1171 1117 1276 1172 tribnat
1294 1117 1323 1171 in
1344 1117 1576 1172 remuneratione
1603 1131 1711 1172 corona

151 1209 282 1276 decretis,
296 1208 341 1263 vel
354 1211 420 1263 srrnt
439 1209 481 1264 rel
499 1209 607 1263 fuerint
621 1208 786 1265 definitione
799 1211 965 1282 conscripta
1014 1214 1109 1266 autem
1134 1227 1233 1265 omnes
1255 1210 1331 1265 hanc
1355 1210 1537 1265 decretorum
1559 1209 1663 1264 seriem
1687 1209 1711 1280 jc

151 1302 317 1359 universalis
343 1301 529 1371 auctoritatis,
552 1302 647 1357 nullus
671 1301 805 1374 deinceps
826 1303 965 1359 contradi·
1015 1308 1044 1360 et
1068 1310 1153 1359 rectae
1179 1303 1264 1371 fidei,
1289 1305 1332 1358 rel
1359 1303 1493 1374 pietatis,
1525 1319 1557 1357 ac
1578 1301 1702 1373 justitiae

151 1413 213 1452 cere
226 1396 338 1463 audeat,
362 1396 456 1450 nullus
479 1400 588 1450 uertere
612 1401 777 1466 praesumat,
798 1396 892 1451 nullus
906 1413 964 1452 non
1014 1401 1192 1465 manantem,
1208 1413 1306 1452 coram
1330 1398 1388 1451 [leo
1404 1401 1432 1451 et
1445 1395 1554 1467 angelis
1576 1395 1639 1466 ejus
1665 1397 1711 1450 orl

150 1490 268 1562 implere
281 1488 440 1544 contendat.
454 1490 525 1544 Nam
541 1489 565 1542 si
578 1489 641 1560 quis
654 1506 690 1544 ex
704 1488 842 1561 religione
866 1494 964 1545 contra
1014 1491 1147 1546 omnibus
1170 1493 1200 1544 et
1222 1506 1299 1545 nunc
1322 1495 1351 1545 et
1379 1489 1409 1544 in
1443 1489 1540 1544 futuro
1564 1487 1711 1560 impensio

150 1583 212 1639 haec
223 1582 400 1648 inobediens,
419 1585 467 1635 aut
489 1597 648 1650 susurrans,
662 1586 712 1637 aut
724 1586 799 1637 certe
814 1582 962 1650 lacerator,
1013 1583 1205 1652 mandamus,
1238 1582 1417 1638 obsecrantes
1442 1586 1474 1637 ut
1500 1581 1573 1636 hanc
1609 1586 1639 1636 et
1671 1595 1711 1636 ret

150 1680 200 1732 aut
213 1675 335 1743 invidus,
347 1691 380 1729 ac
395 1691 453 1730 non
467 1674 562 1745 potius
576 1675 744 1730 eorumdem
767 1675 858 1730 factor
879 1675 961 1731 exsti·
1014 1676 1209 1746 adimpleant,
1245 1681 1273 1730 et
1301 1675 1336 1730 ab
1364 1674 1474 1730 aemulis
1501 1673 1626 1746 benigne
1664 1672 1711 1729 del

150 1769 225 1835 terit,
240 1768 330 1840 gratia
354 1771 382 1823 et
404 1767 520 1822 honoris
540 1767 584 1822 sui
605 1772 635 1823 et
654 1768 863 1823 communionis
878 1748 1002 1824 sacraeB
1013 1768 1266 1826 contemnentibus
1276 1771 1373 1822 autem
1390 1784 1453 1822 earn
1466 1767 1569 1822 dirinae
1585 1765 1711 1821 sercrita

149 1863 249 1936 lugeat
261 1861 413 1916 amissione
425 1862 570 1916 multatus.
585 1861 656 1918 Cum
679 1877 746 1916 vero
767 1866 816 1918 aut
829 1861 963 1934 quaelibet
1013 1861 1142 1934 pavenda
1165 1862 1335 1933 proveniot;
1366 1860 1579 1916 observantibus
1612 1864 1711 1915 autem

149 1955 382 2027 sanctasynodus
396 1953 501 2025 agitur,
516 1959 565 2009 aut
587 1954 703 2026 pacifice
722 1954 799 2009 inter
816 1954 962 2027 pontifices
1012 1954 1157 2027 profluens
1175 1972 1230 2027 pax
1253 1958 1393 2027 perpetua
1405 1959 1434 2009 et
1448 1954 1539 2026 gloria
1561 1952 1711 2025 sempiterr

148 2048 297 2123 quidpiam
312 2047 456 2117 detlnitur,
471 2044 962 2119 sipauciorespernescieutiamrel
1011 2049 1113 2120 tingat.
1146 2049 1234 2119 Hujus
1262 2064 1377 2119 quoque
1409 2047 1557 2103 sententiae
1583 2045 1711 2101 fortitudi

148 2142 360 2200 contentionem
384 2140 458 2195 forte
482 2139 660 2208 dissentiant,
682 2144 732 2194 aut
757 2141 963 2196 commonitis
1011 2143 1108 2213 vigore
1130 2141 1238 2196 decreti
1263 2141 1351 2196 nostri
1374 2141 1477 2195 seriem
1500 2157 1586 2211 quam
1605 2139 1635 2193 in
1656 2153 1711 2193 sen

147 2235 339 2308 plurimorum
355 2237 428 2287 coetu
442 2248 507 2287 cum
521 2233 658 2288 dedecore
672 2233 844 2288 confusionis
862 2234 960 2289 absce—
1012 2235 1124 2291 Domini
1138 2235 1226 2289 nostri
1241 2233 1440 2290 Reccesiunthi
1451 2233 1528 2305 regis
1542 2232 1688 2287 edidimus
1701 2248 1711 2287 r

148 2329 227 2396 dant,
256 2331 305 2382 aut
336 2325 638 2381 excommunicationis
663 2341 767 2382 annum
795 2327 962 2383 sententiam
1011 2344 1063 2400 pro
1089 2328 1175 2383 rebus
1201 2344 1218 2382 a
1244 2328 1317 2382 divae
1344 2325 1491 2382 memoriae
1518 2332 1601 2398 patre
1623 2341 1676 2381 suo
1705 2342 1711 2378 ι

146 2421 237 2477 luant.
1010 2420 1092 2477 titulo
1129 2420 1275 2493 exquisitis
1310 2420 1492 2476 decernimus
1527 2418 1646 2475 omnino
1678 2434 1711 2474 co

181 2515 233 2571 llll.
249 2512 430 2569 Duodecimae
444 2511 852 2585 qnaestionispropositienem,
866 2530 959 2569 sacra·
1010 2514 1104 2588 legem
1124 2514 1245 2586 denique
1271 2530 1360 2585 quam
1387 2530 1439 2585 pro
1469 2511 1643 2567 exsecranda
1668 2511 1711 2584 pri

144 2607 245 2665 tissimi
260 2605 395 2679 principis
408 2605 643 2673 obsecrationem,
655 2606 780 2677 piissima
790 2622 842 2678 pro
851 2606 961 2663 tudaeo-
1009 2608 1154 2664 horrenda
1183 2607 1337 2679 eupiditate
1366 2606 1441 2661 idem
1469 2605 1710 2661 elementissimus

145 2717 211 2758 rum
227 2699 410 2755 abominabili
431 2715 464 2754 ac
486 2698 610 2753 nefanda
632 2699 751 2769 pertidia
777 2700 959 2768 exsecranda,
1009 2702 1140 2774 princeps
1180 2700 1265 2755 simili
1305 2700 1407 2755 robore
1448 2690 1625 2769 tlrmamus,
1667 2699 1711 2770 atq

146 2797 243 2850 nostro
257 2792 339 2849 coetui
353 2791 497 2863 perpatuit
508 2808 602 2858 cause,
616 2807 703 2862 quam
722 2792 827 2848 idcireo
851 2792 881 2846 in
902 2793 960 2847 fine
1010 2795 1112 2851 futuris
1143 2799 1218 2850 retro
1249 2793 1426 2865 temporibus
1453 2793 1546 2847 modis
1572 2791 1706 2847 omnibus

145 2886 354 2942 sententiarum
370 2882 533 2939 censuimus
554 2900 614 2939 esse
627 2885 807 2955 ponendam;
823 2885 959 2957 quoniam
1009 2893 1101 2959 retur,
1123 2889 1186 2960 pari
1214 2887 1354 2943 sententia
1378 2886 1570 2953 decrevimus,
1594 2900 1661 2956 quae
1684 2889 1711 2940 at

146 2979 276 3037 eamdem
291 2980 405 3050 gentem
421 2976 517 3031 delicti
530 2977 572 3031 sui
586 2977 688 3032 meritc
701 2977 894 3033 retroductam
909 2994 960 3050 per
1008 2981 1149 3037 taciturna
1170 2984 1333 3053 temporum
1356 2980 1399 3035 vel
1424 2979 1558 3034 obliviosa
1579 2981 1711 3034 vetustate

146 3069 249 3129 divinae
262 3070 414 3126 sanctionis
430 3070 542 3125 oracula
555 3069 647 3141 eapite
663 3071 796 3141 positam,
821 3071 960 3126 deflemus
1009 3077 1132 3145 rantur,
1174 3074 1239 3129 huic
1282 3079 1386 3130 nostrae
1423 3071 1618 3128 constitutioni
1652 3070 1711 3127 decr

144 3183 222 3223 nunc
249 3181 309 3219 esse
336 3164 366 3218 in
391 3164 494 3232 cauda,
523 3163 573 3218 sed
604 3163 670 3234 quia
695 3164 821 3220 Christus
847 3169 879 3220 ut
906 3115 1324 3240 precntraqueinnectcnda,
1340 3168 1377 3222 ita
1392 3172 1559 3222 cunctorum
1584 3165 1711 3222 memori

144 3259 244 3326 nobis,
278 3258 318 3312 ita
345 3272 460 3330 queque
493 3273 544 3328 pro
569 3256 625 3311 illis
646 3260 775 3313 mortuus
801 3263 853 3325 est,
879 3259 959 3329 juxta
1007 3255 1189 3324 mundamus,
1206 3263 1269 3313 uta
1291 3251 1399 3311 cunctis
1421 3256 1527 3328 regulis
1551 3254 1711 3327 superiust

144 3353 220 3427 quod
233 3352 293 3424 ipse
306 3351 367 3406 ait:
384 3351 472 3405 «Nou
485 3367 547 3405 sum
562 3349 663 3405 missus
684 3350 739 3405 nisi
762 3351 798 3407 ad
815 3367 881 3406 ores
894 3368 958 3422 quae
1007 3349 1042 3405 tis
1056 3366 1239 3422 nequaquam
1254 3354 1387 3405 maneant
1404 3353 1565 3422 segregata.
1585 3348 1695 3404 Caetera
1708 3370 1711 3397 ι

144 3447 287 3520 perierant
300 3445 401 3500 domus
415 3443 501 3499 lsrael
516 3445 622 3515 (Matre.
648 3460 694 3513 ar,
721 3445 776 3515 24),
798 3466 811 3494 »
833 3460 959 3501 necessa·
1006 3444 1186 3500 decretorum
1201 3448 1364 3499 nestrorum
1383 3443 1498 3514 judicia,
1513 3459 1578 3514 quae
1598 3441 1635 3496 ab
1658 3441 1710 3497 hac

143 3542 218 3597 rium
232 3538 369 3594 duximus
380 3553 521 3592 summam
536 3553 588 3608 pro
601 3536 641 3592 eis
659 3537 827 3608 impendere
849 3554 956 3606 curam,
1006 3537 1113 3610 synodo
1138 3541 1295 3592 noscuntur
1320 3553 1379 3592 esse
1407 3538 1546 3605 conlecta,
1573 3536 1596 3590 si
1619 3534 1684 3607 quis
1709 3563 1711 3580 .

144 3651 195 3707 pro
207 3632 311 3706 quibus
325 3653 339 3680 α
354 3647 433 3686 suam
447 3646 556 3703 ponere
569 3646 628 3685 non
644 3630 816 3702 dedignatus
838 3635 881 3687 est
895 3632 957 3686 ani·
984 3630 1065 3686 'lere
1091 3631 1209 3686 forsitan
1231 3630 1397 3698 decreverit,
1420 3634 1469 3685 ant
1492 3634 1598 3684 temere
1622 3627 1711 3700 imple

143 3743 218 3783 mam
235 3725 323 3795 ticon.
339 3741 366 3793 x,
385 3726 426 3793 tut
440 3745 454 3774 u
469 3723 499 3778 id
514 3740 628 3796 quoque
641 3724 792 3796 principali
808 3723 958 3781 clementia
1007 3724 1134 3797 glexerit,
1163 3724 1207 3778 vel
1234 3723 1391 3794 infringere
1417 3723 1586 3794 quandoque
1612 3723 1711 3778 voluer

142 3820 325 3878 devotissime
353 3818 542 3890 approbante,
572 3834 637 3889 quae
663 3817 699 3873 ob
724 3818 778 3873 hoc
805 3817 848 3873 sui
874 3819 957 3890 regni
1002 3818 1143 3890 judicium
1178 3815 1381 3888 omnipotentis
1414 3817 1463 3872 bei
1502 3816 1658 3871 anathema
1685 3814 1711 3871 si*

145 3916 256 3986 apicem
274 3930 291 3968 a
311 3913 368 3966 [leo
388 3910 504 3966 solidari
524 3914 674 3983 praeoptat,
689 3911 711 3966 si
728 3911 876 3967 catholicae
892 3911 958 3966 fldei
1006 3916 1105 3966 autem
1130 3911 1188 3965 [leo
1215 3913 1314 3966 nostro
1345 3910 1434 3982 gloria
1459 3910 1488 3964 in
1512 3909 1614 3964 sarcula
1642 3923 1711 3964 secu

143 4006 325 4081 pereuntium
346 4009 455 4060 turmas
478 4004 616 4075 acquirat,
644 4003 797 4075 indignum
821 4008 958 4075 reputans
1006 4007 1108 4060 Amen.

143 4100 308 4156 orthodoxae
333 4096 399 4151 ildei
423 4096 583 4167 principem
602 4096 747 4167 sacrilegis
762 4096 915 4168 imperare,
929 4099 958 4152 et

141 4191 303 4248 inssdclium
330 4189 462 4243 societate
494 4188 592 4260 pollui.
618 4188 693 4242 Nihil
724 4189 801 4244 aliud
831 4205 884 4261 pro
913 4190 957 4245 his

143 4301 178 4340 ex
202 4286 298 4338 nostra
328 4281 470 4336 sententia
496 4280 648 4349 delinitur,
674 4297 760 4352 quam
786 4287 818 4338 ut
842 4280 956 4339 decreta

142 4376 253 4435 concilii
276 4374 416 4443 Toletani,
438 4374 516 4446 quod
539 4372 610 4428 divae
637 4376 783 4430 memoria
810 4375 956 4432 sisenandi
1040 4373 1216 4430 Soliditatem
1250 4373 1405 4429 reddidisse
1436 4374 1569 4429 fractura
1603 4377 1690 4444 atque

140 4473 216 4545 regis
237 4473 429 4544 aggregatum
454 4471 498 4523 est
521 4472 660 4541 tempore,
674 4485 690 4522 a
705 4469 788 4525 nobis
806 4486 838 4526 ac
857 4472 952 4543 poste·
963 4484 1175 4558 Deonsurgere
1200 4467 1277 4539 quod
1304 4467 1448 4523 exstiterat
1478 4466 1630 4534 collisum,
1665 4468 1696 4521 et

140 4570 180 4623 ris
202 4564 368 4622 omnimoda
389 4563 576 4634 suppleantur
596 4562 764 4619 intentione.
787 4563 839 4628 Oui
856 4567 953 4620 autem
1003 4564 1134 4616 mentum
1148 4564 1191 4616 est
1209 4561 1295 4632 hujus
1312 4562 1451 4617 mercedis
1473 4564 1502 4615 ct
1521 4558 1671 4631 plenitudo
1690 4574 1711 4614 ct

141 4661 176 4715 ab
190 4658 319 4731 ejusdem
332 4656 433 4730 synodi
445 4656 566 4712 soluerit
580 4656 720 4712 sententia
744 4657 904 4727 dissentire,
923 4661 955 4713 ut
976 4688 979 4693 ·
1003 4659 1087 4710 matre
1099 4653 1291 4726 perfectionis.
1301 4655 1423 4710 Ponderi
1436 4654 1542 4710 etenim
1555 4651 1711 4708 collidentis

139 4768 206 4809 rere
228 4752 410 4823 sacrilegum,
433 4750 545 4807 noverit
570 4766 599 4805 se
623 4750 818 4806 condemnari.
845 4750 953 4806 [livinae
1003 4748 1027 4804 si
1045 4747 1200 4820 aequalium
1221 4748 1419 4819 proximorum
1441 4765 1510 4802 cura
1535 4746 1669 4802 conuenit
1693 4762 1711 4801 o

139 4845 284 4902 Trinitatis
313 4843 500 4915 inseparabile
530 4859 638 4898 nornen
665 4843 736 4898 sieut
763 4842 952 4915 inspiratione
1002 4847 1107 4915 quanto
1138 4842 1299 4914 grandioris
1324 4843 1378 4897 erit
1403 4841 1494 4912 culpae
1520 4837 1709 4912 praelibatai

140 4937 264 4995 mirabili
287 4939 417 4991 nostrum
436 4940 588 4992 tractatum
600 4935 758 5006 primordio
770 4937 950 5004 illuminavit,
1003 4936 1154 4992 discrimen
1174 4936 1330 5002 incurrere,
1354 4935 1377 4990 si
1400 4951 1458 4990 non
1481 4949 1538 5005 que
1561 4933 1668 5001 valent,
1686 4947 1711 4989 er

139 5031 180 5088 ita
188 5029 436 5087 consummatione
445 5027 558 5083 sublimi
568 5029 767 5099 eumdemjam
777 5029 951 5101 perficiendo
1002 5030 1082 5086 muni
1095 5046 1181 5086 onere
1193 5029 1244 5084 sibi
1257 5029 1423 5083 commissos
1432 5033 1586 5100 procurent
1599 5024 1711 5100 populu

139 5123 297 5192 concludat,
332 5126 363 5178 ut
390 5123 420 5177 in
446 5121 496 5176 illo
521 5121 558 5176 sit
581 5126 711 5177 nostrum
743 5122 909 5195 explicuisse
935 5140 952 5178 a
1001 5123 1095 5179 maret
1120 5121 1335 5194 Properandum
1360 5137 1428 5191 ergo
1454 5125 1497 5176 est
1519 5119 1593 5175 inter
1614 5119 1711 5175 ruinas

137 5235 196 5293 quo
221 5216 302 5273 nobis
328 5214 382 5270 luit
410 5214 568 5270 inchoasse.
597 5216 701 5271 Damus
733 5231 802 5288 ergo
829 5217 951 5288 gloriam
1000 5217 1113 5272 sionum
1140 5217 1263 5270 catervas
1288 5213 1398 5285 eripere
1420 5212 1612 5280 collisorum,
1648 5215 1681 5267 ut
1704 5228 1711 5266 ι

137 5314 318 5371 ethonorem
332 5307 427 5364 eidem
446 5311 552 5363 sauctae
577 5313 605 5363 et
629 5309 791 5364 indivisibili
811 5309 948 5376 Trinitati,
996 5309 1231 5382 jugiteretultra
1252 5324 1305 5363 nec
1323 5308 1447 5378 vigorem
1471 5305 1593 5361 nocendi
1615 5304 1711 5360 habeat

136 5404 297 5484 quaenobis
320 5408 349 5459 et
368 5402 429 5458 haee
450 5401 543 5457 dicere
566 5402 695 5470 contulit,
720 5401 800 5458 etin
822 5416 851 5458 se
876 5402 950 5457 dieta
1000 5404 1104 5459 oranda
1135 5418 1282 5475 pressum,
1315 5407 1343 5457 et
1373 5401 1464 5456 omnis
1497 5415 1677 5471 compressus
1706 5413 1711 5454 1

136 5500 381 5573 complevitque
403 5495 566 5552 relennavit
585 5495 615 5550 in
633 5496 814 5552 extremitate
832 5495 948 5551 saecrrlo·
1000 5503 1105 5552 sanctae
1118 5493 1270 5551 sanctionis
1280 5511 1339 5550 esse
1353 5494 1407 5548 sibi
1419 5494 1522 5548 collata
1536 5492 1674 5548 remedia.

135 5611 201 5652 rum
222 5591 351 5652 remedia
370 5593 499 5660 aetatum,
522 5595 551 5646 et
573 5588 686 5646 resolvit
698 5589 838 5662 ligamina
850 5584 948 5647 rin'cu·
1033 5593 1102 5647 Cum
1129 5589 1255 5644 decursis
1289 5605 1357 5660 ergo
1379 5586 1554 5658 temporibus
1583 5586 1665 5641 durae
1698 5584 1711 5642 d

134 5687 240 5744 lorum.
266 5687 309 5746 Sit
329 5685 484 5760 gratiarum
508 5685 581 5742 salus
607 5688 635 5740 et
657 5682 820 5740 benedictio
844 5684 949 5740 exerci·
999 5684 1084 5740 tionis
1105 5699 1167 5739 sese
1192 5686 1317 5756 potestas
1341 5682 1435 5754 gravis
1456 5680 1609 5747 attolleret,
1635 5683 1666 5735 et
1689 5678 1711 5736 ir

120 5785 203 5842 eccm
212 5780 341 5839 minino
352 5780 625 5857 superserenissimo
640 5778 859 5850 Recessinntbe,
872 5779 950 5852 prin·
995 5778 1079 5851 iactis
1096 5777 1211 5851 populis
1230 5776 1386 5847 impiorum
1412 5773 1574 5832 dominatus
1594 5790 1655 5831 non
1678 5788 1711 5831 re

1005 4146 1173 4218 Subscriptio
1212 4148 1396 4217 episcoporum
1434 4160 1544 4201 numae
1589 4159 1646 4201 ιιι.
1683 4144 1711 4201 n

1058 4241 1218 4296 universate
1227 4240 1336 4294 concilii
1344 4240 1447 4294 editum
1460 4242 1490 4294 in
1505 4241 1613 4294 nomine
1622 4239 1711 4310 prinei
