3870 6150
60 183 122 238 sss
505 144 508 149 ’
690 182 927 243 emnmnruu
945 187 1141 245 enumero.
1224 198 1229 207 ¹
1626 146 1630 153 ’
1698 189 1750 246 su

61 289 234 363 cognitione
246 289 365 358 firmati,
376 291 430 348 bac
445 291 557 363 speciali
575 308 643 348 cura
655 293 715 349 vice
726 309 790 350 mee
800 295 883 352 fune·
894 296 1059 381 Acodicem
1071 296 1205 352 universa
1216 295 1302 353 facias
1314 297 1486 370 congregari
1498 296 1528 354 in
1542 295 1674 354 tainum
1688 312 1749 355 ser·

60 390 111 440 tus
127 385 227 452 utens,
241 402 279 442 nc
299 386 416 443 heresis
434 386 603 442 Nestorians
615 388 658 442 vel
673 388 838 444 Evrtichiana
853 390 883 445 in
933 406 1050 446 monem
1071 390 1281 447 absolutissime
1300 391 1538 463 interpretatione
1553 391 1701 459 translate,
1718 395 1751 447 ut

63 480 164 552 aliqua
177 484 258 552 parte
273 482 433 549 revirescat,
445 481 513 552 quia
527 481 558 536 in
573 482 707 554 episcopo
725 484 884 540 Constanti·
933 484 963 538 in
985 484 1062 539 nulla
1077 488 1158 556 parte
1180 485 1327 541 actionum
1341 485 1472 542 dubitare
1485 485 1639 558 possimus,
1654 501 1750 558 neque

64 574 396 646 nopotitenocatlrolicus
406 575 489 646 vigor
500 592 557 631 non
568 579 620 641 est,
633 593 684 631 nec
697 577 821 656 multum
834 582 883 632 aut
933 578 1092 635 ullomodo
1108 595 1168 634 esse
1182 580 1270 650 possit
1289 580 1456 653 ambiguum
1478 580 1554 652 quod
1573 580 1610 635 ad
1633 580 1749 652 plenam

64 685 119 740 pru
130 675 309 724 sacramento
319 670 418 724 salutis
428 669 573 738 humanae,
584 675 692 743 autpro
703 688 752 727 sua
760 678 802 727 est
811 672 884 727 esti·
933 672 1151 744 intelligentiam
1170 677 1199 729 tc
1222 673 1306 729 fuerit
1326 674 1459 729 studente
1480 673 1662 746 perductum.
1678 675 1749 730 flate
1839 732 1841 736 ,

65 763 194 818 mationa
207 764 352 819 sollicitus.
366 763 436 819 (Irim
451 764 474 818 si
494 763 563 836 quid
576 764 617 820 illi
633 764 738 820 inesset
752 765 883 837 spiritua·
933 783 949 819 v
962 766 1027 822 ldus
1042 766 1142 835 llartii,
1157 767 1285 838 Opilione
1298 767 1359 823 viro
1371 767 1528 823 clarissimo
1541 767 1668 823 consule.

65 859 99 914 tis
114 858 276 927 industriae,
297 859 337 914 ite
357 863 385 913 ct
404 876 422 913 a
445 857 548 929 quibus
568 858 717 914 ordinatus
730 860 776 928 sit,
792 865 820 914 et
836 862 882 916 cni
1101 861 1197 917 XXXV.
1212 893 1245 901 -
1262 862 1306 918 Ad
1324 863 1493 918 Mastiacum
1510 863 1584 933 Aug.

64 954 127 1010 riro
142 953 317 1021 successerit,
333 953 457 1024 cogitare
472 952 599 1023 deberet,
615 959 645 1008 ut
663 953 753 1026 magis
767 954 882 1009 beatum
968 957 1024 1011 Leo
1037 956 1180 1012 bisurtino
1193 959 1321 1028 Augusto
1335 956 1369 1011 de
1382 956 1445 1011 litio
1460 960 1487 1010 et
1500 955 1621 1011 Andrea.

64 1049 233 1105 Flavianum
253 1064 340 1120 ιῙιιιιιιι
360 1048 405 1103 sui
424 1047 540 1102 honoris
558 1051 727 1119 sequeretur
739 1053 880 1103 auctores.
967 1052 1057 1116 Quam
1067 1050 1214 1105 excellenti
1225 1051 1330 1121 pietate
1343 1052 1373 1105 et
1384 1066 1470 1121 quam
1484 1050 1608 1122 glorioso
1620 1051 1747 1107 clemen-

64 1145 97 1198 itt
122 1143 190 1198 ideo
211 1159 276 1198 cum
296 1142 415 1215 piissimi
429 1141 572 1213 principes
584 1141 742 1197 secundum
755 1143 882 1198 obsecre·
932 1145 979 1200 tier
990 1148 1091 1200 vestrae
1102 1144 1196 1200 studio
1207 1144 1237 1199 in
1246 1143 1392 1216 integrum
1401 1159 1497 1216 nuper
1508 1143 1578 1200 fides
1590 1144 1749 1201 Christiana

62 1239 156 1293 tiones
173 1254 253 1293 meas
271 1237 380 1309 dignati
394 1237 511 1292 fuerunt
528 1236 646 1292 fratrem
669 1237 835 1292 Anatolium
848 1237 882 1293 de
932 1243 1066 1295 revocata
1078 1238 1125 1308 sit,
1144 1242 1222 1294 totus
1240 1239 1365 1294 mundus
1387 1239 1525 1310 agnoscit,
1539 1243 1569 1294 et
1590 1238 1672 1295 saluti
1690 1255 1748 1294 sure

61 1333 189 1404 hisquae
203 1330 308 1387 merito
323 1331 353 1386 in
365 1331 513 1403 querelam
537 1330 655 1386 veniunt
672 1331 828 1403 increpare,
845 1331 883 1386 ri·
932 1333 1077 1402 singulare
1091 1331 1256 1403 presidium
1271 1348 1322 1404 per
1334 1348 1384 1388 vos
1398 1349 1415 1387 a
1428 1333 1549 1388 Domino
1562 1348 1624 1388 esse
1636 1348 1750 1405 repare-

63 1432 129 1498 geat
140 1427 264 1482 charitas
279 1432 328 1481 tna
336 1425 482 1497 diligentie
492 1441 553 1493 sua,
563 1429 596 1480 nt
604 1425 738 1481 universa
750 1425 883 1481 scandala
932 1431 1005 1482 tum.
1016 1429 1056 1482 Ac
1066 1427 1089 1482 si
1099 1426 1168 1498 quid
1179 1426 1329 1482 adversum
1341 1427 1412 1482 tanti
1423 1427 1517 1499 operis
1529 1426 1750 1484 consummatio·

62 1520 194 1577 adbibita
206 1519 372 1593 plenissima
390 1519 567 1575 correctione
586 1524 779 1588 recensentur,
789 1525 841 1575 eta
851 1519 882 1575 u·
933 1538 1000 1577 nem
1010 1521 1045 1577 de
1055 1520 1198 1576 contrarie
1209 1520 1309 1593 spiritu
1319 1521 1442 1577 sentitur
1452 1520 1567 1593 oboriri,
1579 1537 1694 1578 necesse
1707 1525 1751 1579 est

64 1615 195 1671 lii'nostri
210 1631 244 1670 ac
255 1617 305 1669 tna
318 1618 409 1669 cesset
424 1613 539 1684 injuria.
553 1614 621 1668 Nam
631 1613 881 1685 apudcatholicum
934 1621 966 1671 nt
975 1616 1010 1670 ad
1018 1619 1118 1670 vestrae
1128 1617 1279 1669 revocetur
1289 1613 1404 1686 pietatis
1412 1615 1559 1683 auxilium,
1568 1615 1644 1686 qnod
1653 1615 1691 1670 ad
1700 1631 1749 1671 cn-

63 1710 242 1783 cpiscopum,
255 1709 340 1764 etiam
351 1709 374 1763 si
386 1713 448 1764 eret
456 1712 600 1780 utcunque
611 1707 698 1763 decus
710 1683 923 1764 sacerdotaleB
935 1709 1059 1765 stodiam
1067 1708 1216 1764 catholice
1225 1708 1752 1783 veritatisdivinaprovidentiapraepe-

63 1804 204 1858 sacerdoti
224 1803 440 1858 archidiaconus
462 1807 581 1875 propter
599 1802 666 1858 fidei
680 1801 883 1870 reverentiam,
935 1803 1015 1870 ravit,
1033 1806 1064 1858 ut
1082 1818 1147 1857 curn
1170 1802 1283 1874 pietatis
1300 1807 1399 1857 vestre
1416 1802 1452 1857 sit
1471 1802 1607 1858 scandala
1619 1803 1706 1859 etiam
1722 1804 1752 1861 in

65 1898 167 1953 debuit
175 1897 310 1969 praemitti
319 1897 415 1969 potins
425 1913 511 1968 quam
523 1898 618 1952 locum
631 1896 762 1952 catholici
772 1896 886 1968 nequis·
935 1898 1128 1970 longinquum
1137 1902 1204 1952 nata
1215 1912 1352 1967 resecare,
1362 1897 1453 1952 multo
1469 1898 1561 1969 magis
1574 1915 1607 1954 ea
1618 1915 1685 1971 qnae
1698 1898 1751 1954 sub

65 1993 157 2047 simus
171 1992 324 2047 haereticus
338 1991 490 2046 obtineret.
504 1992 575 2046 Cum
585 1992 682 2062 itaque
692 2007 885 2063 quesequan·
934 1991 1034 2046 vestris
1052 1990 1158 2046 audent
1171 1991 1258 2046 oculis
1271 2007 1388 2062 surgere
1401 2007 1460 2046 non
1473 1990 1570 2047 sinatis
1581 2008 1751 2050 accrescere.

64 2091 114 2141 tur
131 2102 289 2159 agnovero,
304 2090 373 2141 tunc
392 2085 570 2140 manifestius
593 2085 661 2157 qnid
682 2084 729 2156 agi
753 2087 887 2156 oporteat
934 2084 1058 2140 Anatolii
1082 2084 1208 2157 episcopi
1232 2084 1453 2152 ordinationem,
1475 2085 1548 2140 sicut
1566 2084 1685 2141 scientia
1701 2087 1750 2142 Ilei

65 2180 226 2236 aestimabo.
248 2181 319 2235 Nam
341 2180 456 2235 interim
470 2179 566 2235 dolore
580 2178 714 2248 cohibito,
731 2177 831 2233 malim
843 2178 885 2233 in·
935 2179 1014 2235 testis
1030 2184 1081 2247 cst,
1097 2183 1258 2251 suspectam
1272 2178 1350 2251 quod
1363 2179 1527 2235 faciendum
1541 2185 1582 2236 est
1594 2180 1666 2236 mihi
1678 2181 1752 2237 fece·

64 2275 187 2347 dulgere
202 2275 356 2347 patientie,
371 2278 402 2329 ut
421 2275 500 2330 locus
514 2278 587 2329 esset
599 2273 700 2342 venies,
716 2273 749 2328 de
762 2273 886 2328 Palaesti·
935 2277 1000 2329 rant
1012 2272 1229 2330 consecrationis
1242 2273 1304 2344 ejus
1315 2277 1455 2344 auctores,
1468 2290 1522 2328 nec
1534 2273 1700 2332 dissimilem
1715 2274 1751 2332 ab

64 2369 110 2425 nis
119 2385 188 2424 vem
199 2368 405 2440 monachisqni
412 2367 585 2440 jampridem
597 2368 628 2422 in
642 2368 768 2421 tumultu
781 2366 885 2422 dissen-
935 2367 1113 2440 elegentibus
1129 2367 1288 2422 arbitrabar
1306 2367 1438 2435 electum,
1454 2372 1640 2441 secutumque
1654 2374 1706 2440 est,
1720 2375 1753 2427 ut

65 2464 155 2519 sionis
176 2479 236 2518 csse
255 2463 398 2529 dicuntur,
416 2479 472 2534 quo
486 2462 580 2516 adhuc
593 2461 690 2516 animo
703 2465 883 2531 moveantur,
935 2461 1004 2517 dum
1024 2460 1225 2516 eommrmione
1248 2460 1413 2532 apostolice
1430 2461 1511 2517 Sedis
1531 2463 1667 2518 existeret
1680 2464 1750 2519 alie·

64 2559 179 2628 ignoro.
191 2558 288 2628 Neque
296 2557 465 2629 cujusquam
475 2572 609 2611 sermone
624 2555 696 2610 mihi
712 2555 884 2626 patefactum
934 2570 998 2622 nus,
1013 2553 1061 2609 diu
1075 2554 1176 2609 dandis
1195 2554 1232 2609 ed
1249 2571 1317 2609 eum
1332 2553 1459 2626 epistolis
1472 2555 1552 2627 pacis
1566 2572 1614 2612 me
1627 2556 1751 2614 abstine·
1851 2615 1854 2620 ,

64 2655 118 2720 est,
132 2668 206 2724 quas
222 2668 319 2706 causes
341 2651 492 2706 videantur
513 2650 662 2706 antefactae
681 2650 818 2721 preferre
832 2650 885 2705 dis·
935 2648 1148 2704 rem.Sedcum
1158 2647 1430 2720 illipietetisvcstroe
1441 2650 1636 2706 testimonium
1650 2651 1750 2708 suffra·

65 2747 185 2814 cordiae,
199 2749 307 2811 utrum,
322 2745 435 2812 scilicet,
453 2745 628 2799 Eutichianae
646 2743 822 2815 perversitati
836 2743 885 2799 tali
935 2746 1063 2815 geretur,
1074 2758 1140 2797 cum
1151 2741 1186 2796 de
1195 2740 1344 2814 fideatque
1353 2742 1543 2799 unanimitate
1556 2745 1617 2815 ejus
1629 2745 1752 2817 optanda

65 2843 163 2896 furore
179 2840 366 2905 famulentur,
381 2855 417 2893 an
433 2838 653 2910 implacabiliter
667 2837 781 2893 doleant
790 2837 884 2910 ipsum
935 2852 1056 2908 quasque
1066 2839 1095 2891 et
1103 2835 1245 2908 placitura
1258 2836 1446 2908 promitteret,
1459 2837 1667 2909 professionem
1678 2839 1750 2912 ejus,

65 2951 151 2989 sunm
166 2934 195 2989 in
211 2934 284 2988 hanc
296 2933 474 3005 impietatem
484 2948 567 3004 posse
580 2932 703 3000 traduci,
714 2948 778 3004 quse
788 2934 885 2987 contra
934 2930 975 2985 ite
989 2929 1096 2986 credidi
1109 2947 1170 2985 csse
1185 2930 1336 2999 sinceram,
1351 2933 1383 2985 nt
1394 2931 1510 2987 tandem
1529 2948 1585 3003 qua
1601 2932 1752 2989 observan-

64 3031 195 3102 ipsorum
215 3028 345 3083 locorum
365 3032 527 3082 sanctorum
541 3026 712 3096 testimonia,
729 3025 833 3098 quibus
846 3029 885 3080 to-
936 3024 976 3080 tia
990 3041 1019 3079 se
1033 3040 1119 3095 egere
1133 3025 1249 3080 deberet
1258 3041 1316 3080 non
1327 3025 1488 3081 desinerem
1501 3043 1693 3098 commovere,
1707 3045 1750 3086 se·

65 3129 111 3178 tus
133 3122 261 3178 mundus
284 3121 444 3191 instruitur,
462 3122 497 3177 ab
513 3120 718 3176 incarnationis
732 3119 885 3175 Dominicae
936 3118 1002 3174 dulo
1014 3118 1067 3189 ipsi
1077 3135 1109 3173 ac
1119 3118 1752 3193 diligenterinculcans,utdcpersecutoribns

65 3217 185 3273 veritate
195 3215 353 3283 desciverit,
364 3221 392 3271 et
405 3215 481 3288 quod
495 3215 524 3269 in
542 3214 602 3269 aliis
612 3230 665 3286 per
676 3213 885 3285 indulgentiam
934 3213 1024 3268 beate
1047 3213 1197 3267 memorias
1217 3213 1342 3268 Ftaviani
1363 3213 1509 3269 neminem
1522 3215 1642 3271 eederet
1652 3216 1682 3271 in
1698 3233 1751 3274 suo

64 3327 168 3367 curare
181 3309 298 3383 placuit,
308 3310 339 3365 in
354 3310 404 3364 illo
417 3312 519 3381 putent
528 3326 585 3364 non
595 3325 656 3364 esse
665 3308 785 3363 veniale.
803 3307 884 3363 Unde
936 3306 1562 3375 habereconsortio,ctEutichianaehaereseos
1572 3309 1750 3366 defensorem

64 3405 151 3478 cupio
168 3421 215 3460 mc
225 3421 311 3476 seper
325 3403 491 3475 hisplenius
504 3403 625 3472 edoceri,
636 3406 667 3457 ut
682 3401 770 3457 etiarn
785 3401 884 3457 talium
935 3416 993 3455 ase
1007 3399 1146 3454 indicaret
1164 3416 1224 3454 esse
1243 3399 1399 3471 dejectum.
1414 3403 1603 3474 secutumquc
1615 3409 1657 3459 est
1669 3408 1701 3459 ut
1715 3403 1751 3460 de

64 3498 235 3554 correctioni
248 3514 384 3569 congruae
394 3497 552 3564 studeatur,
564 3496 631 3567 quia
645 3495 723 3550 aliud
733 3499 775 3551 est
788 3499 886 3551 contre
935 3493 980 3549 his
994 3510 1059 3565 quas
1078 3510 1131 3565 pro
1153 3493 1291 3549 catholica
1304 3492 1359 3549 fide
1374 3495 1404 3549 in
1417 3494 1547 3566 synodali
1558 3496 1681 3552 concilio
1691 3497 1752 3553 fue·
1830 3530 1833 3535 ·

64 3594 156 3649 iidem
165 3592 253 3663 impie
265 3590 379 3659 armni,
390 3590 467 3646 eliud
483 3591 513 3645 in
524 3605 652 3645 errorem
661 3588 825 3661 qnempiam
839 3589 886 3643 dc·
935 3593 1000 3643 rant
1012 3585 1138 3656 definita,
1154 3586 1221 3643 talia
1232 3587 1270 3642 ad
1284 3604 1332 3642 me
1346 3588 1501 3659 scripserit,
1516 3589 1613 3661 qualia
1630 3592 1749 3647 catholi-

63 3686 166 3742 tineri.
181 3686 297 3741 Charias
311 3685 397 3740 etiam
412 3700 481 3756 quas
497 3684 593 3739 Actius
606 3683 753 3756 presbyter
766 3687 832 3738 antc
844 3682 886 3737 in·
936 3698 1002 3737 cnm
1016 3681 1196 3737 sacerdotem
1208 3680 1331 3738 seribere
1348 3682 1533 3755 congruebat.
1544 3686 1615 3740 Cum
1629 3701 1697 3758 ergo
1713 3686 1749 3742 ed

62 3780 172 3837 dicavit
184 3796 245 3835 esse
260 3778 392 3848 directas,
404 3777 614 3834 etbrcviarium
624 3777 692 3832 fidei
706 3778 783 3849 qrred
796 3781 823 3833 te
834 3776 887 3832 mi·
935 3775 1167 3832 commendanda
1186 3775 1274 3847 ipsius
1295 3776 1454 3848 primordia
1479 3777 1532 3831 ista
1555 3779 1751 3850 precesserint

62 3876 136 3930 sisse
153 3873 308 3946 significas,
321 3889 376 3928 nec
389 3873 458 3927 dum
475 3872 511 3927 ad
526 3888 572 3928 me
585 3871 697 3929 noveris
711 3871 884 3944 pervenisse.
935 3869 1004 3943 quid
1014 3886 1105 3925 cause
1119 3872 1168 3926 aut
1178 3869 1330 3925 occasionis
1339 3871 1495 3939 emerserit,
1507 3872 1640 3927 utvirum
1652 3874 1748 3929 catho-

62 3969 146 4025 Unde
161 3967 184 4022 si
201 3967 362 4039 expeditior
382 3967 491 4022 occasio
512 3983 541 4021 se
560 3966 714 4038 praebuerit
729 3966 886 4038 perlatores
935 3964 996 4019 lieoe
1009 3963 1076 4019 fidei
1090 3968 1119 4019 et
1131 3962 1306 4019 Nestorianis
1321 3967 1407 4036 atque
1423 3965 1596 4020 Eutichianis
1609 3966 1751 4023 hereticis

62 4064 191 4119 libenter
211 4062 313 4129 habco,
334 4065 367 4116 ut
390 4061 413 4116 si
438 4077 495 4132 qua
517 4063 560 4115 cst
576 4077 640 4132 ques
662 4059 740 4115 utilis
758 4059 887 4115 videatur
936 4057 1654 4115 constanteretiamadversumerchidiaconumsnb
1663 4061 1751 4117 hono·

61 4155 283 4230 quamprimum
306 4155 344 4210 ad
363 4171 410 4209 mc
432 4155 564 4209 mittatur
577 4152 738 4209 instructio.
753 4154 793 4208 lle
806 4155 887 4225 AEgy·
936 4153 974 4208 ris
984 4152 1076 4224 specie
1086 4151 1266 4223 degradaret,
1275 4156 1304 4207 et
1312 4151 1551 4224 dispensationem
1561 4154 1647 4208 totius
1657 4170 1750 4211 causer

63 4251 133 4322 ptiis
155 4249 305 4304 monachis
329 4265 417 4320 quarn
442 4248 550 4319 quieti,
573 4250 623 4303 aut
643 4248 723 4319 cujus
746 4246 803 4302 sint
820 4247 886 4304 fidei
937 4251 965 4302 et
987 4263 1062 4302 curre
1082 4245 1278 4301 ecclesiasticae
1297 4245 1326 4302 in
1351 4247 1494 4302 Andream
1516 4247 1751 4304 Eutichianistem

62 4345 139 4400 scire
153 4343 296 4408 desidero,
310 4342 380 4398 etde
389 4341 592 4397 Alexandrinae
603 4341 733 4397 Ecclesiae
741 4357 809 4414 pace
817 4340 885 4413 quid
937 4346 1055 4413 repente
1071 4341 1248 4410 transferret,
1260 4340 1333 4396 adeo
1346 4340 1439 4396 nimia
1453 4342 1645 4399 commotione
1657 4343 1752 4399 turba·

62 4439 99 4493 ad
113 4454 167 4492 vos
182 4437 257 4491 veris
271 4436 378 4491 nuntiis
391 4437 553 4508 perferatur
569 4436 605 4491 ad
624 4436 704 4508 enjus
720 4435 925 4509 episcopuml)
937 4441 981 4491 tus
991 4439 1024 4489 nt
1033 4436 1274 4491 consecrationem
1283 4451 1368 4506 qurum
1384 4452 1435 4507 pro
1447 4435 1552 4507 injuria
1562 4436 1658 4505 dabat,
1674 4441 1751 4494 sexta

64 4533 112 4587 vel
125 4532 307 4586 ordinatores
320 4531 418 4602 ipsius,
433 4546 480 4585 seu
495 4529 612 4585 clericos
624 4530 699 4602 quod
710 4529 767 4584 ulia
781 4529 886 4601 scripta
937 4528 1045 4584 sabbati
1056 4528 1218 4591 traditionis
1230 4529 1398 4600 Apostolicae
1412 4532 1445 4583 nt
1455 4530 1567 4584 nescius
1584 4534 1633 4585 ant
1648 4531 1752 4587 oblitus

64 4625 236 4692 direxerim,
256 4624 348 4680 missis
370 4624 578 4696 exemplaribus
600 4623 671 4679 scire
695 4629 722 4680 te
743 4623 829 4680 volui.
843 4622 886 4679 sd
936 4623 1063 4689 inferret,
1081 4622 1161 4693 quasi
1183 4638 1241 4677 non
1262 4622 1298 4676 ad
1320 4622 1485 4694 episcopum
1500 4622 1594 4694 magis
1613 4640 1697 4695 quam
1714 4624 1751 4681 ed

64 4719 327 4775 clementissimum
346 4735 460 4791 queque
482 4718 652 4791 principem,
667 4721 695 4773 et
714 4717 887 4791 religiosissi·
937 4716 1135 4789 presbyterum
1160 4715 1348 4771 ordinationis
1371 4715 1446 4770 illius
1466 4716 1566 4770 vitium
1586 4717 1751 4788 pertineret,
1781 4710 1785 4716 ’

68 4831 150 4869 mam
171 4816 327 4885 Augustam
351 4813 414 4884 quis
437 4829 514 4868 nunc
535 4828 616 4868 meus
634 4828 728 4867 sermo
740 4813 786 4878 sit,
802 4812 887 4867 missa
937 4810 1057 4883 quinon
1072 4808 1750 4884 invenicusquidargueretinfldc,quodimpro·

65 4908 246 4979 exemplaria
256 4907 410 4963 docebunt.
422 4909 522 4962 Utrum
537 4909 634 4961 autem
644 4906 760 4978 epistola
776 4923 839 4961 mea
852 4906 887 4960 dc
937 4905 1021 4960 beret
1032 4903 1061 4958 in
1077 4903 1215 4972 moribus,
1230 4903 1419 4974 dejectionem
1434 4904 1594 4959 innocentis
1615 4922 1668 4978 per
1687 4924 1752 4979 spc-

65 5001 271 5058 inearnationis
281 5001 435 5057 Dominicae
453 5000 510 5055 ilde
524 5000 660 5055 incolumi
676 4999 769 5054 adhuc
784 5002 888 5054 sanctae
938 5000 1011 5053 ciem
1031 4997 1221 5068 provectionis
1241 4997 1379 5069 implevit,
1395 4998 1501 5054 addens
1522 4999 1671 5055 sententiae
1683 5001 1752 5056 illud

66 5095 220 5152 memorie
243 5095 376 5149 Flaviano
397 5093 433 5149 ed
455 5094 636 5150 dilectionem
651 5097 732 5148 tuam
746 5109 797 5165 per
810 5093 886 5148 Rasi·
938 5091 1061 5164 injuriae,
1077 5095 1107 5146 ut
1120 5107 1185 5146 cum
1198 5090 1361 5147 coemeterio
1377 5091 1538 5163 deputando
1550 5094 1752 5150 condemnaret

67 5188 303 5245 liumdiaconum
316 5189 461 5256 miseram,
473 5187 646 5243 fraternitati
662 5192 720 5242 tere
735 5186 839 5242 tradita
853 5187 889 5242 sit
939 5185 1049 5241 exsilio.
1069 5185 1161 5250 Quem
1183 5189 1281 5241 tamen
1304 5185 1403 5258 pietati
1424 5195 1526 5242 vestrae
1552 5188 1753 5243 commendare

67 5283 143 5339 scire
153 5282 293 5350 desidero,
311 5283 449 5355 quoniam
469 5285 632 5353 suspectum
647 5281 751 5351 habeo,
763 5280 840 5353 quod
853 5279 888 5335 de
939 5294 1094 5351 presumo,
1108 5295 1144 5334 na
1157 5280 1224 5334 ullis
1236 5279 1357 5335 ulterius
1376 5280 1469 5336 noxiis
1491 5280 1640 5352 ingravare
1654 5279 1753 5352 possit,

67 5377 133 5449 ejus
148 5380 227 5432 textu
242 5377 355 5431 millum
373 5392 500 5448 unquam
512 5375 654 5447 judicium
669 5373 827 5431 reddidisti.
841 5374 889 5430 Ge
940 5376 990 5428 ant
1004 5373 1115 5428 insidiis
1130 5389 1217 5444 quem
1236 5373 1383 5442 llominns,
1396 5379 1430 5429 ut
1444 5374 1579 5446 comperi,
1596 5372 1649 5427 snb
1662 5376 1754 5428 vestra

68 5474 182 5527 storum
197 5471 379 5542 synodalium
396 5486 461 5542 quse
475 5469 610 5525 omnibus
622 5469 722 5525 diebus
736 5467 847 5524 concilii
859 5467 889 5523 in
939 5467 1269 5523 defensioneconstituit.
1279 5465 1752 5540 Adjieioautemetiamhancobse-

66 5563 738 5634 Chalcedonensiciviteteconfectasunt,parum
750 5563 826 5618 clara
839 5561 890 5617 lin·
939 5561 1096 5618 arationem
1116 5564 1147 5617 nt
1168 5562 1338 5634 predictum
1361 5560 1525 5632 episcopum
1545 5575 1562 5614 a
1578 5559 1754 5632 professione

69 5675 139 5726 gnae
151 5658 344 5714 diversitatem
366 5658 443 5730 apud
466 5675 520 5714 nos
546 5658 668 5714 habetur
686 5656 845 5723 instructio,
862 5661 890 5711 et
939 5672 991 5711 sna
999 5656 1158 5727 dissonum,
1167 5660 1196 5713 ct
1208 5655 1331 5711 nimium
1346 5653 1500 5710 testimonii
1511 5654 1594 5709 vestri
1606 5670 1638 5709 ac
1652 5655 1754 5711 favoris

69 5753 554 5826 ideofraternitatitueespecialiter
570 5750 783 5824 injungo,utin
798 5765 888 5808 unurn
940 5750 1061 5807 oblitum
1094 5750 1254 5807 necenarie
1285 5749 1432 5820 increpare
1461 5747 1630 5819 dignemini.
1660 5749 1754 5807 Cesset
