3870 6150
78 250 131 302 983
709 241 945 304 bucnaiattull
964 246 1156 304 caumello.
1709 254 1761 309 see

75 355 211 411 Patribus
219 354 358 413 instituta.
367 357 432 412 Post
440 356 545 414 horum
553 357 799 429 auctoritatem,et
807 362 896 414 custo
906 369 992 442 Aras
1016 355 1218 428 interpretatus
1231 361 1283 414 est.
1301 356 1359 414 Sed
1379 357 1517 430 quoniam
1538 357 1637 414 beatus
1657 359 1759 416 lliero·

76 448 230 519 dienda,ct
239 449 402 522 recipienda
411 451 590 507 mandamus.
598 453 666 507 ltem
675 452 812 524 opuscula
821 452 896 508 beati
945 465 1049 522 nymus
1061 466 1128 506 eum
1137 450 1168 505 in
1180 450 1322 523 aliquibus
1336 451 1371 508 de
1384 452 1494 507 arbitrii
1503 452 1634 508 libertate
1642 453 1760 510 notavit.

75 542 184 614 Cyrilli,
190 543 324 615 Cypriani
333 544 509 617 martyris,et
518 545 894 618 Carthaginensisepiscopi.
945 543 995 598 llla
1009 543 1148 598 sentimus
1160 559 1224 615 quae
1236 544 1406 615 pradictum
1421 545 1537 601 beatum
1553 546 1761 616 Hieronymum

76 634 179 709 244
190 638 271 707 ltem,
279 638 416 709 opuscula
426 637 503 694 beati
515 637 646 709 Gregorii
659 639 825 695 Nazianzcui
837 639 896 711 epi·
945 636 1049 691 sentire
1063 636 1272 707 cognoscimus,
1289 641 1318 693 et
1331 655 1391 693 non
1409 639 1503 693 solum
1526 639 1561 694 de
1580 638 1694 706 llullno,
1710 638 1761 695 sed
1817 711 1821 717 ,

76 728 168 800 scopi.
181 731 265 798 ltam,
284 732 420 802 opuscula
440 731 515 787 beati
533 732 625 786 basilii
638 732 820 804 Cappadocia
833 733 894 804 epi·
945 730 1033 784 etiam
1053 729 1088 785 de
1107 730 1225 785 diversis
1239 747 1312 802 quos
1324 731 1368 786 vir
1380 732 1483 804 saepius
1505 737 1681 787 memoratus
1700 733 1761 788 zelo

76 823 168 895 scopi.
186 824 268 891 ltem,
283 824 419 896 opuscula
439 825 518 881 beati
541 825 686 881 Athanasii
710 824 895 881 Alexandrini
944 823 1002 891 llei,
1017 828 1046 879 et
1067 822 1134 879 fidei
1156 823 1295 895 religione
1316 825 1512 896 reprehendit.
1534 827 1615 894 ltsrn,
1629 825 1762 898 Origenis

75 916 213 988 episcopi.
241 918 322 986 ltsm,
342 919 477 990 opuscula
497 919 574 974 beati
595 918 692 991 Cyrilli
713 918 894 975 Alexandrini
943 917 1081 972 nonnulle
1095 918 1230 988 opuscula
1244 934 1310 990 quae
1324 918 1367 972 vir
1378 919 1556 974 beatissimus
1569 918 1759 991 Hieronymus

75 1010 213 1083 episcopi.
244 1012 323 1080 ltem,
352 1011 489 1083 opuscula
512 1012 587 1068 beati
610 1014 726 1070 loannis
756 1014 892 1069 Constan·
944 1026 1003 1065 non
1024 1007 1156 1082 repudiat
1175 1011 1296 1082 legenda
1319 1011 1506 1083 suscepimus.
1522 1012 1641 1085 lleliqua
1663 1018 1760 1068 eutem

74 1103 260 1174 finopolitani
278 1103 415 1176 episcopi.
438 1106 519 1174 ltcm,
543 1106 680 1178 opuscula
701 1104 777 1161 beati
803 1106 893 1161 Theo·
943 1103 1040 1159 omnia
1065 1120 1131 1159 cum
1154 1109 1269 1160 auctore
1293 1120 1345 1161 suo
1369 1104 1489 1160 dicimus
1516 1120 1577 1160 esse
1600 1106 1758 1174 renuenda,

72 1196 148 1268 phili
159 1197 345 1252 Alexandrini
358 1199 495 1270 episcopi.
507 1201 590 1269 ltcm,
606 1200 741 1271 opuscula
758 1199 835 1256 beati
849 1200 894 1255 lli-
943 1197 1085 1254 Chronica
1106 1197 1220 1252 Eusebii
1235 1197 1415 1254 Caesariensis
1431 1201 1460 1253 et
1481 1198 1610 1270 ejusdem
1628 1199 1759 1254 ecclesia·

73 1289 139 1344 larii
152 1290 325 1346 Pictavensis
343 1290 574 1363 episcopiltem,
587 1294 722 1364 opuscula
734 1292 811 1348 beati
824 1296 893 1350 Am·
942 1289 1019 1345 stica
1040 1291 1171 1346 Historiae
1192 1291 1265 1346 liber
1279 1291 1409 1363 quamvis
1432 1292 1569 1363 inprime
1588 1292 1760 1348 narrationis
1817 1333 1822 1343 .

71 1382 166 1438 brosii
182 1383 399 1440 llcdiolanensis
417 1385 553 1458 episcopi.
570 1387 652 1455 ltem,
663 1387 799 1458 opuscula
816 1387 893 1442 beati
942 1401 1000 1439 suar
1012 1384 1085 1439 libro
1096 1384 1231 1456 tepuerit.
1243 1386 1278 1439 Et
1289 1385 1428 1456 posteain
1442 1385 1573 1440 laudibus
1583 1390 1667 1458 atque
1677 1401 1760 1442 ercu-

71 1476 228 1548 Augustini
243 1478 893 1552 llipponensisepiscopi.ltem,opusculaheati
942 1477 1051 1533 satione
1065 1477 1194 1550 Origcnis
1208 1478 1379 1535 schismatici
1399 1495 1490 1535 unum
1512 1479 1712 1551 conscripserit
1722 1479 1758 1535 li·

71 1569 244 1642 llieronymi
256 1572 427 1645 presbyteri.
447 1575 528 1641 item,
542 1575 677 1646 opuscula
697 1575 827 1646 Prosperi
840 1575 893 1630 viri
941 1571 1038 1641 hrum,
1052 1574 1170 1642 propter
1184 1588 1281 1627 rerum
1302 1577 1397 1628 tamen
1421 1573 1554 1628 notitiam
1568 1573 1758 1644 singularem,

71 1663 292 1735 religiosissimi.
305 1668 388 1735 Item,
401 1666 520 1738 epistola
531 1667 634 1723 Leonis
647 1684 728 1740 papas
739 1668 776 1723 ad
786 1668 891 1724 Flavia-
942 1680 1006 1736 quar
1024 1665 1061 1720 ad
1082 1665 1302 1721 instructionem
1316 1665 1461 1737 pertinent
1480 1682 1686 1739 usquequaque
1700 1683 1759 1723 non

70 1771 148 1812 num
156 1756 499 1830 Constantinopolitauum
510 1760 672 1832 episcopum
684 1758 829 1818 destinata.
840 1742 931 1818 Ωιι-Β
942 1757 1062 1814 dicimus
1076 1759 1249 1815 renuendos.
1263 1761 1345 1829 ltcm,
1357 1759 1489 1815 Orosium
1501 1760 1595 1815 virum
1605 1759 1759 1816 eruditissi-

64 1849 119 1921 jus
132 1854 244 1907 tartum
257 1851 411 1924 quispiam,
425 1854 448 1908 si
462 1870 552 1926 usque
565 1853 603 1909 ad
616 1870 706 1909 unum
723 1856 780 1911 lota
792 1855 889 1927 dispu·
940 1868 1020 1908 mum
1035 1852 1240 1921 collaudamus,
1250 1852 1316 1925 quia
1326 1853 1406 1909 valde
1418 1853 1502 1909 nobis
1513 1854 1702 1909 necessariam
1711 1855 1760 1910 ad·

69 1942 186 2013 laverit,
193 1947 222 2000 ct
227 1945 731 2004 uoneaminomnibusvencrabiliter
740 1949 889 2021 receperit,
939 1962 1036 2002 versus
1051 1962 1230 2019 paganorum
1241 1948 1398 2003 calumnias
1410 1947 1531 2019 dignam
1544 1947 1688 2003 ordinavit
1703 1947 1758 2003 his·

68 2037 368 2110 anathemasitdtsm,
376 2041 510 2112 opuscula
519 2046 604 2114 atque
615 2044 750 2097 tractatus
760 2042 891 2099 omnium
938 2040 1760 2113 toriam,miraquebrevitatccontexuit.ltem,veneramur

69 2129 300 2188 orthodoxorum
308 2133 426 2190 Petrum
439 2134 489 2206 qui
498 2134 529 2190 in
537 2134 752 2192 nulloasanctae
761 2136 889 2194 Ecclesia
939 2133 1044 2190 Sedulii
1055 2134 1187 2190 Paschale
1200 2151 1281 2207 opus,
1295 2133 1372 2207 quod
1383 2134 1505 2191 heroicis
1515 2135 1665 2208 descripsit
1676 2136 1759 2192 versi·

68 2223 214 2280 Romana
228 2226 368 2282 consortio
389 2226 549 2297 deviarunt,
565 2245 619 2284 nec
640 2227 675 2283 ab
694 2228 756 2300 ejus
775 2229 832 2286 tide
844 2231 890 2288 vel
938 2226 1759 2300 bus‚cliusignilaudepraelerimus.ltem,tuvencinihilo·

69 2317 273 2390 predicatione
286 2320 407 2392 sejuncti
425 2326 500 2391 sunt,
516 2321 566 2379 sed
578 2321 669 2394 ipsius
678 2323 890 2381 communionis
939 2320 1292 2393 minuslaboriosumopus
1300 2338 1358 2378 non
1369 2322 1542 2395 spernimus,
1549 2323 1599 2379 sed
1606 2322 1756 2380 miramur.

69 2411 266 2483 pergratiam
286 2412 337 2470 Dei
351 2414 493 2486 usquein
508 2414 643 2470 ultimum
656 2415 734 2471 diem
748 2416 813 2473 vitae
830 2434 889 2473 suae
975 2414 1086 2470 Caetera
1104 2430 1170 2486 quse
1193 2415 1230 2471 ab
1252 2415 1396 2471 haereticis
1413 2415 1471 2472 sive
1490 2415 1675 2472 schismaticis
1695 2432 1760 2473 con·

68 2504 153 2561 fuere
166 2504 318 2580 participes
329 2506 468 2579 legendos
479 2508 669 2565 decernimus.
692 2511 774 2582 item,
791 2510 888 2567 decre·
939 2506 1043 2580 scripta
1055 2508 1099 2564 vel
1115 2507 1269 2580 praedicata
1290 2513 1357 2564 sunt
1368 2509 1533 2566 nullatenus
1548 2510 1649 2581 recipit
1662 2510 1759 2566 catho-

68 2598 143 2655 talas
155 2598 288 2672 epistolas
298 2617 369 2674 quaa
377 2601 539 2658 beatissimi
554 2619 637 2675 papas
649 2602 767 2660 disemis
780 2609 889 2678 tempo.
938 2600 993 2657 lice
1008 2605 1036 2658 et
1049 2601 1204 2673 apostolica
1220 2602 1351 2658 Romana
1367 2603 1500 2672 Ecclesia,
1517 2603 1650 2677 equibus
1663 2619 1755 2675 pauca

68 2691 152 2747 ribus
162 2691 199 2749 ab
211 2693 284 2750 nrbc
295 2695 428 2751 Romam
440 2712 494 2767 pro
505 2696 685 2755 diversorum
696 2699 815 2755 Petrum
825 2715 891 2755 con·
938 2710 1003 2766 quae
1018 2695 1055 2751 ed
1074 2696 1247 2752 memoriam
1262 2696 1390 2765 veniunt,
1405 2701 1463 2753 eta
1481 2696 1626 2753 catholicis
1639 2697 1755 2754 amuda

69 2784 211 2842 solatione
228 2786 371 2843 dederunt
384 2788 589 2845 venerabiliter
603 2792 789 2864 recipiendas.
807 2794 888 2861 ttem,
939 2788 1156 2845 suntcredimus
1166 2805 1227 2846 esse
1242 2789 1401 2846 subdenda.
1416 2791 1498 2862 ltcm,
1506 2790 1607 2846 notitia
1615 2790 1756 2847 librorum

71 2882 153 2951 gesta
173 2883 338 2937 sanctorum
356 2887 517 2954 martyrum
531 2884 580 2955 qui
604 2884 811 2957 multiplicibus
831 2889 890 2940 tor·
939 2882 1170 2955 apocryphorum
1193 2883 1243 2955 qui
1265 2900 1323 2939 non
1348 2883 1535 2956 recipiuntur.
1551 2888 1759 2941 Armunensem

69 2977 237 3028 mentorum
253 2974 434 3044 cruciatibus,
450 2978 479 3032 et
489 2977 668 3034 mirabilibus
677 2979 889 3036 confessionum
939 2976 1108 3048 synoduma
1122 2977 1287 3032 Constantio
1299 2976 1410 3033 Caesare
1424 2977 1605 3034 Constantini
1621 2977 1679 3034 illio
1693 2994 1760 3034 con·

69 3065 228 3138 triumphis
239 3066 386 3124 irradiant.
399 3068 469 3134 Quis
482 3070 536 3127 ista
547 3072 754 3129 catholicorum
766 3072 885 3139 dubitet,
899 3111 927 3188 C
939 3070 1350 3141 gragatam,medianteTeuro
1357 3071 1547 3143 praelecto,ex
1555 3075 1623 3128 tunc
1632 3075 1662 3128 et
1670 3089 1758 3142 nunc,

71 3162 102 3214 et
113 3160 229 3232 maiora
243 3177 291 3218 eos
300 3161 331 3217 in
343 3162 483 3235 agonibus
496 3165 582 3221 misse
599 3183 757 3238 perpessos,
767 3182 821 3222 nec
833 3167 891 3222 suis
940 3167 969 3217 et
983 3179 1071 3235 usque
1084 3162 1114 3218 in
1127 3168 1267 3220 arternum
1282 3164 1432 3220 confitetur
1445 3180 1506 3221 csse
1519 3164 1695 3221 darnnatam.
1712 3167 1759 3221 tti-

70 3252 182 3309 viribus
194 3255 244 3311 scd
258 3255 353 3328 gratia
371 3257 423 3314 Ilei
443 3261 472 3314 et
493 3258 637 3331 adjutorio
660 3260 794 3316 universa
816 3261 889 3318 tole·
941 3256 1088 3312 ncrarium
1098 3257 1215 3313 nomine
1223 3257 1299 3313 Petri
1308 3257 1428 3330 apostoli
1437 3258 1514 3330 quod
1524 3258 1685 3329 appellatur
1694 3276 1758 3315 san-

69 3347 170 3405 rossel
194 3347 252 3405 Sed
272 3349 338 3407 ideo
361 3352 520 3408 secundum
542 3353 689 3427 antiquam
709 3355 889 3412 consuetudi·
940 3349 978 3404 cti
991 3350 1146 3406 Clementis
1158 3350 1223 3406 libri
1236 3366 1358 3407 numero
1375 3351 1476 3408 decem
1489 3351 1657 3423 apocryphi.
1670 3355 1757 3408 Actus

70 3457 140 3498 nem
159 3441 298 3516 singulari
315 3446 426 3502 cautela
448 3445 478 3502 in
501 3452 598 3504 ancta
618 3449 748 3505 Romana
766 3449 892 3505 Ecclesia
939 3442 1500 3516 nomineAndreoeapostoliapoc.Actus
1512 3445 1757 3501 nomineThomar

70 3536 284 3608 nonleguntur,
294 3538 361 3611 quia
367 3542 396 3596 et
405 3556 506 3596 eorum
514 3541 564 3613 qui
570 3541 764 3614 conscripsere
772 3543 891 3600 nomina
940 3537 1060 3610 apostoli
1072 3554 1153 3609 apoc.
1167 3541 1251 3594 Actus
1264 3538 1382 3594 nomine
1397 3537 1522 3610 Philippi
1534 3554 1615 3610 apoc.
1631 3539 1759 3612 Evange-

70 3629 375 3705 penitusignorantur,
385 3635 457 3690 elab
466 3635 627 3692 infidelibus
634 3636 730 3693 idiotis
736 3637 888 3710 superflua,
939 3631 1010 3686 lium
1021 3632 1139 3688 nomine
1149 3631 1272 3689 Matthiae
1285 3648 1367 3704 apoc.
1381 3632 1697 3703 Evangeliumnomine
1706 3634 1758 3688 Pe·

70 3729 121 3780 aut
129 3723 227 3781 minus
234 3730 301 3798 apta
310 3743 399 3800 quam
407 3728 452 3784 rei
459 3729 529 3785 ordo
536 3729 623 3786 fuerit
632 3746 693 3786 esse
701 3733 847 3802 putantur,
856 3731 891 3786 si·
940 3724 976 3779 tri
990 3725 1110 3797 apostoli
1129 3742 1209 3798 apoc.
1228 3725 1414 3797 Evangelium
1430 3726 1548 3782 nomine
1562 3725 1659 3782 iacobi
1672 3742 1754 3798 apoc.

71 3822 120 3873 snt
130 3817 282 3890 cujusdem
294 3819 387 3893 Gyrici
397 3827 425 3878 et
435 3823 540 3891 tulitae,
552 3823 625 3880 sicut
634 3824 746 3897 Georgii
756 3823 891 3880 aliorum-
940 3818 1124 3890 Evangelium
1136 3819 1254 3875 nomine
1267 3820 1403 3876 &ruebas
1412 3836 1493 3891 apoc.
1508 3819 1695 3891 Evangelium
1706 3836 1758 3877 no-

72 3927 130 3983 qne
137 3910 305 3984 hujusmodi
317 3914 462 3986 passiones
472 3932 536 3989 quae
546 3917 582 3973 ab
592 3917 890 3990 hareticisperhibcn-
939 3911 1016 3968 mine
1030 3912 1156 3984 Thomae,
1167 3928 1225 3987 quo
1240 3917 1360 3970 utuntur
1372 3912 1520 3969 ldanichai
1539 3930 1621 3986 apoc.
1632 3915 1757 3987 Evange-

72 4009 119 4061 tnr
130 4005 309 4079 composita,
322 4013 442 4081 propter
455 4010 543 4082 quod,
558 4015 592 4066 ut
602 4010 710 4068 dictum
724 4015 777 4079 est,
790 4027 827 4067 ne
845 4013 889 4067 vel
939 4006 1010 4062 lium
1025 4006 1141 4062 nomine
1154 4007 1353 4063 bartholomei
1374 4008 1494 4080 apostoli
1506 4024 1588 4079 apoc.
1603 4009 1756 4080 Evangelia

71 4097 141 4155 levis
151 4099 344 4158 nmmnnandi
359 4102 483 4160 oriretur
492 4104 602 4160 occasio
614 4104 645 4161 in
656 4108 752 4162 saneta
760 4106 891 4161 Romana
939 4115 1004 4173 qua
1017 4099 1128 4156 ialsasit
1140 4101 1281 4157 lucianus
1293 4117 1375 4174 apoc.
1386 4101 1470 4158 Liber
1481 4102 1517 4158 de
1530 4101 1653 4158 miantm
1662 4101 1757 4158 Salva·

70 4191 197 4250 Ecclesia
211 4211 269 4251 non
281 4195 427 4269 leguntur.
440 4197 496 4254 Nos
507 4203 605 4254 tamen
619 4214 685 4254 eum
697 4198 891 4270 pradietaiie-
940 4193 1009 4249 toria
1031 4210 1112 4266 apoc.
1140 4195 1293 4266 Evangelia
1318 4211 1384 4268 quae
1415 4194 1527 4252 falsavit
1548 4195 1651 4252 Esitius
1675 4212 1755 4269 apoc.

72 4286 265 4344 elcaiaomnes
272 4294 422 4362 martyres,
431 4294 461 4348 et
469 4308 570 4348 corum
580 4291 717 4363 gloriosos
725 4292 890 4365 agonesqui
940 4285 1022 4342 liber
1036 4287 1071 4345 de
1086 4287 1234 4346 nativitate
1253 4288 1406 4346 Salvatoris
1428 4293 1457 4345 et
1470 4290 1506 4346 de
1523 4290 1608 4346 liaris
1621 4294 1650 4348 et
1662 4291 1756 4348 obste-

72 4379 217 4454 sismagis
226 4399 316 4455 quam
328 4383 494 4442 hominibus
502 4386 562 4442 noti
572 4390 639 4442 sunt
651 4386 730 4443 omni
742 4386 890 4443 devotione
939 4380 1018 4436 tricoe
1030 4397 1110 4454 apoc·
1123 4383 1208 4439 Liber
1217 4383 1268 4456 qui
1280 4385 1440 4456 appellatur
1451 4385 1577 4441 Pastoris
1588 4400 1669 4457 apoc.
1680 4385 1758 4442 Libri

70 4491 255 4533 veneramur.
265 4479 347 4546 ltem,
357 4479 430 4535 vitas
440 4481 570 4552 Petrum,
582 4480 674 4550 Pauli,
682 4480 1040 4562 Antonianas-Donnes
1067 4491 1137 4547 quos
1160 4476 1226 4533 iecit
1253 4477 1356 4533 Lucius
1378 4476 1532 4548 discipulus
1553 4477 1657 4533 diaboli
1675 4494 1756 4550 apoc.

70 4568 172 4638 rionis,
187 4573 218 4626 ct
231 4571 363 4628 omnium
378 4574 566 4630 eremitarum
585 4591 632 4631 eas
644 4577 752 4646 tamen,
767 4591 837 4648 quas
848 4575 892 4630 vir
941 4568 1026 4624 Liber
1039 4569 1088 4641 qui
1102 4570 1263 4642 appellatur
1275 4569 1507 4626 Fundamentum
1519 4586 1600 4642 apoc.
1611 4569 1696 4627 hiber
1707 4573 1758 4644 qui

69 4661 410 4739 beatissimusdsscripsit
419 4668 609 4740 Hieronymus
618 4685 684 4725 cum
694 4669 774 4726 omni
783 4670 891 4726 honore
941 4666 1101 4739 appellatur
1121 4664 1282 4720 Thesaurus
1301 4679 1381 4736 apoc.
1405 4661 1489 4718 Liber
1508 4663 1543 4720 de
1562 4664 1673 4720 iiliabus
1686 4665 1758 4723 Adoe

70 4756 255 4830 suscipimus.
263 4760 334 4815 ltem
341 4764 420 4816 actus
429 4761 504 4818 beati
511 4761 639 4818 Silvestri
646 4762 809 4834 apostolicae
817 4763 892 4820 sedis
940 4761 1080 4817 Geneseos
1092 4774 1173 4831 apoc.
1189 4756 1275 4814 tiber
1288 4757 1338 4829 qui
1355 4757 1516 4829 appellatur
1529 4760 1608 4814 actus
1624 4759 1715 4816 'l'eclae
1729 4765 1759 4819 et

70 4850 301 4922 praesensisset
309 4854 605 4927 ejusquiconscripsit
614 4871 722 4912 nomen
731 4855 890 4926 ignoretur,
939 4854 1019 4910 Pauli
1038 4852 1159 4926 apostoli
1177 4867 1257 4924 apoc.
1280 4850 1362 4906 Liber
1388 4850 1439 4923 qui
1459 4852 1622 4923 appellatur
1640 4853 1759 4926 Nepotis

71 4944 201 5001 amultis
215 4947 312 5002 tamen
326 4947 357 5003 in
371 4948 443 5005 urba
456 4950 546 5005 Roma
560 4949 704 5005 catholicis
716 4949 775 5022 legi
786 4966 892 5022 cogno-
940 4964 1021 5020 apoc.
1035 4947 1119 5003 Liber
1130 4944 1350 5002 Proverbiorum
1362 4945 1411 5018 qui
1426 4946 1462 5002 ab
1478 4946 1618 5002 hereticis
1631 4948 1757 5004 conscri-

70 5039 176 5107 vimns,
197 5043 297 5112 cipro
317 5041 436 5114 antiquo
459 5059 513 5099 usu
538 5044 631 5099 multa
658 5043 721 5100 haec
742 5048 892 5100 mutantur
940 5045 1006 5114 ptus
1020 5044 1050 5096 et
1069 5039 1160 5096 sancti
1179 5039 1254 5111 Syrti
1281 5037 1400 5094 nomine
1419 5044 1597 5111 praenotatus
1618 5044 1662 5097 est
1676 5057 1755 5112 apoc.

70 5132 214 5189 Ecclesiae.
240 5136 322 5204 item,
350 5136 520 5208 scripturam
547 5137 582 5192 de
607 5137 772 5194 inventione
800 5138 891 5194 crucis
940 5134 1086 5192 Revelatio
1101 5149 1166 5206 quoe
1178 5133 1341 5205 appellatur
1353 5133 1472 5190 Thomas
1484 5134 1604 5206 apostoli
1616 5151 1696 5207 apoc.
1705 5135 1758 5190 lte-

70 5225 239 5296 llominicae,
251 5233 280 5284 et
293 5228 379 5285 aliam
392 5231 560 5303 scripturam
569 5231 604 5287 de
617 5231 780 5288 inventione
792 5232 891 5303 capitis
940 5229 1042 5285 velatio
1050 5244 1115 5301 quat
1128 5227 1290 5300 appellatur
1302 5227 1437 5298 Stephani
1449 5244 1528 5301 apoc.
1538 5227 1682 5285 Revelatio
1692 5241 1757 5297 quas

69 5320 189 5377 loannis
199 5321 333 5394 Baptista
344 5324 463 5380 novellae
475 5325 608 5398 quadam
621 5326 775 5382 relationes
784 5329 851 5381 sunt
862 5330 901 5382 et·
941 5322 1100 5395 appellatur
1114 5321 1194 5376 Pauli
1209 5337 1293 5393 apoc.
1306 5321 1390 5376 Liber
1408 5322 1458 5393 qui
1474 5322 1633 5393 appellatur
1643 5318 1756 5374 Transi·

70 5413 399 5474 nonnullieascatholici
410 5403 520 5491 legunt.
534 5419 588 5476 Sed
602 5436 667 5475 cum
679 5421 741 5476 heac
750 5420 785 5476 ad
796 5419 892 5476 catho-
941 5421 995 5485 tus,
1009 5417 1103 5484 idest,
1118 5414 1276 5486 assumptio
1289 5418 1394 5471 sancta
1405 5415 1498 5470 itariae
1510 5430 1592 5484 apoc.
1612 5412 1695 5468 Liber
1706 5413 1757 5486 qui

67 5509 190 5566 licorum
206 5526 310 5567 manus
321 5511 478 5570 adveniunt
488 5514 566 5570 beati
582 5513 660 5568 Pauli
681 5513 802 5586 apostoli
815 5530 890 5585 prer-
941 5506 1534 5582 appellaturPoenitentiaAdaeapoc.Liher
1552 5504 1758 5575 Ogiaenomine

68 5603 156 5660 cedat
176 5605 328 5662 sententia.
352 5605 454 5663 Omnia
473 5608 602 5680 probate,
619 5605 696 5679 quod
718 5607 829 5663 honum
849 5610 893 5663 est
942 5603 1065 5675 gigantis
1083 5602 1214 5676 quicum
1232 5601 1355 5657 dracone
1376 5603 1440 5672 post
1457 5599 1594 5655 diluvium
1615 5615 1758 5672 pugnasse

68 5699 181 5753 tenete.
195 5699 277 5769 ltern,
293 5699 414 5755 liulinus
426 5699 470 5756 vir
483 5700 634 5772 religiosus
647 5699 787 5772 plurimos
800 5701 890 5757 ecclc·
940 5696 1109 5769 perhibetur
1121 5711 1203 5768 apoc.
1217 5693 1301 5750 tiber
1313 5693 1362 5766 qui
1377 5692 1537 5764 appellatur
1544 5694 1759 5751 Testamentum
1868 5688 1871 5695 '

68 5790 176 5851 sesan
191 5792 287 5864 operis
297 5792 389 5851 edidit
400 5793 488 5852 libros
502 5794 655 5852 nonnullas
667 5793 755 5852 etiam
767 5794 891 5867 scriptu·
940 5790 1001 5857 tob,
1018 5806 1098 5863 apoc.
1121 5788 1206 5846 Liber
1226 5788 1278 5859 qui
1300 5785 1461 5858 appellatur
1479 5786 1775 5857 pacatissimas-
