3870 6150
57 219 91 272 93
513 223 519 232 “
665 214 903 274 proaemium
922 214 1115 272 eutheario.
1706 214 1740 269 st

55 330 86 380 et
95 327 265 396 spontaneas
276 324 446 396 voluntates,
458 338 544 397 quarn
554 324 590 379 ad
601 329 680 380 actus
689 324 738 397 qui
748 341 799 397 per
808 326 872 380 sim·
883 322 1031 409 Atticille.
1053 337 1126 388 ιιιι,
1144 319 1203 383 tt).
1224 343 1238 371 »
1262 321 1388 378 Crimina
1407 321 1485 378 enim
1508 323 1593 393 atque
1614 322 1741 392 paccata,

55 417 213 489 plicitatem
225 419 274 471 ant
287 434 340 488 per
348 417 546 474 necessitatem
556 417 785 475 liunt.Coniessio
796 419 873 474 enim
922 414 1022 471 oblatis
1043 414 1229 473 hisDomino
1252 415 1403 485 sacrificiis,
1422 416 1568 483 delentur,
1588 413 1693 469 idcirco
1713 416 1743 469 et

56 526 116 566 non
135 510 298 582 extorqueri
319 511 405 567 debet
422 510 452 566 in
467 511 579 580 talibus,
595 512 645 567 sed
662 511 756 584 potius
773 516 873 584 sponte
921 507 1014 581 passio
1027 507 1087 579 ejus
1099 506 1130 561 in
1141 505 1187 561 his
1198 509 1449 565 commemoranda
1465 511 1518 575 est,
1532 523 1588 579 qua
1600 506 1744 580 redempti

56 603 196 676 profiteri,
210 602 366 674 pessimum
384 608 427 659 est
443 604 519 660 enim
533 605 569 660 de
588 605 745 677 suspicione
760 608 810 660 ant
821 621 871 660 ex·
922 617 1031 669 sumus,
1043 603 1072 656 et
1084 600 1187 672 soepins
1199 601 1355 671 recitanda,
1365 604 1452 674 atque
1465 602 1528 656 hac
1542 601 1662 656 Domino
1676 599 1744 656 olie-

56 701 131 752 torta
151 695 327 752 confessione
344 713 519 770 quemquam
535 698 674 770 judicare,
694 715 760 754 cum
781 698 874 770 magis
923 695 1021 762 reuda,
1050 693 1153 749 talibus
1180 693 1280 750 hostiis
1309 694 1505 763 delectabitur,
1529 696 1558 749 ιι
1584 692 1743 766 placabitur

56 786 200 856 inspector
222 784 314 839 cordis
334 784 392 858 21
418 787 453 841 sit
472 786 609 842 Dominus
624 803 711 860 quarn
726 786 829 860 operis,
846 788 875 841 at
924 787 1070 856 Dominus,
1086 791 1114 843 et
1132 790 1247 859 peccata
1267 786 1392 842 dimittet
1412 785 1549 859 ingentia.
1568 786 1643 842 Nihil
1665 786 1743 842 enim

57 877 152 949 potius
175 877 298 950 requirit
315 879 455 934 Dominus
471 879 657 952 cogitationes
675 896 759 951 puras
779 885 807 935 et
829 896 875 935 ve
925 881 955 936 in
966 880 1110 937 sacrificiis
1124 881 1216 953 majm
1230 896 1291 937 esse
1307 883 1402 953 potest
1413 896 1502 952 quam
1517 895 1619 951 corpus
1634 882 1664 934 et
1677 895 1741 934 san·

56 971 184 1027 luntates
203 970 300 1039 bonas,
312 987 399 1043 quiam
413 971 491 1027 labia
507 973 664 1029 mendacia.
680 973 759 1028 Unde
773 975 803 1028 et
817 974 873 1029 Do·
925 975 988 1046 guis
1010 973 1123 1030 Christi.
1138 974 1195 1029 Nec
1217 973 1276 1029 ulla
1302 973 1408 1030 oblatio
1429 973 1483 1028 hec
1506 972 1601 1044 potior
1619 976 1671 1041 est,
1694 972 1745 1028 sed

56 1063 154 1118 minus
171 1079 224 1134 per
240 1063 412 1136 prophetem
430 1065 550 1137 loquens
569 1065 630 1120 ait:
647 1085 661 1118 a
679 1066 803 1138 Populus
821 1066 875 1122 iste
924 1067 987 1123 hec
1000 1083 1100 1123 omnes
1111 1066 1258 1139 praecellit.
1272 1067 1340 1131 Quae
1354 1082 1425 1139 pura
1440 1065 1612 1121 conscientia
1624 1065 1744 1120 Domino

57 1156 137 1211 labiis
153 1172 202 1210 me
217 1157 349 1226 honorat,
363 1173 522 1215 corsorum
537 1163 635 1214 autem
647 1159 734 1231 longe
747 1163 790 1214 est
802 1175 875 1214 ame
925 1159 1072 1216 offerenda
1083 1165 1135 1228 est,
1147 1166 1176 1217 et
1187 1177 1260 1233 pura
1272 1163 1368 1216 mente
1381 1159 1531 1227 sumenda,
1542 1163 1627 1230 atque
1639 1157 1675 1212 ab
1687 1173 1746 1212 om·

58 1251 130 1317 (isui.
154 1265 229 1319 xxix,
251 1250 305 1322 13.)
328 1271 343 1301 u
369 1251 454 1322 Pejus
472 1252 581 1307 malurn
598 1253 659 1308 iore
679 1268 737 1307 non
754 1251 874 1323 estimo,
925 1253 1009 1309 nibus
1024 1254 1199 1310 veneranda.
1213 1255 1248 1309 Ει
1262 1254 1333 1309 sicut
1348 1253 1444 1326 potior
1458 1255 1502 1308 est
1513 1251 1633 1322 ceteris,
1647 1251 1687 1306 ita
1699 1266 1747 1321 pe

56 1358 142 1414 quam
160 1341 336 1398 Christianos
350 1343 408 1398 suis
424 1343 553 1401 inridere
569 1344 773 1400 sacerdotibus.
795 1344 877 1400 Novit
925 1346 981 1402 tius
1006 1347 1095 1402 excoli
1121 1351 1151 1403 et
1177 1347 1306 1404 venerari
1333 1346 1428 1403 debet.
1454 1350 1565 1417 Aquam
1588 1343 1665 1400 enim
1690 1343 1747 1400 sale

56 1437 129 1490 enim
145 1435 348 1509 Dominusqui
361 1440 429 1492 sunt
442 1437 513 1508 eJ'us.
529 1438 590 1493 lion
605 1440 811 1510 potestantem
825 1438 877 1495 hu·
926 1455 1111 1511 consparsam
1141 1440 1255 1512 populis
1283 1438 1496 1509 benedicimus,
1528 1443 1562 1493 ιιι
1586 1452 1621 1492 ιι
1652 1434 1747 1492 cuncti

58 1545 141 1584 mano
151 1529 342 1584 condemnari
351 1530 494 1598 examine,
504 1547 592 1603 quem
603 1532 677 1586 Deus
687 1548 738 1588 suo
749 1547 875 1588 reserva-
925 1532 1033 1604 aspersi
1050 1532 1263 1590 sanctificentur
1281 1549 1314 1588 ae
1328 1532 1526 1605 purificentur,
1547 1529 1624 1602 quod
1639 1533 1668 1584 et
1684 1544 1746 1584 orn-

58 1623 93 1676 ιιι
107 1621 232 1694 J'udicio.
246 1622 276 1679 Si
293 1622 389 1678 omnia
403 1639 529 1695 namque
547 1624 577 1679 in
596 1625 649 1680 boc
670 1626 772 1680 seculo
788 1624 877 1680 vindi·
925 1626 1009 1682 nibus
1023 1626 1215 1683 sacerdotibus
1228 1625 1390 1682 iaciendum
1405 1642 1466 1681 esse
1479 1624 1660 1680 mandamus.
1675 1623 1747 1678 Nam

58 1721 114 1772 tata
126 1716 341 1786 essent,locum
350 1713 948 1788 divinamnhaberantJudicia.QuodBsi
967 1719 1037 1774 cinis
1053 1719 1148 1776 ritule
1170 1736 1303 1792 aspersus
1323 1718 1460 1791 sangnine
1481 1717 1621 1790 populum
1642 1715 1747 1771 sancti-

60 1816 153 1866 autem
167 1809 409 1881 adaliosjudiees
422 1809 501 1882 prius
516 1827 576 1866 non
591 1809 725 1879 debeam,
741 1811 878 1883 quemad
928 1810 1027 1867 iicahat
1054 1817 1138 1885 atque
1163 1812 1338 1879 mundabat,
1364 1813 1456 1866 multo
1480 1810 1572 1882 magis
1595 1825 1668 1881 aqua
1691 1807 1749 1863 sala

60 1902 217 1959 secerdotes
239 1902 284 1958 vel
310 1903 455 1960 auditores
477 1903 606 1960 Ecclesiae
628 1905 771 1971 accusari,
801 1904 840 1961 ita
861 1921 879 1960 a
927 1921 1040 1976 aspersa
1061 1905 1219 1978 divinisque
1240 1904 1372 1977 precibus
1385 1908 1505 1973 morata,
1525 1901 1666 1974 populum
1685 1918 1750 1957 san·

61 2002 186 2068 tempore
198 1994 396 2068 apostolorum
408 1999 437 2051 et
451 1996 528 2052 inira
540 1997 723 2052 observatum
736 2003 765 2052 ιι
774 1996 878 2052 diffini-
928 1996 1032 2053 ctificat
1049 2001 1134 2070 atque
1156 1998 1285 2054 mundat
1302 1999 1346 2065 Et,
1369 1997 1392 2052 si
1410 1997 1469 2052 sate
1484 2011 1599 2067 asperso
1616 2010 1671 2067 per
1691 1993 1748 2048 Eli·

61 2094 121 2144 tum
132 2088 305 2144 invenimus.
322 2088 352 2144 Si
369 2089 432 2162 quis
450 2105 520 2163 erga
534 2089 700 2162 episcopum
715 2089 879 2146 selectores
929 2106 1018 2146 saum
1027 2090 1208 2163 prophetam,
1221 2089 1353 2147 sterilitas
1366 2105 1449 2161 aquae
1464 2091 1565 2143 sanata
1578 2091 1629 2154 est,
1641 2089 1749 2158 quanto
1774 2134 1778 2142 .

62 2181 194 2237 Ecclesiae
207 2181 363 2254 quamlibet
375 2183 523 2254 querelam
536 2186 586 2238 aut
602 2182 745 2239 actionem
759 2183 837 2254 justa
850 2199 880 2239 se
928 2183 1019 2255 magis
1035 2183 1138 2240 dirime
1151 2184 1283 2256 precibus
1298 2186 1435 2248 sacratus,
1455 2180 1632 2237 sterilitatem
1652 2193 1750 2236 rerum

62 2274 166 2330 habere
180 2274 343 2345 crediderit,
356 2273 418 2347 ipse
433 2275 631 2348 Redemptoris
643 2276 687 2330 sui
704 2275 794 2347 (cujus
807 2275 879 2332 actio
928 2277 1021 2332 aufert
1036 2276 1242 2347 humanarum,
1261 2281 1290 2332 et
1309 2275 1509 2347 coinquinatos
1524 2272 1689 2341 sanctificat,
1703 2274 1749 2327 at·

62 2373 152 2424 uestra
167 2371 215 2423 est
228 2367 381 2440 institutio)
396 2368 508 2424 viarum
523 2384 580 2424 non
596 2369 759 2436 immemor,
773 2369 821 2424 sed
835 2385 878 2424 se·
929 2385 985 2441 que
1000 2370 1129 2439 mundat,
1145 2375 1173 2425 et
1192 2373 1343 2442 expurgat,
1360 2372 1389 2423 et
1403 2371 1505 2423 caetere
1519 2366 1593 2421 bona
1613 2363 1750 2435 multipli-

62 2466 148 2517 ctator
162 2460 310 2534 egregius,
326 2461 376 2532 qui
395 2477 462 2517 cum
479 2462 698 2518 malediceretur
713 2478 772 2518 non
789 2462 879 2518 male·
930 2468 983 2533 cat,
1006 2468 1035 2518 et
1055 2463 1172 2519 insidias
1193 2462 1297 2518 diaboli
1319 2461 1429 2528 avertit,
1453 2465 1482 2516 ιι
1503 2475 1520 2513 ι
1542 2458 1752 2531 phantasmatis

61 2554 178 2623 dicebat,
191 2554 245 2610 sed
256 2557 396 2627 tanquam
409 2555 468 2610 ovis
481 2571 578 2611 eoram
592 2555 728 2611 tondente
740 2571 770 2611 se
779 2556 880 2621 obmu-
931 2555 1061 2611 versutiis
1082 2555 1229 2611 hominem
1249 2553 1393 2610 deienditl
1410 2553 1481 2607 Nam
1501 2551 1524 2606 si
1539 2555 1616 2607 tactu
1630 2549 1752 2605 fimbrias

61 2649 118 2719 tuit,
134 2664 169 2702 ac
188 2663 243 2719 pro
257 2647 314 2702 suis
328 2648 558 2719 persecutoribus
575 2648 606 2703 in
624 2664 737 2704 crucem
754 2649 881 2720 pendens
931 2648 1092 2704 vestimenti
1118 2647 1269 2705 Salvatoris
1293 2648 1411 2702 salvatos
1437 2645 1569 2701 infirmos
1600 2659 1661 2698 esse
1693 2658 1752 2698 non

60 2741 132 2814 apud
151 2742 272 2796 Patrem
286 2740 457 2811 intercessit,
475 2757 532 2797 non
546 2740 627 2814 prius
644 2741 780 2814 primates
796 2758 880 2815 supe·
932 2740 1106 2810 dubitamus,
1136 2743 1243 2815 quanto
1269 2740 1363 2812 magis
1389 2739 1493 2794 virtute
1519 2752 1667 2794 sacrorum
1691 2736 1753 2806 ejus

59 2835 146 2891 riores
161 2838 216 2890 aut
231 2833 303 2890 alios
317 2833 434 2905 judices
447 2834 530 2892 adeat
545 2850 633 2907 quam
649 2835 727 2907 ipsos
744 2852 762 2889 a
780 2836 882 2907 quibus
932 2835 1083 2891 verborum
1098 2834 1233 2891 divinitus
1244 2832 1554 2901 sacranturelementa,
1565 2829 1669 2902 quihus
1682 2827 1755 2883 seni·

60 2945 84 2984 se
98 2930 208 2985 laesum
222 2927 358 2993 estimat,
370 2927 520 2983 conveniat
531 2927 721 2998 familiariter,
732 2933 760 2985 et
772 2945 831 2985 non
841 2946 883 2984 se·
931 2933 1021 2984 tatem
1036 2928 1161 3000 corporis
1174 2934 1202 2984 et
1212 2927 1315 2982 animae
1328 2928 1455 2982 humana
1466 2923 1588 2997 percipit
1596 2919 1752 2994 fragilitas!

59 3022 120 3094 mel,
135 3021 189 3077 κά
205 3019 373 3093 sepissime,
388 3025 421 3076 ut
433 3021 469 3075 ab
484 3021 524 3076 eis
537 3025 589 3077 aut
598 3037 679 3078 suam
686 3021 829 3095 justitiam
839 3011 893 3078 acl
932 3021 979 3077 llis
992 3038 1060 3094 ergo
1077 3025 1105 3077 et
1120 3021 1182 3076 aliis
1194 3020 1325 3075 instructi
1340 3018 1529 3085 documentis,
1547 3019 1614 3071 vota
1627 3015 1754 3087 singulo·

59 3116 150 3188 cipiet,
164 3116 219 3170 aut
232 3113 313 3186 juste
329 3112 550 3170 excusationem.
571 3114 641 3170 Boni
656 3131 761 3188 nempe
775 3119 805 3172 et
817 3131 883 3172 vere
932 3113 1118 3172 rumDomini
1132 3114 1291 3170 sacerdotes
1303 3111 1446 3184 respicite,
1462 3114 1491 3166 et
1507 3109 1537 3164 in
1550 3110 1655 3165 virtuts
1669 3107 1756 3179 Spiri-

59 3207 210 3264 tbristiani
223 3205 351 3263 hominis
365 3210 410 3261 est
422 3221 483 3263 rem
495 3207 587 3280 ipsam
601 3208 737 3266 omnibus
751 3208 884 3265 amicitiae
933 3211 979 3264 tus
998 3207 1088 3264 sancti
1106 3206 1209 3262 divinis
1229 3205 1371 3278 precibus,
1392 3219 1444 3275 per
1462 3201 1653 3258 ministerium
1675 3199 1756 3256 vobis

61 3318 89 3357 ec
104 3301 184 3374 pacis
196 3300 308 3374 legibus
326 3299 410 3373 prius
431 3302 538 3358 tentare
556 3317 645 3374 quem
658 3301 688 3358 in
701 3301 809 3375 judicio
824 3302 884 3374 (ubi
934 3301 1069 3358 divimtus
1081 3301 1226 3370 collatum,
1242 3297 1380 3371 perticere
1394 3296 1671 3353 certata.Dlementa
1683 3310 1755 3366 quos

60 3394 221 3468 hequem
241 3391 445 3451 amarissimus
464 3393 569 3451 animae
588 3410 694 3454 rancor
712 3394 884 3467 innascitur)
935 3412 1000 3468 que,
1022 3399 1082 3451 ιιιιι
1097 3410 1132 3450 ιι
1148 3409 1213 3466 quae
1234 3391 1419 3463 praediximus
1433 3405 1520 3462 ιιιιιιι
1538 3392 1641 3444 caetera
1656 3387 1758 3442 divinis

61 3503 144 3543 mum
159 3488 207 3560 jus
224 3484 414 3562 pertinaciter
434 3486 564 3557 experiri.
584 3487 616 3545 Si
634 3489 699 3562 quis
720 3488 798 3544 enim
818 3504 885 3544 cunr
935 3493 1001 3562 apta
1016 3487 1113 3544 usibus
1126 3491 1154 3542 et
1165 3485 1297 3540 humanis
1309 3483 1469 3540 necessaria
1482 3480 1697 3537 infirmitatibus
1716 3495 1758 3535 sa·

62 3580 126 3650 ⁰0⁰2
149 3582 197 3655 qui
216 3581 294 3656 pacis
316 3584 362 3636 est
383 3583 493 3649 auctor,
515 3581 644 3639 babitare
663 3583 770 3657 cupiat,
789 3581 814 3637 ei
838 3598 886 3638 ne·
935 3587 1021 3652 crate,
1041 3580 1171 3635 infirmos
1185 3581 1291 3647 curate,
1308 3582 1336 3634 et
1354 3582 1458 3632 caetera
1472 3590 1539 3648 que
1553 3574 1591 3629 ad
1604 3590 1654 3630 vos
1669 3573 1758 3646 perti·

62 3690 139 3731 cesse
158 3679 198 3732 est
215 3680 243 3732 ut
259 3691 362 3750 pacem
382 3670 519 3745 inquirat.
533 3676 562 3732 Si
583 3691 655 3749 ergo
678 3693 761 3735 secus
781 3676 885 3748 egerit,
936 3679 1006 3730 nent
1028 3673 1183 3745 diligenter
1204 3669 1342 3742 particite,
1366 3669 1427 3740 ipse
1452 3668 1531 3722 enim
1556 3667 1686 3725 Salvator
1711 3666 1760 3723 tri·

63 3767 97 3821 ub
115 3767 182 3839 ipsis
199 3775 225 3827 ιι
240 3771 276 3827 ab
294 3769 357 3826 aliis
373 3767 581 3826 communione
598 3771 729 3842 privetur
745 3773 887 3842 tanquam
935 3768 1050 3824 buendo
1069 3764 1151 3820 nobis
1170 3763 1343 3833 exemplum,
1367 3760 1513 3832 discipulis
1532 3760 1589 3815 suis
1609 3760 1670 3815 ait:
1692 3781 1707 3810 «
1727 3761 1760 3815 ln

64 3861 245 3931 cpostolcmm
269 3865 451 3934 Patrumque
479 3859 603 3920 aliorum
628 3867 821 3938 contemptor.
847 3862 887 3917 De
935 3852 1760 3926 nominemeodamoniaejicite,inssrmoscurate,egros

65 3953 170 4026 quibus
181 3956 216 4014 sit
224 3960 359 4034 propheta
374 3974 382 4013 :
401 3976 417 4007 a
432 3954 523 4013 Erunt
535 3958 620 4032 quasi
631 3976 689 4017 non
702 3961 771 4027 sint,
783 3961 812 4013 et
825 3972 888 4031 per-
936 3959 1045 4023 sanate,
1057 3953 1185 4023 leprosos
1199 3948 1349 4015 mundate,
1360 3951 1413 4002 etc.
1429 3945 1521 4017 Super
1533 3943 1661 3999 infirmos
1674 3945 1760 4001 etiam

65 4045 210 4104 ibuntriri
220 4053 264 4125 qui
277 4049 485 4110 contradicunt
494 4052 571 4110 vobis
587 4052 666 4127 (isat
682 4071 736 4124 ιιι,
756 4052 810 4122 11).
823 4071 838 4105 ι
938 4063 1041 4104 manus
1055 4043 1203 4116 imponite,
1220 4044 1250 4097 et
1263 4041 1336 4096 bene
1352 4038 1501 4094 habebunt
1515 4039 1612 4110 (llere.
1626 4053 1684 4108 ιιι,
1705 4039 1760 4111 17).

104 4140 377 4205 [Μιιιιιιιιιιοιιιιιι
389 4157 508 4217 quoque
518 4147 724 4220 oblationibus,
735 4161 801 4220 quae
811 4145 888 4200 inter
974 4141 1073 4197 Fidem
1092 4152 1206 4210 qnoque
1224 4139 1328 4190 sancta
1346 4131 1491 4188 Trinitatis
1509 4131 1549 4186 sic
1567 4131 1764 4187 docendama

68 4231 217 4291 missarum
230 4241 364 4300 solemnia
386 4235 510 4295 Domino
529 4241 704 4311 offeruntur,
722 4238 816 4314 passio
832 4238 888 4292 De·
938 4234 1069 4291 Patribus
1093 4228 1272 4303 accepimus,
1297 4226 1432 4298 vobisque
1450 4224 1623 4280 tradendam
1643 4223 1765 4281 subditis

68 4323 282 4392 minimistcnda
294 4341 349 4408 est,
370 4337 406 4390 ιιι
421 4330 493 4406 ejus,
509 4337 593 4410 enjus
606 4352 714 4409 corpus
728 4339 757 4391 st
772 4330 889 4405 sanguis
940 4327 1129 4385 destinamus.
1154 4323 1238 4379 isaias
1261 4336 1386 4393 namque
1413 4319 1554 4391 propheta
1576 4318 1616 4374 ait
1639 4335 1646 4373 :
1669 4315 1766 4374 «Vidi

70 4417 223 4496 muman,
232 4431 315 4500 passio
329 4426 505 4502 celebretur,
521 4431 562 4488 ita
576 4435 618 4503 ut,
634 4429 764 4502 repulsis
778 4425 931 4518 opinio-D
942 4421 1096 4479 Dominum
1112 4417 1236 4474 Sabaoth
1251 4415 1401 4471 sedentem
1415 4428 1501 4484 super
1517 4412 1654 4467 thronum
1671 4411 1765 4467 excel·

71 4510 163 4566 nibil!
179 4524 395 4588 unctuosum
412 4523 493 4593 punis
513 4529 628 4583 tantum
649 4527 685 4580 et
700 4523 800 4580 riuum
814 4534 891 4595 aqua
942 4533 1019 4585 sum,
1037 4518 1067 4571 et
1080 4509 1221 4584 Seraphin
1240 4508 1352 4565 stabant
1364 4507 1395 4562 in
1413 4505 1533 4561 circuitu
1552 4505 1622 4576 ejus,
1641 4519 1691 4559 sex
1712 4501 1767 4560 alce

73 4603 232 4676 Wmittum
242 4616 268 4676 in
278 4616 423 4677 sacrificio
435 4615 603 4678 offerantur.
615 4620 686 4676 Non
697 4616 782 4676 debet
795 4615 891 4684 cuim,
942 4610 1004 4680 uni,
1018 4611 1048 4665 et
1058 4622 1107 4664 sex
1120 4605 1173 4662 ala
1187 4601 1282 4673 alteri,
1300 4600 1412 4657 duabus
1430 4597 1562 4654 velabant
1575 4596 1679 4654 faciem
1694 4596 1767 4668 eius,

75 4700 110 4753 ¹¹t
123 4713 145 4752 ²
155 4699 258 4768 Patribus
268 4711 433 4787 accepimus
444 4717 471 4770 et
480 4716 545 4791 ipsa
555 4715 630 4771 ratio
647 4712 746 4784 docet,
759 4713 790 4770 in
803 4707 894 4768 calice
943 4703 1054 4762 duabus
1065 4699 1208 4767 volabant,
1220 4699 1250 4752 et
1263 4694 1426 4751 clamabant
1437 4691 1473 4747 ad
1483 4692 1663 4760 alterutrum,
1674 4690 1770 4748 dicen·

78 4791 352 4867 Domiul,autvinum
365 4807 465 4884 solum,
476 4815 530 4868 aut
544 4824 621 4882 aqua
634 4804 702 4864 sola
716 4806 826 4877 offerri,
840 4799 894 4860 sed
944 4805 987 4855 tes
1005 4814 1013 4853 ι
1036 4796 1165 4864 Sanctus,
1186 4793 1308 4859 sauctus,
1335 4788 1450 4842 sanctus
1468 4785 1603 4842 Dominus
1622 4786 1696 4841 Deus
1717 4783 1768 4841 Sa·

81 4885 222 4958 ummqns
233 4898 409 4969 permistum,
419 4900 483 4972 quja
494 4903 662 4972 utrumque
678 4911 712 4950 ex
723 4896 816 4959 latera
829 4892 895 4966 ejus
945 4891 1032 4949 booth
1047 4889 1121 4961 (bat.
1141 4903 1178 4957 vr,
1196 4885 1230 4956 t).
1249 4905 1264 4934 s
1284 4881 1311 4938 si
1329 4880 1454 4936 Trinitas
1469 4896 1527 4936 non
1540 4884 1591 4947 est,
1606 4894 1696 4951 quare
1711 4884 1769 4935 ter·

84 4973 114 5030 '¹¹¹
125 4980 234 5049 mlius
242 5008 289 5050 sua
300 4991 469 5067 profluxisse
482 4993 605 5067 legitur3
617 4991 686 5064 ipsa
697 5006 768 5050 vero
780 4987 897 5050 Veritas
946 4988 985 5044 tio
998 4987 1112 5041 sanetus
1121 4977 1268 5036 dixerunt?
1278 4977 1329 5031 aut
1341 4974 1364 5030 si
1376 4974 1471 5030 unitas
1482 4990 1542 5030 non
1553 4977 1606 5044 est,
1618 4988 1706 5046 quare
1718 4973 1770 5028 s'ub

84 5065 896 5156 Ι105113δίιίιιιιιιιιιιιιιιιιιιιιιιιιιιιιιιιιιιιιοιιιιιιι,
946 5081 1022 5139 trina
1034 5074 1205 5150 repetitione
1223 5087 1313 5129 unum
1331 5072 1421 5125 Deum
1437 5084 1470 5123 ac
1486 5067 1641 5124 Dominum
1653 5066 1771 5122 intima·

89 5161 189 5230 qmrda
198 5170 229 5229 ut
240 5192 246 5230 :
257 5196 271 5229 s
283 5174 400 5248 Accepit
410 5177 488 5237 lesus
500 5190 615 5252 panem
627 5178 659 5231 et
674 5170 838 5242 benedixit,
850 5170 898 5227 dc·
948 5171 1068 5231 rerunt?
1082 5170 1111 5226 Si
1129 5166 1252 5223 Trinitas
1267 5180 1325 5220 non
1344 5167 1397 5231 est,
1418 5178 1471 5218 cur
1492 5161 1522 5216 in
1540 5162 1682 5217 Geneseos
1700 5158 1772 5214 libro

90 5251 173 5328 ‘mill‘
188 5260 313 5344 discipulis
332 5269 402 5340 suis,
422 5270 547 5334 dicens:
567 5265 698 5341 Accipite
718 5270 749 5323 et
768 5264 896 5324 mandu·
948 5268 1073 5324 dicitnr:
1089 5261 1163 5318 Dixit
1185 5260 1267 5330 Deus,
1288 5257 1357 5314 iecit
1378 5257 1456 5313 Deus
1476 5260 1505 5312 et
1518 5254 1662 5312 benedixit
1679 5250 1774 5308 Deus?

94 5351 153 5420 ωδ,
166 5353 209 5416 hoc
222 5369 262 5420 est
280 5363 360 5420 enim
380 5378 482 5439 corpus
501 5378 620 5434 meum,
634 5359 719 5435 quod
739 5378 796 5434 pro
816 5357 899 5416 vohis
949 5361 978 5418 Si
996 5359 1090 5416 unitas
1104 5370 1162 5412 non
1182 5357 1235 5423 est,
1250 5368 1339 5425 quare
1357 5349 1442 5407 tertio
1464 5349 1537 5406 dixit
1551 5366 1558 5404 2
1573 5349 1648 5403 Deus
1663 5348 1692 5400 et
1705 5344 1773 5400 deos

94 5444 210 5512 tuem.»
223 5456 363 5516 Similiter
377 5463 535 5534 postquam
552 5455 688 5524 ooenavit,
702 5455 816 5528 accepit
828 5451 898 5509 cali·
949 5451 1053 5527 plurali
1072 5465 1192 5507 numero
1210 5464 1269 5505 non
1289 5442 1523 5503 commendarit?
1537 5441 1567 5498 Si
1581 5438 1701 5496 trinitas
1714 5452 1773 5493 non

94 5553 144 5615 “D
155 5545 271 5628 deditque
287 5551 442 5627 discipulis
459 5555 531 5627 suis,
553 5550 656 5608 dicens
673 5565 681 5604 z
700 5569 714 5598 a
729 5547 856 5621 Accipite
870 5549 900 5600 et
951 5553 1003 5618 est,
1021 5561 1109 5619 quare
1122 5545 1152 5599 in
1168 5541 1265 5598 Exodo
1279 5540 1386 5597 dictum
1405 5540 1447 5594 est
1466 5534 1550 5591 tertio
1566 5549 1573 5588 :
1588 5530 1705 5587 Domine
1722 5531 1774 5586 Do·

91 5629 224 5708 ttiuereo
237 5666 356 5720 omnes,
370 5647 506 5724 quiahic
520 5651 568 5706 est
581 5641 819 5714 calhsanguinis
829 5638 899 5711 mei,
951 5641 1040 5709 mine,
1062 5639 1212 5695 miseratis
1231 5639 1260 5692 et
1280 5631 1462 5690 misericors?
1481 5628 1511 5685 Si
1532 5626 1625 5683 unitas
1641 5640 1699 5680 non
1719 5629 1772 5696 est,

90 5737 169 5818 ttpn
183 5745 260 5806 robis
274 5745 425 5804 tundetur
444 5742 473 5799 in
489 5739 700 5800 remissionem
715 5740 899 5809 peccatorum
952 5750 1041 5808 quare
1055 5733 1124 5789 dnm
1139 5731 1234 5802 tertio,
1251 5747 1267 5784 ο
1281 5726 1411 5793 Domine,
1434 5723 1551 5791 diceret,
1567 5724 1663 5794 postea
1678 5720 1775 5794 singu·
