3870 6150
131 211 187 268 'tlt
583 212 725 270 memb.
744 212 789 270 dli
806 211 886 270 seh.
907 209 951 270 lx.
967 237 1003 253 -·
1020 208 1145 268 tslboltl
1162 211 1375 269 uenesmms
1761 216 1809 272 720

58 375 63 381 ,
130 319 209 376 nime
221 316 377 390 baptizant,
393 333 446 374 nec
456 319 533 392 apud
544 319 613 375 istos
625 321 661 377 de
674 321 782 378 unitate
794 320 946 394 potestatis
955 331 985 408 Α
995 319 1190 377 annitentibus
1202 323 1268 392 post
1281 319 1554 377 condemnationem
1563 335 1647 378 more
1655 323 1808 393 apostolico

131 413 243 479 divinae,
259 412 314 468 hoc
327 414 379 480 est,
393 412 492 480 Patris,
507 412 579 482 Filii,
590 419 618 470 et
629 414 749 486 Spiritus
758 415 857 484 saneti,
871 432 947 487 quee-
997 413 1195 485 subrogamus,
1206 414 1349 486 tanhsque
1359 414 1458 471 vestris
1464 415 1673 471 assertionibus
1681 414 1809 489 vobisqde

130 506 185 562 stio
195 506 348 577 aliquando
360 507 510 562 commoda
522 511 573 562 est.
589 509 624 563 Et
635 508 701 565 ideo
711 509 844 564 omnibus
854 525 947 581 segre·
996 511 1056 563 tam
1065 507 1159 576 bonis,
1173 510 1231 563 ιιιι
1241 508 1334 562 charis
1342 524 1400 564 non
1408 509 1477 564 dare
1487 525 1673 577 consensum,
1683 509 1808 566 omnibus

132 599 203 672 gatis
215 600 275 655 haee
294 601 354 655 sola
369 600 458 656 electa
474 605 527 669 est,
543 601 590 656 cui
605 601 680 657 istud
698 603 828 659 crederet
844 619 945 660 conce·
997 600 1095 657 durius
1111 602 1197 656 rebus
1213 601 1397 658 arbitramur.
1413 604 1466 658 Pro
1481 606 1574 658 restra
1589 619 1661 675 ergo
1675 604 1809 675 approba-

130 693 268 763 dendum,
288 693 356 765 quia
381 693 452 749 nihil
475 694 505 749 in
525 694 625 764 Patris,
644 698 674 752 et
691 696 764 765 Filii,
784 700 813 752 et
824 697 947 769 Spiritus
996 693 1084 765 tione,
1104 695 1206 750 iratres
1227 694 1397 766 charissimi,
1421 698 1449 751 et
1467 697 1622 763 sententia,
1638 713 1673 752 ac
1689 699 1806 768 postola-

131 787 220 842 sancti
248 791 425 844 sacramento
452 794 592 860 peccaret.
619 789 647 846 Si
672 791 736 863 quis
754 807 822 846 vero
843 790 878 846 de
890 789 946 848 lide
996 789 1077 844 tione
1091 788 1256 861 episcopum
1270 789 1405 845 Fotinnm
1423 788 1571 846 llabetote.
1587 790 1713 846 Licitum
1725 792 1808 849 estiis

129 881 267 938 catholica
281 882 317 937 ad
329 882 460 939 heresim
477 883 631 954 transiens,
643 889 692 939 aut
710 884 800 940 tidelis
811 885 847 939 ab
860 900 945 957 apos·
997 882 1177 953 constituere,
1200 886 1231 938 ut
1251 883 1458 956 deprecamini,
1478 887 1508 940 et
1520 888 1650 940 nostram
1665 885 1698 940 in
1716 885 1808 941 melim

128 975 198 1031 tesia
212 979 405 1044 reverentens,
416 980 445 1031 ιι
457 977 628 1050 resipiscens
636 978 728 1034 redire
736 978 865 1047 voluerit,
876 994 948 1035 nun·
996 992 1160 1033 conversam
1173 976 1345 1032 sententiam
1359 976 1466 1046 labore,
1481 978 1525 1033 vel
1536 978 1706 1034 testimonio
1718 983 1807 1035 nostro

128 1069 196 1142 quid
211 1069 311 1126 eadem
325 1070 432 1127 ratione
447 1071 551 1143 poterit
560 1071 595 1127 ad
606 1072 714 1128 clerum
729 1072 852 1142 admitti,
867 1072 948 1144 crq'us
997 1074 1162 1142 compotem
1176 1069 1268 1127 verbis
1282 1069 1426 1142 suscipite.
1440 1072 1529 1143 AEque
1544 1071 1730 1128 Eustachium
1741 1089 1757 1126 a
1767 1088 1808 1128 me

129 1163 313 1219 commissum
328 1164 445 1221 nonnisi
466 1180 517 1238 per
530 1166 649 1237 longam
673 1165 873 1237 peonitentiam
895 1183 946 1238 po·
997 1163 1151 1235 saepissime
1167 1164 1385 1235 comprobatum
1403 1164 1493 1220 nolite
1516 1169 1735 1237 exspectarent
1755 1165 1808 1221 dia·

129 1257 196 1314 terit
206 1257 315 1313 aboleri
328 1259 343 1314 ‘t
354 1259 410 1314 Nec
428 1262 493 1330 post
512 1259 709 1333 poenitentiam
729 1260 864 1316 clericum
884 1259 947 1315 lieri
996 1257 1070 1312 eonii
1085 1256 1177 1329 gratia
1187 1257 1336 1329 spolietur.
1355 1258 1493 1315 Sollicitos
1505 1259 1584 1315 enim
1596 1275 1647 1315 vos
1660 1276 1713 1331 pro
1726 1261 1808 1316 salute

128 1351 183 1425 ipsi
193 1367 317 1407 canones
329 1368 381 1407 sua
394 1352 560 1409 auctoritate
573 1353 771 1425 permittunt?
783 1354 864 1411 Unde
877 1370 945 1410 con·
996 1351 1118 1407 libenter
1130 1350 1225 1422 audio,
1239 1356 1338 1409 eontra
1353 1357 1440 1425 ceput
1452 1353 1540 1409 etiam
1553 1353 1760 1409 solaciandum
1771 1360 1808 1410 est

128 1445 241 1518 statqui
253 1447 288 1500 de
298 1446 481 1503 catholicaad
493 1448 635 1503 Bonosum
644 1447 822 1504 transierunt
831 1448 947 1503 damna·
997 1460 1056 1500 non
1068 1444 1189 1500 libenter
1199 1444 1329 1500 admitto.
1349 1445 1401 1501 Cui
1415 1462 1533 1502 manum
1543 1446 1704 1518 porrigitis,
1718 1447 1806 1503 vobis

126 1543 203 1610 tum,
217 1545 303 1612 atque
316 1540 390 1613 passi
403 1546 478 1609 sunt,
490 1541 701 1614 eutcupicrunt
712 1541 748 1597 ab
759 1541 859 1598 eodem
870 1540 945 1597 ordi·
997 1554 1062 1593 cum
1077 1537 1201 1611 porrigo.
1225 1538 1277 1594 Cui
1299 1538 1424 1611 porrigo,
1444 1556 1559 1596 mecum
1578 1541 1731 1612 porrigite.
1750 1542 1807 1596 lter

127 1633 201 1703 nari,
215 1649 275 1689 non
285 1632 442 1705 oportuisse
452 1633 639 1691 ordinationis
656 1634 851 1691 ecclesiastica
864 1634 948 1690 susei-
997 1630 1074 1688 enim
1085 1632 1121 1687 ad
1133 1631 1295 1688 Corinthios
1306 1632 1461 1705 apostolica
1470 1634 1670 1689 estdeclarata
1683 1633 1805 1707 benigni·

127 1744 196 1799 pere
211 1727 394 1799 dignitatem,
415 1728 466 1799 qui
487 1728 689 1784 communione
709 1729 839 1785 omnium
855 1730 946 1784 Eccle·
956 1697 985 1772 Β
996 1725 1190 1794 tas,utinuno
1202 1725 1303 1798 spiritu
1314 1725 1631 1783 ductamacreductam
1641 1728 1804 1785 sententiam

127 1822 235 1876 siarum
247 1821 389 1893 judicium
413 1821 589 1890 deserentes,
611 1839 692 1878 suam
712 1822 902 1895 spiritualiter
915 1821 946 1879 in
995 1819 1066 1875 boni
1078 1834 1191 1891 semper
1203 1819 1401 1876 indifferenter
1416 1823 1575 1893 sequantur
1587 1821 1696 1891 (licor.
1710 1838 1747 1889 ιι,
1759 1824 1802 1894 lt).

128 1916 240 1970 Bonoso
258 1914 399 1970 unitatem
419 1915 597 1987 sequendam
617 1932 680 1972 esse
708 1917 862 1973 duxerunt.
889 1916 946 1973 Sed
996 1915 1077 1981 Nam,
1091 1912 1191 1982 fateor,
1211 1912 1273 1968 haec
1286 1929 1332 1969 me
1348 1913 1476 1986 primum
1496 1929 1542 1969 res
1559 1914 1635 1971 bene
1648 1914 1733 1971 habet
1745 1931 1802 1987 erge

127 2009 230 2064 multos
255 2011 367 2064 constat
385 2009 442 2064 vim
463 2026 561 2081 passos
580 2013 665 2081 atque
686 2009 789 2067 invitos
812 2013 947 2066 attractos
996 2005 1180 2061 Eustachium
1192 2005 1354 2075 diaconum,
1370 2007 1445 2078 quod
1458 2010 1622 2063 neccontra
1633 2008 1723 2065 iidem
1733 2008 1801 2080 quid·

127 2105 383 2175 repugnantesque
403 2101 439 2157 ab
459 2103 560 2159 eodem
580 2103 737 2159 ordinatos.
758 2104 839 2161 Dicat
862 2105 944 2175 mihi,
996 2115 1083 2171 quam
1096 2100 1206 2155 loeutus
1221 2100 1266 2167 sit,
1289 2116 1343 2155 nec
1355 2100 1519 2173 loquentem
1532 2101 1694 2170 admiserit,
1710 2118 1759 2158 nec
1771 2101 1799 2157 ad

128 2195 204 2262 volo,
221 2195 349 2267 quisquis
361 2195 415 2250 hoc
427 2195 528 2264 credit,
545 2195 569 2251 si
581 2212 640 2252 non
655 2201 718 2268 post
732 2197 946 2254 ordinationem
995 2197 1119 2249 mortem
1142 2192 1254 2249 crimen
1268 2192 1386 2265 aliquod
1405 2194 1597 2264 commisisse,
1613 2196 1659 2251 vel
1675 2196 1798 2267 jactatum

54 2305 56 2308 ⁴
129 2288 229 2343 Bonosi
245 2288 385 2356 interfuit,
395 2290 619 2345 comeonfioeret
628 2294 819 2359 sacramenta,
833 2292 856 2346 si
872 2308 947 2347 com·
997 2303 1126 2358 unquam
1135 2286 1284 2343 velficium
1295 2288 1492 2360 cognoverim·
1503 2291 1537 2344 Et
1548 2288 1616 2361 quia
1628 2288 1713 2344 inhia
1722 2289 1797 2345 salvus

128 2381 319 2438 manicationi
332 2381 394 2455 ejus
407 2381 591 2454 participatus
602 2399 660 2439 non
673 2389 725 2453 est,
744 2384 769 2440 si
782 2385 878 2441 statim
891 2385 946 2441 dis·
995 2384 1047 2448 est,
1061 2380 1085 2435 Si
1098 2396 1156 2452 (1¹10
1166 2383 1249 2452 liassi⁰
1258 2382 1487 2438 0⁰1¹Vef⁵³ii⁰¹10³
1499 2383 1640 2438 ambillis
1650 2399 1709 2439 ¹1⁰n
1718 2382 1794 2449 hsbsi

128 2476 231 2531 cedens
253 2476 288 2531 de
310 2476 371 2546 ejus
392 2475 518 2548 pessimo
536 2475 723 2533 conciliabulo
741 2478 775 2534 ed
795 2479 946 2536 Ecclesiam
995 2474 1144 2530 habendus
1163 2477 1216 2543 est,
1234 2478 1264 2529 ui
1277 2475 1372 2530 minus
1387 2492 1439 2547 pro
1455 2479 1585 2549 tempore
1605 2477 1735 2544 dilectus,
1752 2492 1795 2531 nah

127 2568 221 2635 rediit,
252 2568 304 2624 iste
329 2569 393 2624 talis
418 2573 512 2641 potest
533 2569 638 2626 hebere
670 2572 794 2627 colorem
819 2573 945 2644 aliquem
996 2567 1172 2623 utinimicus
1185 2567 1353 2637 estimatus,
1372 2568 1531 2625 diaboloin
1546 2574 1690 2642 perpetuo
1704 2570 1793 2626 menci-

128 2662 325 2718 ercusationis.
341 2664 484 2719 (laetcrum
494 2663 544 2736 qui
553 2667 618 2737 post
632 2680 742 2721 annum
756 2670 806 2720 aut
815 2682 945 2722 mensem
994 2659 1117 2732 pandus.
1136 2663 1282 2733 Cognosco
1305 2663 1387 2718 iilum
1411 2662 1490 2717 inter
1511 2662 1577 2718 illas
1596 2663 1754 2720 simultates
1770 2678 1793 2717 ιι

127 2757 163 2811 ad
175 2755 329 2811 Ecclesiam
344 2757 505 2825 redierunt,
528 2757 717 2830 intelligimus
731 2774 837 2830 eosque
851 2759 945 2831 quiin
994 2753 1122 2810 turbines
1137 2759 1235 2810 contis
1253 2755 1410 2811 milliorum
1425 2756 1528 2823 studia,
1549 2773 1610 2813 11⁰ss
1625 2757 1689 2814 t110⁰
1704 2756 1790 2829 (luslit

126 2848 293 2904 catholicam
306 2855 448 2906 noverant
461 2867 491 2906 se
506 2855 624 2924 propter
636 2851 703 2907 vitia
716 2869 766 2907 sua
785 2869 844 2908 non
862 2870 945 2925 possa
995 2846 1108 2902 divetss
1126 2848 1257 2917 sensisse,
1284 2852 1312 2904 et
1335 2865 1402 2905 cum
1429 2849 1497 2905 hine
1519 2867 1567 2906 res
1587 2867 1622 2906 ac
1639 2851 1792 2907 calamitates

103 2970 106 2977 ,
127 2942 272 3014 suscipere
284 2943 508 3013 ordinationem,
522 2944 628 3001 idcirco
641 2945 677 3000 ad
693 2945 774 3001 illum
787 2947 944 3018 perrexisse
994 2940 1064 3013 ipsae
1074 2941 1235 2997 smendsiae
1247 2942 1314 3013 sint,
1329 2942 1422 2998 adhuc
1433 2943 1582 3000 Dizoniani
1594 2950 1624 3001 et
1638 2945 1735 3001 Sirieai
1745 2943 1792 2999 suh

127 3035 177 3107 qui
202 3035 318 3107 passim,
341 3039 371 3091 ιι
388 3035 449 3092 sine
474 3037 531 3092 ulla
554 3037 729 3095 discussione
753 3040 944 3097 ordinationes
954 3067 982 3142 C
994 3034 1179 3091 diaconorum
1194 3052 1253 3092 non
1276 3036 1402 3108 potuisse
1420 3038 1497 3108 apud
1514 3054 1564 3093 vos
1579 3039 1791 3095 emendationem

128 3127 240 3184 illicitas
250 3128 384 3196 iaciebat,
399 3130 549 3188 eredentes
561 3148 591 3188 se
604 3148 687 3204 posse
699 3149 751 3204 per
764 3133 848 3189 istam
862 3134 943 3191 insti·
994 3128 1170 3185 reviviscere·
1185 3130 1373 3202 Compescits,
1388 3147 1496 3202 quaeso,
1506 3131 1542 3187 ab
1553 3132 1603 3188 illu
1612 3133 1790 3205 praedictisque

128 3220 270 3277 tutionem
287 3222 382 3279 locum
401 3223 431 3279 in
448 3224 574 3281 Ecclesia
592 3225 734 3282 catholica
752 3227 889 3298 recipere,
909 3228 945 3284 de
995 3238 1232 3296 quorumcunque
1243 3223 1618 3292 videtisanimos,sanenon
1628 3226 1718 3298 justas
1726 3240 1791 3281 (ιιι

127 3331 183 3388 ιιι
200 3318 284 3370 ιιιιι
297 3315 495 3389 (ιιιιιιιιιιι.
517 3316 597 3371 Νιιι
616 3315 685 3372 illud
706 3318 783 3389 quod
805 3323 943 3392 superest,
993 3315 1124 3386 tationes,
1150 3320 1181 3372 ut
1201 3317 1261 3389 ipse
1279 3318 1355 3390 apud
1377 3334 1429 3374 nos
1445 3317 1568 3391 integer,
1590 3320 1668 3393 apud
1688 3332 1790 3375 voscun

127 3424 208 3480 rogo,
222 3409 271 3480 qui
284 3413 349 3481 post
361 3425 502 3480 mensem,
517 3413 567 3465 aut
581 3425 615 3465 eo
630 3410 754 3484 emplius
767 3412 864 3483 rediit,
878 3429 945 3469 eum
995 3409 1053 3465 suis
1067 3413 1216 3482 reparatus
1230 3416 1376 3467 mereatur
1392 3428 1494 3483 pacem
1519 3428 1577 3468 non
1593 3413 1699 3483 fictam,
1717 3410 1788 3485 prori-

128 3519 158 3558 se
173 3503 372 3575 presbyterum
388 3519 405 3559 a
418 3504 528 3559 Bonoso
547 3504 703 3561 conlideret
725 3505 898 3577 ordinatum,
921 3507 945 3562 si
996 3503 1067 3559 deus
1079 3503 1259 3561 charitatem.
1270 3504 1409 3561 Omnibus
1421 3505 1512 3577 igitur
1522 3506 1612 3576 vobis,
1626 3523 1659 3563 ac
1667 3504 1789 3579 sigillatim

129 3613 187 3651 non
201 3599 377 3652 sacramenta
395 3597 528 3667 coniecit,
549 3597 573 3653 si
587 3615 647 3654 non
667 3599 780 3671 populis
796 3599 905 3668 tribuit,
923 3601 946 3656 si
996 3601 1125 3654 occurrat
1146 3598 1278 3668 charitas,
1303 3601 1332 3654 et
1356 3599 1477 3655 vinculis
1500 3617 1565 3673 ques
1590 3601 1678 3657 nullis
1691 3599 1788 3657 modist

129 3705 187 3745 non
197 3689 298 3745 missas
305 3690 461 3747 seeundum
468 3691 703 3748 consuetudinem
712 3693 946 3767 complevit,quid
994 3691 1105 3747 Christo
1120 3692 1284 3760 solvuntur,
1306 3693 1454 3749 vobiscum
1471 3694 1579 3766 pariter
1594 3695 1626 3751 in
1643 3699 1787 3767 ιιιιιιιιι

127 3783 163 3839 (ιι
179 3783 223 3839 his
234 3783 383 3855 censeatis,
400 3801 508 3857 (ιιιιο,
519 3786 658 3858 prematis
667 3787 802 3859 apertius.
818 3787 861 3844 hd
871 3804 946 3844 sum·
995 3801 1124 3841 connexa
1138 3784 1252 3842 laetetur
1265 3786 1295 3841 ιι
1309 3786 1442 3843 ιιοιιιιο.

127 3892 207 3932 mam
222 3881 298 3934 certe
313 3877 362 3949 qui
376 3877 481 3934 nihile
501 3880 610 3935 Bonoso
630 3886 801 3951 acceperunt
819 3881 861 3937 rei
880 3884 948 3937 sunt
1047 3878 1095 3934 Ae
1106 3880 1241 3949 synodum
1258 3880 1289 3934 ιἰι
1305 3881 1437 3937 Τιιοιιιιι
1449 3882 1559 3938 deitate
1573 3884 1750 3939 martiatum.
1831 3898 1833 3921 =

129 3973 271 4042 usurpatae
293 3970 450 4042 dignitatis,
472 3971 522 4044 qui
536 3972 778 4029 conficiendorum
799 3990 945 4030 sacrorum
1033 3977 1058 4028 l.
1073 3973 1112 4027 ile
1128 3973 1330 4044 llyspanorum
1347 3975 1572 4047 reprehensione
1588 3976 1639 4049 qui
1652 3974 1785 4033 inordinate

128 4063 181 4119 sibi
195 4063 412 4120 vindicaverunt
425 4066 729 4139 auctoritatem‚atque
739 4067 813 4122 adse
830 4071 947 4139 putave-
995 4064 1169 4122 constituunt
1182 4067 1311 4124 elericos.

127 4160 196 4213 runt
215 4173 277 4213 esse
299 4158 377 4229 quod
392 4157 427 4214 de
441 4158 486 4214 his
501 4160 580 4215 nulla
590 4159 684 4215 luerat
695 4159 820 4231 regulari
835 4159 945 4217 ratione
1030 4163 1057 4214 ι.
1070 4160 1105 4214 Ut
1115 4159 1256 4229 causidici,
1276 4161 1321 4217 sel
1338 4161 1468 4230 curiales,
1491 4163 1536 4219 vel
1551 4164 1682 4221 saeculari
1702 4158 1783 4220 militis

129 4266 305 4306 concessum.
996 4251 1095 4320 dediti,
1108 4254 1145 4308 ad
1154 4253 1262 4309 olerum
1273 4271 1333 4311 non
1348 4256 1546 4313 admittentur.

165 4341 260 4416 177
278 4344 322 4399 Vl.
336 4345 562 4417 Pervideatergo
575 4345 690 4403 dilectio
703 4348 794 4403 vestra
807 4347 945 4405 hactenus
1030 4348 1057 4402 3.
1071 4347 1107 4401 Ut
1118 4346 1282 4420 quicunque
1300 4349 1372 4405 tales
1394 4349 1518 4406 ordinati
1532 4352 1643 4409 fuerim
1656 4367 1719 4408 eum
1731 4344 1781 4405 ιιι

129 4436 195 4493 talia
210 4437 355 4506 transisse,
372 4440 401 4493 et
419 4437 559 4495 advertite
573 4440 651 4512 quod
669 4440 776 4514 utique,
793 4447 826 4497 nt
840 4440 943 4512 dicitis,
953 4439 984 4513 D
996 4439 1143 4496 natorihus
1153 4441 1211 4496 suis
1225 4441 1418 4513 deponantur.

127 4532 281 4588 necessitas
294 4531 629 4607 imperavitinpacejam
639 4534 980 4600 eeclesiasconstitutcs
1032 4535 1058 4589 4.
1083 4536 1121 4590 be
1141 4536 1413 4592 commemoratione
1434 4538 1540 4593 Nieaeni
1563 4539 1688 4608 concilii,
1707 4539 1783 4606 inquo
1831 4572 1833 4579 ·

128 4642 187 4681 ιιι
197 4642 381 4698 presumere,
392 4627 454 4695 sed,
465 4633 581 4700 otsaepe
590 4628 702 4698 accidit,
713 4629 947 4703 quotiesepopu-
997 4627 1160 4699 supradicta
1176 4628 1374 4700 prohibentur.

127 4718 227 4789 lis,aut
240 4736 257 4774 a
268 4720 504 4792 turbapeceatur,
517 4722 585 4795 quia
594 4722 624 4778 in
635 4739 736 4779 omncs
746 4728 866 4796 propter
876 4723 947 4778 mul·
1032 4725 1058 4777 5.
1075 4721 1177 4785 Quales
1189 4723 1313 4794 eligendi
1327 4730 1395 4781 sunt
1407 4724 1436 4781 in
1450 4725 1552 4781 ordina
1562 4728 1736 4784 clericorum.

127 4811 280 4867 titudinem
298 4829 358 4869 non
377 4817 470 4886 potest
478 4815 607 4884 vidicari,
619 4817 740 4872 multum
751 4818 841 4873 soleat
851 4822 945 4874 trans·
1031 4818 1058 4870 6.
1075 4816 1116 4871 ιιι
1129 4831 1162 4871 eo
1174 4816 1224 4889 qui
1241 4821 1306 4872 ante
1325 4818 1501 4890 baptismum
1518 4836 1637 4879 uxorem
1656 4819 1754 4887 hebui,
1766 4816 1786 4867 si

127 4904 180 4960 ire.
193 4905 289 4961 Priora
308 4923 377 4978 ergo
398 4908 570 4964 dimittenda
589 4909 653 4966 dieo
667 4911 719 4966 bei
730 4910 851 4983 judicio,
868 4915 896 4967 ιι
910 4912 946 4968 de
995 4914 1061 4981 post
1073 4909 1248 4982 baptismum
1258 4909 1354 4982 aliam,
1369 4912 1486 4968 clericus
1501 4930 1560 4970 non
1575 4914 1635 4972 liat.

128 4999 239 5071 reliquo
254 5001 377 5056 maxima
393 5002 584 5059 sollicitudine
598 5005 828 5076 praecavendum.
1031 5005 1095 5061 co.
1115 5007 1136 5061 l.
1158 5006 1335 5061 hroeaunos
1355 5006 1494 5062 universis
1512 5008 1665 5082 episcopis,
1685 5003 1785 5065 inloto

163 5093 216 5148 vll.
228 5092 346 5149 Veniam
358 5110 434 5150 nune
444 5095 480 5151 ad
492 5097 651 5153 maximum
661 5098 742 5171 quasi
751 5097 788 5153 ad
798 5098 945 5170 quoddam
995 5114 1063 5152 sena
1082 5097 1189 5169 synodo
1212 5098 1381 5167 constitutis,
1407 5099 1577 5156 dulcissimis
1603 5095 1788 5168 iratribus,is

128 5185 367 5255 themaiontium,
379 5190 407 5243 et
417 5189 493 5260 quod
502 5190 575 5246 mihi
586 5190 703 5247 anxium
717 5195 802 5247 astae
812 5192 944 5248 difficilli-
994 5190 1118 5247 Domino
1131 5191 1261 5246 ιιιιιιιι.
1280 5193 1360 5263 Soepa
1374 5209 1421 5248 me
1437 5198 1466 5249 et
1479 5194 1602 5250 nimium
1619 5212 1687 5253 cum
1701 5192 1790 5252 ιιιιιιι

126 5296 217 5350 mum,
231 5279 375 5352 majorum
389 5283 533 5338 revolvam
544 5284 708 5340 sententias.
729 5286 834 5341 Fuerat
848 5286 883 5343 de
894 5285 944 5343 illo
995 5300 1061 5339 cura
1078 5283 1230 5339 sollicitum
1248 5301 1334 5357 super
1348 5286 1532 5343 dissentionis
1550 5288 1708 5347 schismata
1723 5285 1791 5347 Ecds

127 5390 240 5447 quoque
253 5380 348 5447 pacto,
364 5378 398 5430 ut
411 5375 496 5431 etiam
516 5376 572 5453 ipsi
592 5378 841 5449 commeministis,
866 5378 945 5436 aliud
993 5377 1110 5445 siarum,
1130 5377 1208 5448 quod
1229 5378 1338 5434 malum
1358 5396 1412 5451 per
1433 5380 1582 5453 hispanias
1599 5383 1687 5440 latius
1703 5385 1733 5441 in
1750 5380 1793 5439 eie

126 5469 224 5542 utique
240 5468 355 5542 gravius
367 5469 564 5526 constitutum.
581 5472 685 5527 Verum
700 5472 838 5545 quoniam
852 5472 881 5530 id
892 5488 944 5546 per
992 5470 1177 5543 separationis
1199 5471 1289 5543 gradu
1307 5472 1439 5530 incedere
1453 5474 1532 5531 fama
1550 5477 1744 5551 proloquitur,
1759 5486 1794 5530 ιι

124 5579 275 5619 rumorem
286 5563 400 5632 laisum,
414 5567 446 5620 ut
461 5564 596 5633 asseritis,
611 5565 780 5639 subreptum
793 5565 860 5622 huic
871 5566 940 5635 sedi,
990 5565 1144 5622 cessarium
1157 5571 1271 5638 tempus
1285 5566 1467 5640 emersitquo
1480 5567 1795 5642 nonpossitemendetio

124 5661 153 5714 et
168 5656 296 5713 elicitum
317 5675 370 5731 per
387 5658 505 5715 insidias
527 5659 743 5731 demonstratis,
765 5661 831 5733 quia
848 5677 892 5717 res
905 5661 942 5717 ad
990 5664 1070 5716 tanta
1085 5657 1205 5728 differri,
1220 5663 1249 5716 et
1267 5660 1383 5717 deberet
1402 5678 1533 5735 congrua
1556 5664 1705 5724 uredicina
1717 5661 1795 5740 prori-

116 5748 245 5809 salutem
265 5751 373 5825 rediit,
397 5753 510 5817 veniam
530 5771 581 5820 oue
600 5754 675 5817 hanc
698 5754 841 5821 intantum
862 5754 940 5817 vobis
989 5752 1060 5823 deri·
1074 5753 1146 5818 Nata
1161 5753 1196 5821 de
1210 5753 1437 5821 ordinationibus
1456 5773 1527 5838 ques
1546 5774 1645 5838 prave
1655 5763 1795 5827 someti-
