3870 6150
622 284 857 346 nicaeensius
877 288 1072 345 collectio.
1622 288 1690 343 itii

103 400 285 472 upradictum
306 399 403 466 fuerit,
418 396 524 453 vivifice
539 397 631 453 crucis
643 397 759 469 signum
771 396 821 452 edi
831 408 861 482 Α
871 400 913 454 est
926 398 956 453 in
969 397 1061 453 causis
1074 396 1128 468 piis
1135 412 1168 453 ac
1177 395 1318 469 religiosis
1333 396 1509 469 erogandum
1523 399 1575 466 est,
1592 397 1688 453 Domi-

103 511 160 564 ,an
169 495 250 549 noni
263 491 445 548 llludsulficit
453 490 628 562 respondere
636 491 713 563 quod
720 490 821 546 beatus
873 507 910 548 no
924 496 954 547 et
969 491 1106 563 magistro
1126 491 1257 546 omnium
1272 491 1390 546 docente
1407 506 1414 546 :
1433 508 1447 543 s
1463 490 1545 555 Quod
1558 494 1689 563 superest

103 587 152 643 »lus
172 587 240 643 dicit
257 603 264 641 ι
282 606 296 636 ιι
311 585 339 642 Si
354 584 418 658 quis
433 583 535 640 dixerit
549 600 556 639 ι
571 584 627 639 Hoc
641 583 822 639 immolatum
873 585 939 641 date
953 585 1177 656 eleemosynam,
1188 588 1217 640 et
1228 600 1293 641 ecce
1306 583 1403 639 omnis
1412 584 1521 640 munda
1532 586 1598 639 sunt
1607 582 1688 639 vobis

103 681 167 736 olite
181 680 267 736 edere
281 682 399 751 propter
413 694 480 733 eum
490 677 699 750 quiindicavit,
716 682 745 733 et
759 694 822 749 pro·
873 678 948 749 (Luc.
962 695 1000 750 xi,
1016 679 1071 750 ιι).
1090 699 1104 727 n

103 774 295 831 conscientiam
309 775 333 842 (l
346 772 406 829 Gor.
423 789 451 839 x,
466 772 526 841 ιιι).
542 791 556 823 ιι
571 770 714 826 Addidisti
729 771 823 826 adhuc
907 776 1087 845 intendentia
1113 775 1270 841 Augustini.
1293 773 1365 828 Cum
1391 788 1449 828 una
1473 772 1510 828 sit
1533 770 1612 841 fides,
1637 787 1689 827 cur

106 868 132 924 si
142 867 276 940 patervel
284 869 387 934 mater,
402 865 493 919 lilium
505 865 550 919 vel
558 864 648 919 liliam
661 863 737 919 intra
744 868 823 936 septa
873 870 942 923 sunt
959 866 1146 923 Ecclesierum
1164 865 1282 921 diversae
1303 865 1533 933 consuetudines,
1553 868 1583 920 et
1606 863 1689 920 aliter

103 960 169 1018 terii
189 961 219 1015 in
240 959 368 1015 infantiae
385 959 468 1013 annis
488 958 541 1013 suh
562 957 684 1028 regulari
701 957 823 1013 tradide-
873 960 1051 1016 consuetudo
1070 960 1224 1015 missarum
1244 960 1274 1014 in
1294 964 1391 1015 sancta
1407 960 1538 1015 Romane
1556 959 1688 1026 Ecclesia,

103 1054 237 1126 isciplina,
251 1057 349 1107 utrum
361 1051 449 1107 liceat
461 1051 512 1120 eis,
525 1053 676 1122 postquam
690 1050 822 1122 puberta-
873 1060 959 1125 atque
972 1053 1054 1110 aliter
1067 1054 1097 1108 in
1113 1053 1268 1109 Galliarum
1280 1051 1409 1108 Ecclesiis
1423 1054 1558 1109 tenetur?

103 1147 239 1220 pleverint
258 1163 360 1215 annos,
377 1145 477 1216 egredi
493 1149 522 1200 ιι
536 1143 720 1199 matrimonio
733 1159 822 1214 copu·
909 1150 1051 1219 Respomio
1060 1147 1192 1218 Gregorii.
1216 1147 1298 1202 Novit
1310 1146 1475 1201 fraternitas
1489 1152 1540 1202 tua
1553 1147 1690 1203 Romanae

103 1246 141 1298 loc
161 1241 280 1296 omnino
294 1239 444 1305 evitamus,
463 1238 530 1309 quia
541 1237 620 1293 nefas
635 1242 687 1306 est,
703 1242 735 1292 ut
749 1237 824 1292 obla·
875 1241 1006 1297 Ecclesiae
1019 1241 1267 1311 consuetudinem,
1288 1241 1319 1294 in
1333 1255 1390 1312 qua
1408 1256 1439 1294 se
1451 1240 1583 1295 meminit
1596 1241 1690 1296 ιιιιιιι-

103 1335 252 1391 arentibus
265 1336 324 1390 beo
339 1333 404 1387 filiis
420 1332 573 1403 voluptatis
584 1332 666 1386 irena
678 1331 822 1386 laxentur.
873 1339 943 1402 tam,
957 1350 1045 1407 quam
1060 1334 1140 1390 valde
1150 1332 1301 1389 amabilem
1313 1337 1340 1388 te
1352 1333 1465 1388 habaiu.
1479 1332 1537 1390 Sed
1549 1333 1621 1389 mihi
1633 1335 1692 1406 pla·

103 1445 158 1485 'ero
175 1428 324 1502 quosdam,
336 1410 443 1498 alisque
452 1425 682 1496 interrogatione
692 1424 823 1496 symboli,
874 1434 927 1496 cet,
948 1430 981 1483 ut
1000 1428 1105 1484 sivein
1125 1428 1263 1497 Romana,
1284 1426 1342 1482 sire
1361 1426 1392 1481 in
1412 1427 1577 1495 Galhamm,
1590 1427 1648 1483 sive
1660 1428 1691 1483 in

103 1523 188 1578 iltcris
198 1526 227 1577 ιι
236 1520 363 1592 indignis
373 1519 544 1591 presbyteris
555 1520 647 1574 lassus
656 1534 687 1573 cs
697 1518 822 1591 baptiza·
874 1520 1001 1594 qualibet
1013 1521 1136 1577 Ecclesia
1148 1520 1254 1593 aliquid
1269 1520 1413 1588 invenisti,
1427 1519 1504 1592 quod
1517 1520 1582 1592 plus
1595 1521 1690 1577 omni-

103 1635 109 1671 ι
121 1615 166 1671 his
180 1618 229 1669 tua
243 1615 361 1670 dilectio
375 1618 471 1670 teneat
488 1612 638 1685 antiquum
649 1628 760 1668 morem
773 1613 823 1666 Ec·
874 1614 985 1687 potenti
997 1615 1055 1671 beo
1068 1614 1159 1686 possit
1173 1614 1296 1685 placere,
1311 1613 1428 1669 sollicite
1440 1613 1529 1684 eligas
1542 1614 1573 1670 in
1582 1616 1691 1687 Auglo·

103 1709 209 1781 ,quia‚
231 1708 360 1780 quisquis
382 1707 411 1761 in
433 1706 551 1762 nomine
575 1706 664 1762 Patris
679 1711 707 1760 et
722 1705 784 1760 Filii
797 1710 825 1761 et
874 1725 939 1764 rum
952 1708 1083 1778 Ecclesia,
1097 1707 1267 1780 quseadhuc
1284 1705 1417 1762 adfidem
1430 1722 1504 1762 nova
1517 1707 1693 1777 est,institu-

103 1801 390 1872 issanctibaptizatus
396 1804 450 1867 est,
456 1799 625 1871 rebaptizari
631 1798 824 1854 cumminime
833 1792 863 1865 B
873 1802 952 1858 tione
965 1801 1107 1873 praecipua
1121 1816 1185 1873 quae
1200 1800 1234 1855 ιιι
1249 1799 1346 1856 multis
1357 1799 1486 1855 Ecclesiis
1495 1800 1627 1873 colligere
1635 1819 1690 1874 po·

117 1897 178 1952 lion
193 1895 270 1950 enim
285 1895 314 1950 in
328 1895 446 1949 nomine
460 1893 640 1965 baptizantis,
660 1892 756 1948 sedin
770 1909 822 1948 no·
874 1894 1109 1950 tuistiiniundes.
1121 1894 1184 1949 Non
1193 1894 1271 1948 enim
1281 1909 1333 1964 pro
1345 1893 1476 1961 locisres,
1487 1893 1536 1949 scd
1545 1910 1598 1966 pro
1607 1894 1692 1951 bonis

107 1988 254 2046 Trinitatis
275 1987 360 2059 hujus
382 1986 482 2059 gratias
504 1987 613 2042 donum
637 1986 774 2059 percepit,
797 1991 826 2062 et
874 1988 962 2044 rebus
972 1988 1035 2045 loca
1049 1988 1171 2044 amanda
1183 1990 1259 2042 sunt.
1274 1986 1445 2058 Exsingulis
1454 2002 1523 2059 ergo
1532 1988 1694 2061 quibusque

103 2099 142 2139 nr
153 2082 229 2156 quod
241 2081 392 2154 Apostolus
406 2081 474 2136 dicit
487 2097 494 2136 ε
507 2081 609 2136 «Unus
622 2080 707 2148 Deus,
720 2095 778 2135 una
791 2079 825 2135 fi·
875 2081 1015 2150 Ecclesiis,
1035 2097 1099 2154 quae
1120 2081 1179 2154 pia,
1199 2096 1265 2153 quae
1284 2080 1427 2152 religiosa,
1449 2096 1513 2153 quoe
1531 2085 1610 2137 recta
1628 2086 1695 2138 sunt

105 2193 176 2232 num
189 2176 333 2248 baptisma
344 2174 450 2245 (Epiros.
463 2190 498 2241 iv,
511 2173 548 2244 5),
562 2195 576 2223 n
591 2172 748 2228 doctrinam
758 2188 825 2228 sero
876 2175 959 2248 elige,
970 2179 999 2231 et
1008 2176 1080 2244 haec,
1090 2174 1172 2248 quasi
1181 2174 1212 2229 in
1221 2173 1357 2229 fasciculo
1371 2173 1489 2229 collecta
1501 2174 1577 2246 apud
1589 2175 1694 2247 Anglo·

103 2272 166 2326 ilem
182 2270 286 2325 talibus
306 2268 459 2324 studiosius
483 2272 513 2322 ut
532 2267 679 2339 impertias
705 2267 825 2323 deman·
877 2284 942 2324 rum
954 2271 1076 2336 mentes,
1086 2266 1363 2324 inconsuetudinem
1379 2266 1499 2339 depone.

103 2381 122 2419 s.
912 2365 1090 2432 interrogatio
1105 2363 1265 2433 Augustini.
1283 2360 1407 2417 Obsecro
1424 2361 1493 2433 quid
1507 2361 1567 2433 pati
1579 2360 1693 2433 debeat,

103 2484 149 2534 unt
167 2481 326 2549 quaestiones
343 2478 372 2533 S.
397 2480 545 2546 Augustini
561 2477 767 2533 Gontuoriensis
784 2494 828 2532 or·
878 2456 901 2511 ’i
916 2456 980 2528 ‘1⁰5³
991 2454 1102 2527 aliquid
1113 2455 1149 2511 de
1162 2454 1281 2511 ⁰⁰0¹&ss
1291 2454 1369 2510 f¹¹1i0
1382 2453 1541 2511 mmerit-

103 2550 272 2620 ibiepiscopi,
281 2555 307 2604 et
315 2552 501 2620 responsiones
514 2549 637 2618 Gregorii
645 2564 734 2620 pope.
913 2551 1058 2621 Responsio
1073 2550 1204 2619 Gregorii.
1219 2549 1278 2605 lloc
1291 2548 1511 2605 tualraternitas
1524 2564 1559 2604 ex
1571 2564 1694 2620 persona

103 2645 227 2714 erogatio
240 2643 312 2697 beuti
322 2645 478 2713 Augustini
494 2644 612 2712 epicope
625 2641 828 2697 Gontuon'ensis
877 2641 1302 2715 iurispensarepotestqualiter
1309 2641 1522 2713 valeatcorrigi.
1533 2643 1606 2698 Sunt
1614 2642 1693 2698 enim

104 2739 148 2800 ιι,
159 2735 195 2790 ιιι
210 2735 349 2807 episcopis
357 2735 479 2807 qualiter
491 2751 557 2790 cum
571 2734 629 2789 suis
644 2735 754 2790 clericis
764 2751 837 2790 conr
879 2736 929 2808 qui
950 2735 1089 2792 habentes
1109 2734 1245 2806 subsidia,
1266 2736 1375 2792 lurtum
1394 2738 1570 2808 perpetrant,
1587 2738 1616 2791 et
1628 2741 1695 2791 sunt

103 2832 172 2900 rtur,
183 2830 228 2884 vel
239 2829 274 2883 de
284 2829 338 2898 his,
351 2828 397 2899 qui
414 2828 541 2884 fidelium
558 2827 733 2883 orationihus
750 2844 827 2883 acce·
878 2830 928 2885 alii
938 2829 987 2902 qui
997 2830 1127 2885 inhaere
1137 2845 1171 2885 ex
1180 2828 1277 2901 inopia
1287 2828 1478 2900 delinquunt;
1489 2828 1568 2885 unde
1579 2844 1695 2885 necesse

103 2923 133 2979 sd
143 2922 286 2991 altarium,
298 2925 413 2993 quanta
423 2920 547 2976 debeant
559 2920 620 2976 tieri
630 2921 788 2994 portiones,
802 2925 831 2976 et
880 2929 932 2994 est,
948 2926 980 2978 nt
993 2923 1110 2996 quidam
1124 2922 1245 2991 damnis,
1258 2922 1376 2996 quidam
1388 2937 1458 2978 sero
1474 2921 1649 2992 verberibus,
1664 2927 1694 2978 et

103 3033 138 3072 er
150 3016 298 3088 episcopus
312 3016 342 3070 in
358 3015 478 3069 ecclesia
490 3030 576 3086 agere
592 3013 704 3072 ιιιιιιιι.
879 3017 997 3089 quidam
1016 3016 1180 3087 districtius,
1200 3016 1320 3089 quidam
1340 3015 1432 3071 levius
1450 3016 1643 3088 corrigantur.
1661 3018 1697 3074 Et

103 3113 194 3182 pensio
227 3109 360 3178 Gregorii.
392 3108 475 3163 Sacra
512 3107 659 3180 Scriptura
693 3110 829 3178 testatur,
881 3126 947 3166 cnm
960 3110 1109 3183 paululum
1128 3109 1283 3164 districtius
1295 3109 1400 3181 agitur,
1416 3126 1451 3164 ex
1463 3108 1601 3166 charitate
1612 3125 1697 3182 agen·

122 3203 195 3258 bene
208 3208 235 3258 te
248 3219 331 3257 nosse
346 3218 404 3257 non
417 3200 527 3282 dubito,
543 3205 572 3257 et
584 3201 741 3274 specialiter
754 3160 868 3256 iteratiC
881 3204 951 3260 dum
960 3205 1012 3272 est,
1028 3220 1087 3259 non
1100 3219 1135 3259 ex
1148 3203 1253 3270 lurore,
1268 3202 1338 3275 quia
1349 3201 1404 3275 ipsi
1417 3203 1471 3258 hoc
1483 3206 1637 3275 praestatur
1647 3203 1697 3276 qui

120 3296 156 3352 ad
173 3295 352 3351 Timotheum
373 3294 516 3367 Epistola,
539 3295 569 3350 in
590 3295 695 3367 quibus
719 3294 832 3350 erudire
881 3296 1045 3369 corrigitur,
1067 3312 1104 3353 ue
1121 3296 1264 3369 gehennae
1278 3294 1393 3367 ignibus
1405 3295 1543 3352 tradatur.
1558 3297 1604 3352 Sic
1618 3296 1697 3352 enim

103 3389 135 3458 it,
156 3389 276 3462 qualiter
290 3405 355 3444 eum
369 3389 400 3443 in
414 3388 499 3444 domo
514 3389 564 3444 liei
578 3389 738 3444 conversari
751 3405 833 3461 opor·
882 3407 934 3446 nos
946 3389 1077 3446 iidelibus
1089 3393 1187 3445 tenere
1197 3388 1379 3460 disciplinam
1388 3388 1536 3458 debemus,
1546 3389 1618 3445 sicut
1627 3389 1697 3445 boni

104 3486 126 3539 t.
149 3484 205 3539 llos
227 3488 323 3539 autem
346 3483 422 3538 sedis
443 3488 486 3538 est
510 3482 670 3554 apostolicae
697 3482 833 3538 ordinatis
881 3488 979 3555 patres
1001 3481 1160 3539 camalihus
1178 3481 1244 3537 liliis
1264 3481 1368 3537 solent.
1396 3482 1473 3546 Quos
1496 3487 1525 3538 et
1546 3498 1598 3555 pro
1607 3482 1698 3554 culpis

103 3577 156 3650 ipis
179 3581 318 3649 praecepta
343 3576 467 3645 tradere,
491 3584 523 3632 ιιι
544 3577 674 3632 exomni
689 3576 832 3648 stipendio
882 3576 1046 3634 verberibus
1065 3576 1184 3645 feriunt,
1202 3579 1232 3631 et
1251 3578 1347 3631 umen
1369 3576 1445 3648 ipsos
1464 3591 1535 3648 quos
1551 3576 1699 3633 doloribus

113 3671 231 3737 accedit,
249 3676 373 3742 quatuor
390 3669 454 3725 fieri
471 3669 594 3725 debeant
605 3669 758 3741 portiones,
777 3685 833 3725 una
883 3670 1027 3743 affligunt,
1037 3669 1279 3727 haberehaeredss
1286 3675 1430 3742 quaerunt,
1441 3671 1471 3726 et
1479 3686 1545 3742 quse
1552 3670 1698 3743 possident

103 3765 286 3837 cetepiscopo
301 3768 329 3820 et
341 3764 469 3830 familias,
479 3767 597 3836 propter
612 3763 832 3837 hospitalitatem
882 3764 951 3837 ipsis
961 3767 1085 3834 semaei,
1101 3780 1172 3836 quos
1187 3763 1253 3818 irati
1270 3763 1381 3835 insequi
1398 3762 1542 3820 videntur.
1563 3765 1627 3820 llaec
1645 3765 1700 3837 igi·

103 3884 105 3909 ι
121 3858 348 3930 susceptionem
365 3859 419 3913 alia
435 3858 525 3926 clero;
541 3857 627 3913 tertia
642 3857 832 3929 pauperibus3
883 3863 930 3913 tur
942 3858 1066 3915 charitas
1079 3862 1176 3914 mente
1187 3856 1314 3913 tenenda
1326 3861 1378 3925 est,
1390 3860 1420 3913 et
1431 3857 1493 3929 ipsa
1507 3857 1628 3913 modum
1638 3874 1699 3916 cor·

103 3969 123 4008 a
134 3951 257 4008 ecclesiis
271 3952 448 4023 reparandis.
462 3951 518 4007 Sed
531 3950 597 4023 quia
606 3954 657 4006 tua
669 3950 834 4006 fraternitas
883 3951 1016 4008 rectionis
1029 3952 1127 4021 dictet,
1143 3951 1184 4006 ita
1197 3955 1229 4006 ut
1245 3966 1327 4006 mens
1340 3954 1420 4007 extra
1435 3951 1552 4006 rationis
1568 3954 1698 4024 regulam

103 4045 259 4103 storiarum
272 4046 379 4118 regulis
392 4045 501 4100 erudite
515 4060 645 4100 seorsum
663 4043 756 4100 virere
774 4060 833 4100 non
885 4045 1003 4102 omnino
1016 4045 1087 4101 nihil
1102 4045 1196 4101 iaciat
1216 4043 1303 4099 Addis
1320 4044 1407 4100 etiam
1427 4043 1571 4117 quomodo
1586 4062 1619 4102 ea
1634 4062 1700 4119 quae

105 4182 112 4209 ,
135 4157 153 4195 a
176 4139 284 4196 clericis
304 4138 361 4193 suis
377 4137 406 4194 in
431 4138 555 4194 Ecclesia
572 4139 742 4210 Anglorum,
760 4154 837 4209 que,
885 4139 961 4195 furto
975 4139 1011 4196 de
1023 4138 1148 4196 ecclesiis
1160 4137 1339 4193 abstnlmunt
1356 4138 1477 4194 reddere
1489 4138 1622 4196 debeant.
1643 4139 1701 4197 Sed

104 4249 135 4289 re
148 4233 213 4303 lieo,
229 4248 321 4303 nuper
333 4233 370 4288 ad
383 4233 470 4287 fidem
483 4232 625 4305 perducta
637 4234 690 4299 est,
701 4231 776 4287 hanc
788 4231 835 4287 ιιι-
884 4233 956 4289 absit
976 4237 1010 4289 ut
1029 4232 1152 4290 Ecclesia
1172 4247 1239 4288 cum
1259 4235 1416 4304 augmento
1429 4231 1557 4304 recipiat,
1573 4234 1653 4306 quod
1665 4234 1701 4291 de

103 4327 319 4383 ›aversationem
334 4326 492 4394 instituere,
507 4342 571 4398 quae
593 4325 675 4380 initio
696 4325 836 4381 nascemis
885 4327 1008 4383 terrenis
1026 4327 1113 4383 rebus
1133 4327 1244 4385 videtur
1265 4326 1409 4396 amittere,
1435 4331 1464 4382 et
1483 4327 1562 4383 lucra
1574 4327 1610 4384 ιιι
1623 4329 1702 4385 ranis

103 4419 150 4476 siae
177 4419 232 4475 iuit
255 4419 384 4491 patribus
408 4418 523 4486 nostris,
543 4419 572 4473 in
594 4419 698 4490 quibus
712 4438 726 4468 ιι
740 4418 837 4474 nullus
886 4424 1005 4492 quarm.

102 4530 122 4569 n
144 4529 178 4568 ex
199 4513 246 4568 his
267 4529 333 4585 quae
352 4511 523 4583 possidebat,
542 4511 652 4584 aliquid
672 4527 755 4567 suum
775 4527 876 4603 esseD
922 4515 1100 4583 interrogatio
1111 4513 1269 4582 Augustini.
1279 4513 1308 4570 Si
1318 4513 1425 4570 debent
1437 4513 1495 4568 duo
1505 4514 1639 4585 germani
1647 4514 1704 4570 ira·

103 4606 836 4677 at,sederanteisomniacommunia(Act.rudit.»
887 4611 946 4664 tres
956 4606 1202 4679 singulassorores
1211 4607 1351 4679 accipere,
1360 4622 1423 4678 quae
1433 4610 1500 4662 sunt
1509 4607 1545 4662 ab
1554 4607 1705 4681 illisionga

103 4701 117 4755 ιι
130 4716 197 4755 vero
212 4699 305 4757 clerici
318 4704 385 4755 sunt
399 4704 479 4755 extra
495 4714 590 4754 sacros
603 4698 719 4754 ordines
736 4698 839 4755 consti·
887 4701 1026 4774 progenie
1039 4703 1196 4773 generatae.

108 4794 157 4867 qui
178 4811 208 4850 se
230 4794 376 4849 continere
396 4810 453 4848 non
475 4799 602 4866 possunt,
626 4792 718 4848 sortiri
740 4808 840 4849 uxores
924 4797 1069 4867 liesgmssic
1082 4796 1214 4865 Gregorii.
1230 4793 1317 4850 llodis
1332 4793 1465 4851 omnibus
1486 4795 1539 4851 hoc
1553 4796 1616 4853 lieri
1628 4798 1703 4856 licet.

103 4892 136 4956 rt,
156 4891 185 4942 et
202 4887 344 4959 stipendis
362 4903 412 4943 sua
433 4887 559 4943 exterius
572 4886 712 4958 accipere,
729 4886 798 4959 quis
812 4891 840 4942 et
890 4891 1074 4962 Nequaquam
1097 4889 1174 4944 enim
1189 4889 1217 4944 in
1227 4888 1312 4945 sacris
1326 4887 1446 4960 eloquiis
1462 4889 1615 4961 invenitur,
1630 4894 1707 4965 quod

103 4998 130 5052 s,
145 4982 180 5037 de
194 4981 298 5052 quibus
308 4981 418 5053 praefati
429 4998 536 5049 sumus,
548 4981 681 5036 norimus
690 4979 839 5053 scriptum,
891 4982 958 5039 huic
971 4981 1096 5054 capitulo
1109 4982 1303 5038 contradicere
1316 4981 1454 5039 videatur.

103 5075 130 5131 id
144 5075 321 5131 dividebatur
333 5076 462 5147 singulis,
478 5080 564 5146 prout
574 5074 677 5147 cuique
697 5090 768 5145 opus
781 5077 842 5129 erat
926 5078 1107 5146 intenogotio
1119 5077 1279 5144 Argentini.
1290 5076 1384 5148 Usque
1403 5076 1439 5132 sd
1454 5084 1572 5151 quotam
1586 5095 1705 5152 genera-

103 5212 116 5236 ,
130 5169 185 5241 35),
195 5190 209 5218 s
219 5169 255 5224 de
270 5186 369 5224 eorum
381 5185 496 5241 quoque
509 5168 648 5241 stipendio
656 5166 841 5239 cogitandum
892 5168 1001 5225 tionem
1009 5168 1104 5224 tidelis
1123 5168 1226 5224 debeat
1245 5184 1311 5224 cum
1324 5171 1492 5243 propinquis
1504 5173 1558 5229 sibi
1570 5173 1707 5244 copulari,

103 5280 110 5319 ι
130 5262 341 5335 providendum
361 5269 413 5331 est,
428 5266 457 5319 et
475 5262 527 5317 sub
541 5261 732 5317 ecclesiastica
742 5261 859 5333 regula'
893 5268 923 5319 et
934 5261 1074 5332 norercb,
1088 5266 1118 5319 et
1130 5261 1271 5334 cognatis,
1282 5263 1306 5318 si
1317 5262 1401 5319 liceat
1412 5265 1540 5337 copulari
1552 5265 1708 5338 coujugiot

103 5355 190 5425 idum,
212 5360 245 5412 ut
264 5357 346 5412 bonis
368 5356 496 5412 moribus
519 5357 624 5424 vivant,
652 5361 681 5410 et
705 5352 843 5411 canendis
928 5358 1073 5429 homousio
1089 5358 1223 5427 Gregorii.
1237 5356 1272 5412 lit
1285 5356 1403 5429 quidem
1420 5363 1534 5414 ιιιιιιιιι
1547 5357 1635 5414 lexin
1651 5359 1706 5415 Ro·

103 5450 143 5506 nis
157 5450 319 5522 invigilent,
335 5454 364 5505 et
376 5450 412 5505 ab
425 5449 559 5506 omnihus
569 5448 675 5505 illicitis
687 5466 735 5505 cor
747 5453 776 5504 et
791 5448 844 5503 lin·
867 5508 870 5513 ,
894 5466 983 5507 mana
991 5449 1138 5523 republica
1147 5450 1297 5524 permittit,
1308 5455 1342 5507 ut
1351 5451 1408 5507 sive
1415 5450 1520 5519 fratris,
1534 5451 1647 5521 sororis,
1657 5468 1708 5510 seu

103 5561 113 5600 ι
127 5548 158 5601 ιι
169 5561 283 5617 corpus,
294 5546 353 5600 lieo
366 5549 482 5600 auctore
496 5549 675 5599 conservent.
691 5542 845 5599 Communi
894 5544 1019 5600 duorum
1032 5545 1154 5602 fratrum
1165 5560 1381 5617 germanomm,
1394 5543 1439 5600 vel
1448 5544 1570 5601 duarum
1577 5562 1709 5604 sororum

103 5638 254 5696 nvennbus
263 5639 324 5710 jam
339 5638 374 5694 de
384 5637 521 5693 iaciendis
535 5636 722 5708 portionibus,
738 5636 782 5692 vel
795 5652 844 5692 ex·
895 5637 1510 5709 filiusetilliamisceantur3sedexperimento
1516 5637 1709 5698 didicimassx

103 5734 152 5790 ida
174 5732 380 5805 hospitalitate,
403 5736 431 5787 et
451 5730 633 5803 adimplenda
651 5729 845 5787 misericordie
895 5730 1089 5806 tahconjugio
1097 5732 1224 5789 sobolem
1233 5747 1293 5788 non
1302 5746 1384 5802 posse
1393 5746 1580 5804 succrescere,
1591 5738 1621 5791 et
1630 5751 1711 5792 sacra

103 5827 191 5903 equid
205 5828 259 5884 erit
274 5825 459 5899 loquendum,
474 5842 539 5881 cum
553 5840 640 5881 omne
653 5823 730 5899 quod
744 5840 844 5898 super·
896 5825 941 5883 lex
950 5822 1622 5899 prohibstcognationisturpitudinemrerelare.
1631 5829 1710 5889 Unde

230 5926 367 5995 Parnoi.
392 5922 506 5991 CXXX.
1534 5932 1573 5993 ib
