3870 6150
146 223 206 279 iss
565 176 568 184 ’
590 209 735 274 urrann.
755 217 799 273 aa
817 217 900 274 sac.
919 217 965 274 rx.
977 245 1013 259 -
1031 211 1154 276 isiooar
1173 220 1396 279 nascamus
1788 226 1836 282 rso

149 331 238 387 mittit
259 328 340 399 ratio,
357 327 427 384 dnm
449 327 486 381 ad
504 329 617 397 tempus
633 341 733 381 eorum
751 325 836 394 bona,
851 325 895 381 vel
914 326 1163 412 lle-Apublicum
1186 329 1324 401 produnt,
1339 334 1389 386 aut
1408 344 1455 385 eos
1476 344 1611 388 aremare
1625 329 1669 386 vel
1687 329 1838 388 detrahere

63 414 64 418 ¹
150 425 254 493 clesiae,
269 428 355 495 atque
376 437 421 477 res
444 420 478 475 ab
501 419 612 475 aemulis
634 422 684 474 aut
707 435 724 473 a
749 419 968 492 quibuscunque
1016 421 1301 493 presumuntveluti
1314 423 1404 480 Cham
1417 423 1466 496 qui
1478 424 1837 497 patrissuiNoepudenda

149 519 319 585 detinentur,
328 519 359 570 nt
365 513 471 586 aliquid
477 513 533 569 illis
540 512 624 584 objici
630 512 805 581 debeat,nec
815 512 967 585 quisquam
1016 531 1074 571 non
1087 516 1207 588 operuit,
1222 515 1272 572 sed
1294 516 1453 573 deridenda
1468 518 1644 576 monstrarit.
1659 517 1798 576 Similiter
1811 523 1838 576 et

148 616 241 687 potest
249 611 289 668 eis
297 625 411 682 quoquo
420 608 506 664 modo
515 607 657 680 quidlibet
667 606 811 679 map'orum
823 607 868 663 vel
877 607 970 662 mino·
1016 608 1058 664 illi
1080 610 1211 682 exemplo
1233 609 1299 666 Sem
1318 613 1346 666 et
1360 611 1461 683 taphet
1476 611 1680 683 justificantur,
1693 613 1745 686 qui
1760 628 1837 669 reve·

148 721 213 763 rum
226 704 351 777 objicere
364 703 433 760 dum
447 700 589 772 Ecclesiis,
604 701 690 758 rebus
709 706 759 757 aut
779 700 969 774 potestatibus
1017 706 1114 758 renter
1128 702 1273 775 operiunt,
1288 706 1318 759 et
1331 720 1388 759 non
1401 704 1528 777 produnt
1541 721 1577 761 ea
1590 721 1655 778 que
1666 709 1764 778 patres
1774 722 1839 762 suos

148 798 328 857 carentanis.
1018 795 1168 852 excessisse
1196 801 1381 868 cognoscunt.
1402 797 1430 853 Si
1450 797 1528 854 enim
1555 814 1573 854 a
1599 797 1657 854 fide
1686 798 1838 857 deviaverit

183 893 322 951 Similiter
336 893 474 947 statutum
486 891 537 960 est,
552 893 581 944 et
601 906 654 945 nos
674 887 775 945 eadem
797 891 903 944 statuta
917 887 966 943 fir·
1017 890 1175 962 episcopus,
1189 890 1244 946 erit
1263 891 1451 963 corrigendus
1467 891 1546 964 prius
1565 896 1672 949 secrete
1685 909 1703 947 a
1717 891 1836 949 subditis

149 991 272 1057 mantes,
297 984 448 1042 statuimus
474 985 507 1040 ut
527 982 550 1038 si
577 982 679 1055 aliquis
709 981 877 1038 clericorum
909 981 968 1037 suis
1016 983 1076 1038 suis
1083 1000 1092 1053 ;
1111 983 1189 1055 quod
1208 983 1233 1038 si
1244 983 1457 1057 incorrigibilis,
1471 985 1548 1058 quod
1562 985 1645 1057 absit,
1661 987 1835 1058 apparuerit,

148 1081 286 1156 episcopis
316 1078 434 1135 infestus
468 1068 518 1132 aut
550 1076 699 1132 insidiator
735 1076 831 1145 luerit,
861 1091 967 1148 eosque
1016 1081 1083 1133 tunc
1097 1077 1152 1133 erit
1164 1078 1337 1134 accusandus
1352 1078 1388 1135 ad
1400 1078 1539 1151 primates
1553 1096 1619 1136 snos
1627 1083 1678 1135 aut
1690 1079 1728 1136 ad
1741 1080 1836 1137 sedem

148 1174 293 1234 criminari
313 1172 444 1241 voluerit,
458 1175 508 1227 aut
530 1170 707 1242 conspirator
727 1169 824 1240 luerit,
843 1174 876 1225 ut
896 1185 966 1225 mox
1016 1171 1209 1243 apostolicam.

148 1274 214 1328 ante
227 1267 420 1327 examinatum
435 1263 577 1336 judicium
591 1263 739 1320 submotus
752 1281 769 1319 a
787 1265 862 1319 clero
878 1263 965 1319 curiae
1050 1265 1176 1320 Proeliis
1190 1282 1257 1321 vero
1269 1265 1379 1322 actibus
1391 1267 1449 1321 suis
1461 1267 1557 1340 magis
1568 1271 1610 1323 est
1622 1267 1791 1323 tolerandus
1800 1267 1833 1323 ab

146 1364 282 1433 tradatur,
302 1360 347 1417 cui
371 1358 473 1415 diebus
495 1358 561 1413 vitm
584 1373 643 1412 suae
663 1356 813 1424 deserviat,
834 1359 863 1412 et
888 1356 965 1411 inia-
1016 1358 1115 1414 ovibus
1134 1363 1162 1414 et
1182 1359 1302 1416 subditis
1326 1359 1383 1415 suis
1407 1376 1494 1433 quam
1515 1361 1703 1430 accusandus,
1716 1366 1767 1418 aut
1781 1377 1833 1434 pu·

147 1459 202 1515 mis
216 1458 322 1530 absque
336 1455 394 1510 ulla
406 1451 589 1509 restitutionis
608 1466 657 1523 spe
669 1454 845 1524 permaneat.
1015 1452 1088 1508 blice
1102 1453 1293 1525 derogandus,
1309 1453 1378 1525 quia
1390 1470 1456 1510 cum
1470 1454 1500 1510 in
1514 1454 1554 1510 eis
1570 1472 1587 1510 a
1604 1455 1725 1511 subditis
1744 1454 1833 1511 delin-

182 1554 239 1608 Nec
249 1551 324 1607 ullus
336 1563 463 1621 unquam
476 1549 633 1619 praesumat
646 1549 792 1600 accusator
805 1542 890 1599 simul
903 1559 965 1598 esse
1015 1545 1123 1619 quitur,
1138 1547 1200 1618 ejus
1219 1546 1392 1603 ordinationi
1416 1547 1510 1604 obviat
1527 1549 1577 1621 qui
1598 1565 1648 1605 eos
1667 1549 1696 1604 ei
1710 1549 1835 1621 praetulit

147 1646 273 1719 etjudex
287 1643 333 1699 vel
344 1641 433 1713 testis,
445 1639 581 1713 quoniam
591 1639 622 1695 in
632 1637 831 1710 omnijudicio
843 1639 966 1710 quatuor
1015 1639 1127 1695 dicente
1152 1640 1286 1712 apostolo
1312 1657 1318 1695 :
1346 1662 1361 1692 «
1385 1642 1435 1696 Dei
1461 1640 1632 1699 ordinationi
1656 1641 1764 1699 resistit
1787 1642 1834 1715 qui

146 1756 282 1816 personas
301 1752 415 1794 necesse
434 1737 477 1792 est
497 1749 612 1806 semper
634 1731 740 1801 adesse,
754 1732 785 1787 id
798 1734 841 1787 est
851 1718 1003 1803 judicesB
1014 1732 1147 1805 potestati
1169 1733 1275 1789 resistit
1291 1735 1374 1805 (Rosa.
1390 1750 1451 1803 1111,
1467 1735 1505 1807 2).
1521 1757 1536 1786 a
1550 1735 1603 1800 Qui
1615 1751 1681 1792 vero
1702 1736 1833 1808 omnipo·

146 1836 251 1892 electos
268 1837 297 1888 et
317 1833 502 1899 accusatores,
517 1844 550 1883 ac
568 1827 743 1895 defensores,
760 1829 847 1898 atque
865 1827 960 1880 testes.
1011 1830 1120 1884 tentem
1137 1827 1229 1882 Deum
1244 1828 1356 1897 metuit,
1370 1845 1425 1884 nec
1448 1831 1548 1885 contra
1569 1829 1767 1900 Evangelium,
1782 1845 1833 1886 nec

146 1927 282 1987 Similiter
294 1927 447 1982 statuentes
464 1919 620 1995 apostolica
634 1919 803 1977 anctoritate
812 1918 960 1991 jubemus,
1012 1924 1112 1977 contra
1131 1921 1283 1993 apostolos,
1306 1937 1360 1978 nec
1381 1924 1482 1977 contra
1507 1923 1673 1995 prophetas,
1698 1924 1742 1979 vel
1771 1940 1832 1980 san·

119 2073 125 2085 .
145 2040 183 2080 ne
196 2025 339 2096 pastorem
351 2034 435 2074 suum
453 2032 519 2074 oves
538 2031 602 2088 qua
616 2013 643 2069 ei
657 2013 820 2071 commissa
838 2012 961 2083 fuerant,
1012 2018 1124 2070 ctorum
1145 2017 1261 2088 patrum
1283 2015 1413 2072 instituta
1433 2015 1542 2088 aliquid
1563 2016 1622 2072 ullo
1644 2016 1732 2073 modo
1749 2032 1834 2090 agere

144 2116 200 2175 nisi
219 2115 250 2171 in
273 2113 330 2170 fide
353 2110 499 2180 erraverit,
515 2109 726 2180 reprehendere
750 2107 882 2174 audeant,
896 2105 963 2178 quia
1012 2107 1167 2178 consentit;
1182 2108 1341 2166 sacerdotes
1355 2126 1425 2183 ergo
1445 2110 1606 2166 honorandi
1623 2115 1700 2183 sunt,
1717 2127 1778 2167 non
1790 2110 1832 2168 la·

145 2212 218 2268 lacta
231 2204 451 2281 praepositorum
464 2202 522 2258 oris
542 2202 636 2275 gladio
656 2200 786 2256 ferienda
806 2215 864 2255 non
884 2202 961 2271 sunt,
1012 2202 1127 2258 cerandi
1138 2202 1183 2258 vel
1195 2202 1385 2275 exprobrandi
1399 2207 1479 2274 sunt3
1490 2203 1596 2278 legitur
1606 2203 1636 2260 in
1646 2204 1832 2263 Ecclesiaste:

144 2318 240 2376 neque
271 2302 364 2374 potest
391 2312 451 2353 esse
484 2295 638 2367 discipulus
671 2310 758 2367 super
780 2292 961 2365 magistrum,
1014 2298 1077 2351 alu
1091 2298 1153 2352 tota
1168 2295 1325 2353 animatus
1338 2297 1409 2354 time
1422 2298 1523 2367 Deum,
1537 2300 1566 2354 et
1584 2298 1747 2360 sacerdotes
1762 2299 1834 2356 illius

146 2397 257 2455 dicente
268 2391 399 2451 Veritatis
413 2406 501 2447 voce:
517 2411 532 2441 o
551 2390 614 2445 Non
636 2393 680 2445 est
701 2386 856 2460 discipulus
877 2401 964 2458 super
1012 2388 1169 2462 sanctifica3
1183 2390 1213 2446 in
1235 2390 1317 2446 omni
1335 2390 1439 2448 virtme
1462 2395 1513 2448 tua
1534 2390 1622 2466 dilige
1645 2408 1713 2450 eum
1735 2392 1789 2467 qui
1805 2395 1833 2450 te

144 2490 314 2565 magistrum
337 2502 389 2544 nec
415 2501 511 2541 servus
536 2499 623 2557 super
647 2481 800 2539 dominum
823 2496 918 2537 suum.
945 2501 959 2530 u
1010 2483 1089 2553 lecit,
1110 2486 1140 2542 et
1166 2484 1312 2541 ministros
1338 2485 1399 2557 ejus
1420 2502 1479 2542 non
1502 2485 1693 2559 derelinquas.
1718 2487 1832 2544 Honora

144 2584 366 2644 Odibilisautem
376 2596 473 2637 coram
483 2580 539 2635 beo
550 2576 753 2634 ethominibus
763 2573 960 2646 estsuperbia,
1011 2577 1103 2633 Deum
1115 2593 1151 2635 ex
1162 2581 1224 2635 tota
1240 2580 1338 2635 anima
1351 2580 1410 2648 tua,
1424 2584 1453 2636 et
1473 2579 1632 2637 honorifica
1654 2579 1832 2650 sacerdotes,

144 2685 174 2739 at
197 2675 376 2736 exsecrabilis
400 2673 494 2731 omnis
514 2672 665 2746 iniquitas3
688 2669 783 2743 perdit
807 2668 881 2724 Deus
900 2684 960 2724 me·
1011 2675 1040 2729 et
1052 2688 1198 2745 propurga
1210 2676 1237 2729 te
1250 2689 1316 2729 cum
1335 2672 1470 2743 brachiis,
1487 2674 1522 2730 da
1544 2674 1600 2730 illis
1622 2678 1746 2747 partem,
1761 2674 1832 2733 deut

144 2773 266 2833 moriam
279 2768 477 2843 superborum,
489 2771 517 2823 et
527 2765 666 2838 relinquit
676 2762 848 2819 memoriam
863 2761 961 2818 humi·
1011 2767 1181 2822 mandatum
1190 2771 1233 2823 est
1241 2768 1304 2836 tibi,
1312 2767 1507 2841 primitiarum
1517 2773 1547 2826 et
1555 2768 1750 2841 purgah‘onis,
1760 2773 1790 2826 et
1798 2770 1831 2826 de

144 2870 218 2926 lium
230 2880 324 2924 sensu.
338 2863 440 2920 Samen
453 2860 604 2917 hominum
618 2856 806 2915 honorabitur
819 2857 872 2912 hoc
884 2855 962 2928 quod
1010 2859 1186 2932 negligentia
1197 2878 1291 2934 purga
1302 2864 1329 2918 te
1338 2878 1405 2918 cum
1415 2861 1523 2936 paucis.
1533 2862 1636 2919 Datum
1645 2861 1831 2920 brachiorum

143 2963 227 3020 timet
236 2961 338 3016 Deum.
349 2957 453 3014 Samen
460 2956 558 3010 autem
567 2952 621 3009 hoc
630 2950 858 3008 exhonorabitur
865 2948 960 3006 honri·
1010 2956 1124 3010 tuorum
1139 2957 1168 3010 et
1188 2955 1359 3012 sacrificium
1381 2955 1611 3013 sanctificationis
1632 2955 1759 3013 offerens
1777 2957 1831 3014 llo·

145 3072 227 3126 num,
241 3053 317 3128 quod
328 3049 458 3126 praeterit
471 3047 610 3104 mandata
622 3044 745 3102 Domini.
755 3046 786 3100 ln
795 3043 891 3101 medio
901 3043 958 3099 fra·
969 3091 998 3168 C
1009 3049 1134 3116 mino,et
1141 3047 1224 3105 initia
1232 3053 1411 3121 sanctorun13
1422 3053 1451 3107 et
1458 3051 1578 3124 pauperi
1585 3051 1701 3124 porrige
1710 3067 1832 3108 manum

144 3154 223 3208 hum
237 3152 332 3206 rector
344 3145 460 3202 illorum
471 3143 502 3198 in
513 3142 634 3211 honore,
645 3143 674 3196 et
686 3138 737 3212 qui
748 3138 853 3194 timent
864 3136 960 3193 nomi·
1008 3145 1099 3210 tuam,
1118 3144 1150 3197 ut
1169 3142 1335 3215 perficiatur
1357 3143 1522 3217 propitiatio
1546 3147 1575 3199 et
1595 3144 1761 3203 benedictio
1782 3146 1832 3202 toa

142 3259 214 3303 num
236 3243 323 3298 amnt
341 3239 371 3295 in
393 3236 482 3294 oculis
498 3235 569 3308 ejus.
590 3254 604 3287 u
626 3232 689 3305 Fili,
710 3232 749 3288 ait
771 3231 915 3301 Salomon,
927 3231 959 3287 in
1008 3233 1100 3307 (Ereti.
1126 3238 1229 3304 v11,31
1259 3241 1284 3293 et
1305 3238 1382 3311 seq).
1409 3259 1423 3289 »
1447 3239 1511 3295 llaec
1543 3254 1601 3294 non
1629 3239 1831 3298 tantummodo

143 3334 363 3397 mansuetudine
371 3347 451 3389 serva
459 3329 719 3396 animamtuam,et
728 3326 765 3381 da
774 3325 960 3382 illihonerem
1008 3327 1097 3400 vobis,
1113 3329 1163 3386 sed
1175 3329 1307 3386 omnibus
1319 3331 1454 3388 fratribus
1466 3348 1519 3405 per
1529 3348 1580 3389 vos
1588 3334 1659 3389 nota
1672 3333 1737 3390 fleri
1751 3333 1830 3391 volu·

142 3433 189 3492 cui
202 3433 295 3489 honor
309 3412 460 3500 competit.
475 3423 645 3494 Priusquam
656 3421 817 3493 interroges
836 3435 873 3476 ne
885 3419 958 3476 vitu-
1007 3438 1084 3494 mus,
1098 3425 1133 3479 ut
1146 3423 1308 3495 unanimes,
1323 3441 1413 3481 unum
1427 3425 1593 3499 sentientes,
1606 3442 1830 3498 permaneamus

142 3542 226 3601 peres
250 3521 488 3597 quemquamst
512 3532 578 3573 cum
601 3513 830 3586 interrogaveris,
849 3512 959 3586 corripe
1007 3516 1038 3572 in
1052 3516 1175 3587 Christo,
1189 3517 1260 3574 nihil
1275 3536 1329 3591 per
1340 3520 1550 3577 contentionem
1564 3520 1657 3590 nobis,
1672 3538 1831 3596 nequeper

140 3621 227 3695 juste.
237 3617 405 3689 Priusquam
415 3611 513 3669 audias
526 3626 562 3666 ne
571 3607 958 3681 respondeasverbum,etin
1007 3611 1123 3668 inanem
1147 3610 1270 3684 gloriam
1292 3612 1480 3685 vindicantes,
1500 3631 1561 3671 non
1582 3614 1761 3688 hominibus,
1779 3615 1828 3674 sed

101 3733 106 3745 ¹
144 3713 240 3772 medio
252 3710 398 3768 seniorum
410 3723 447 3763 ne
459 3704 574 3778 adjicias
585 3702 675 3777 loqui.
687 3724 701 3755 u
717 3702 855 3775 Exemplo
869 3701 959 3758 Cham
1007 3705 1066 3762 Deo
1091 3705 1230 3763 Salvatori
1253 3710 1351 3763 nostro
1378 3708 1532 3780 placentes,
1553 3709 1599 3765 cui
1620 3712 1663 3766 est
1684 3709 1780 3768 honor
1801 3712 1829 3768 et

143 3808 195 3866 tilii
211 3808 271 3866 Noe
294 3804 477 3869 damnantur,
491 3798 540 3873 qui
556 3802 673 3871 patrum
687 3813 804 3854 suorum
818 3795 915 3869 culpas
928 3795 958 3853 in
1008 3799 1101 3872 gloria
1116 3799 1264 3858 insaecula
1282 3802 1460 3859 saeculorum.
1478 3807 1578 3860 Amen.

665 4078 896 4152 EPISTOLA
921 4078 1121 4157 FABIANI
1146 4084 1300 4159 PAPAE.

177 4272 365 4344 Dilectissimo
378 4269 459 4335 tratri
472 4272 588 4332 litmaro
601 4273 733 4348 episcopo
746 4273 893 4331 Fannnns.
1006 4276 1129 4334 involvat
1164 4279 1271 4352 pariter
1303 4280 1443 4337 sauciatos
1476 4283 1506 4338 et
1535 4280 1696 4338 medentes.
1728 4278 1770 4337 Ob
1795 4275 1823 4333 id

177 4374 371 4438 Divinaecirca
384 4389 437 4429 nos
452 4369 553 4444 petire
574 4383 716 4426 memores
734 4384 795 4425 esse
810 4366 956 4441 debemus,
1007 4387 1076 4443 ergo
1105 4375 1261 4430 statuentes
1289 4374 1478 4445 decernimus,
1493 4380 1525 4432 ut
1549 4374 1579 4431 hi
1602 4373 1652 4448 qui
1674 4389 1736 4430 non
1759 4373 1822 4429 sunt

140 4481 191 4558 qui
205 4495 257 4538 nos
272 4491 325 4551 per
338 4469 511 4545 dignationis
532 4485 591 4525 suae
612 4467 838 4524 misericordiam
851 4466 888 4523 ob
902 4464 1069 4556 hocD37
1094 4467 1176 4524 bona
1204 4469 1438 4538 conversationis,
1462 4472 1512 4526 aut
1544 4485 1670 4543 quorum
1696 4467 1756 4524 vita
1780 4465 1822 4522 ast

141 4577 178 4634 ad
206 4571 353 4644 fastigium
383 4564 557 4623 sacerdotale
585 4561 725 4636 provexit,
753 4565 785 4617 ut
814 4561 957 4618 mandatis
1006 4560 1179 4631 accusabilis,
1193 4565 1380 4636 autquorum
1395 4562 1475 4632 fides,
1489 4564 1546 4620 vita
1559 4567 1588 4620 et
1601 4562 1720 4619 libertas
1731 4559 1819 4618 nesci·

139 4669 229 4744 ipsius
247 4666 429 4732 inherentes,
445 4662 473 4716 et
487 4659 517 4716 in
536 4657 664 4730 quadam
687 4656 868 4714 sacerdotum
894 4656 956 4728 ejus
1007 4657 1063 4724 tur,
1083 4671 1142 4711 non
1166 4656 1277 4728 possint
1298 4657 1410 4714 bomini
1435 4658 1593 4714 sacerdotes
1619 4672 1764 4725 aremare,
1786 4667 1819 4710 ns

141 4762 255 4838 specula
265 4755 411 4816 constituti
430 4752 633 4827 prohibeamus
646 4751 751 4822 illicita,
766 4755 795 4807 et
813 4749 957 4824 sequenda
1006 4747 1076 4804 viles
1087 4765 1218 4821 personas
1230 4751 1266 4808 ad
1279 4752 1490 4808 accusationem
1505 4767 1607 4808 eorum
1622 4748 1819 4807 admittentur.

140 4859 306 4917 doceamus.
321 4854 465 4908 intantum
478 4847 556 4904 enim
570 4847 601 4902 in
614 4845 738 4902 occiduis
750 4843 877 4918 partibus
890 4843 955 4916 qui-
1006 4842 1145 4899 Similiter
1157 4843 1206 4916 qui
1220 4844 1251 4900 in
1269 4844 1411 4918 aliquibus
1433 4844 1599 4902 criminibus
1619 4842 1724 4900 irretiti
1745 4844 1820 4910 sunt,

141 4953 194 5010 bus
208 4946 327 5006 moraris
349 4942 508 5001 audivimus
527 4940 662 4997 astutiam
685 4939 792 4996 diaboli
813 4938 912 4995 saevire
925 4937 956 4994 in
1006 4935 1051 4990 vel
1071 4935 1120 5007 qui
1141 4940 1208 4993 sunt
1231 4937 1389 5010 suspiciosi,
1408 4954 1505 4995 vocem
1527 4938 1677 4995 adversum
1699 4935 1822 5009 majores

140 5045 282 5122 populum
299 5037 500 5106 Christianum,
515 5038 600 5108 atque
623 5033 653 5090 in
675 5031 826 5106 multiplici
852 5032 955 5104 decep·
1005 5032 1075 5086 natu
1098 5047 1156 5087 non
1179 5029 1303 5087 habeant
1321 5032 1481 5098 accusandi,
1500 5031 1568 5105 quia
1591 5030 1749 5105 suspiciosa
1768 5044 1823 5086 vox

140 5141 218 5199 done
233 5133 478 5210 prorumperent
497 5145 556 5187 non
578 5127 669 5184 solum
687 5127 774 5184 laicos
796 5127 954 5198 saculares,
1006 5127 1036 5180 et
1060 5124 1177 5181 inimica
1200 5125 1347 5181 veritatem
1371 5127 1442 5182 solet
1464 5125 1637 5199 opprimere.
1665 5123 1823 5198 Peregrina

141 5235 190 5294 scd
202 5233 279 5306 ipsos
298 5242 412 5302 quoque
424 5223 537 5281 Domini
559 5222 719 5279 sacerdotes
740 5225 853 5295 premat
869 5225 955 5293 atque
1006 5235 1072 5275 vero
1084 5218 1193 5292 J‘udicia
1204 5220 1278 5275 salva
1293 5219 1323 5275 in
1337 5219 1470 5276 omnibus
1483 5219 1640 5292 apostolica
1653 5217 1821 5275 auctoritate

140 5329 234 5387 vexet.
247 5322 329 5380 Unde
348 5320 378 5376 in
402 5317 504 5392 grandi
524 5333 648 5374 moerore
668 5315 753 5389 positi
774 5314 955 5371 dissimulare
1005 5312 1131 5385 generali
1139 5313 1285 5370 sanctione
1292 5314 1485 5387 prohibemus,
1493 5314 1561 5387 quia
1570 5312 1725 5396 indignum
1734 5310 1822 5368 estab

138 5439 198 5482 non
223 5431 374 5494 possumus
393 5413 471 5486 qnod
492 5411 634 5484 corrigere
655 5409 789 5466 atrociter
807 5408 954 5480 debemus,
1005 5407 1333 5480 externisutjudicetur,
1344 5409 1392 5482 qui
1407 5408 1590 5480 provinciales
1602 5411 1631 5463 et
1643 5423 1660 5462 a
1671 5422 1703 5462 se
1715 5405 1822 5464 electos

140 5516 315 5590 quapropter
330 5511 494 5580 competens
516 5503 676 5561 adhibenda
700 5507 744 5561 est
767 5501 870 5558 talibus
891 5517 955 5558 me·
1004 5501 1090 5560 debet
1106 5501 1213 5560 habere
1230 5502 1352 5576 judices,
1365 5501 1421 5559 nisi
1432 5502 1519 5560 fuerit
1537 5502 1725 5575 appellatum.
1739 5499 1822 5556 Unde

139 5612 203 5669 dela
226 5604 401 5672 vulneribus,
428 5617 465 5659 ne
495 5600 649 5656 immatura
681 5596 801 5655 curandi
832 5595 955 5652 lacilitas
1005 5599 1127 5668 oportet,
1137 5596 1160 5652 si
1169 5596 1271 5670 aliquis
1279 5596 1478 5670 episcoporum
1488 5596 1664 5669 supercertis
1672 5598 1823 5653 accusetur

140 5703 288 5760 mortifero
311 5697 410 5772 capitis
437 5698 517 5768 peste
547 5692 618 5749 nihil
646 5693 744 5766 possit,
764 5691 815 5748 sed
839 5690 955 5764 segnius
1004 5689 1180 5761 criminibus,
1197 5696 1230 5748 ut
1251 5691 1287 5747 ab
1309 5691 1443 5748 omnibus
1465 5691 1609 5762 audiatur,
1628 5690 1678 5764 qui
1700 5692 1770 5747 sant
1791 5689 1823 5748 iu

120 5796 213 5851 metr
241 5791 393 5868 pernicies
421 5794 507 5851 reatu
538 5804 599 5849 non
629 5785 767 5864 legitime
800 5784 955 5846 amotionis
1003 5785 1148 5864 provincia
1160 5785 1308 5864 episcopis,
1319 5785 1456 5862 quianon
1470 5789 1581 5861 oportet
1592 5788 1759 5845 amusetum
1771 5783 1823 5853 alt-
