3870 6150
128 239 179 295 883
579 234 718 290 salman.
739 235 783 289 xit
801 236 882 290 SAEt'.
903 236 947 290 lx.
959 265 991 273 —-
1013 235 1133 289 lstuulu
1151 234 1364 289 ublicx'lclus
1758 235 1800 288 tet

128 358 216 412 cende
231 373 237 411 :
256 376 270 404 u
285 356 324 409 Tu
338 370 367 409 as
381 355 478 408 Petrus
493 356 522 405 ct
535 368 619 424 super
631 353 706 407 hanc
721 355 834 423 petram
851 351 940 407 vaditi-
953 352 1088 438 Anullus
1101 350 1280 406 sacerdotum
1301 352 1397 422 posset
1408 351 1518 406 audire.
1536 350 1698 416 Doluimus,
1712 350 1803 415 fateor,

129 453 199 505 cabo
218 447 371 504 Ecclesiam
390 463 485 503 incarn
500 446 608 515 (bactu.
623 463 679 515 xvi,
697 448 749 514 l8l,
767 468 781 495 »
795 449 826 500 ut
843 446 943 501 aetemi
994 446 1107 512 fratres,
1124 451 1153 501 et
1167 446 1244 501 hunc
1266 445 1327 515 ejus
1343 445 1453 500 meritis
1474 444 1609 500 timorem
1632 444 1753 500 medelis
1767 462 1807 516 pa-

128 542 276 599 redilicatio
285 541 387 612 templi
397 539 651 596 mirabilimunere
662 539 762 610 gratiae
773 539 821 595 Dei
832 540 860 594 iu
871 541 945 595 Petri
995 540 1102 595 tieutire
1115 544 1218 595 nestrae
1233 555 1333 595 curare
1351 539 1534 595 tentavimus.
1549 539 1725 595 Holebamus
1738 539 1807 594 enun

128 636 269 692 soliditate
289 637 467 691 consisteret.
482 636 538 690 Hac
552 634 704 691 Ecclesiam
719 651 798 688 suam
812 632 945 689 firmitate
996 650 1030 688 ea
1043 633 1085 688 illi
1098 633 1267 689 exacerbare
1282 633 1397 689 vulnera
1413 649 1478 704 quae
1490 649 1549 688 suae
1563 633 1672 688 animae
1689 631 1806 687 insolen-

129 730 314 787 rorruborans
326 736 359 786 ut
376 730 465 798 illam,
478 746 531 785 nec
544 730 673 785 humana
684 728 831 785 temeritas
852 731 947 799 posset
997 728 1071 783 tibus
1086 726 1205 784 subinde
1220 727 1401 784 sermonibus
1423 726 1582 799 infligebat,
1600 730 1631 781 ct
1648 742 1740 798 quern
1756 743 1808 781 sus·

129 829 274 898 appetere,
283 841 335 880 nec
346 829 437 897 portae
452 828 550 880 contra
564 824 641 879 illam
650 823 735 879 interi
748 824 944 895 praevalerent.
996 841 1160 896 ceperamus
1173 827 1203 879 ut
1216 825 1346 893 tratrem,
1358 823 1477 879 delinire
1490 822 1584 895 magis
1598 823 1605 878 i
1610 839 1710 895 psum,
1721 839 1810 895 quan

127 920 234 974 Verum
248 919 320 973 hanc
333 921 423 989 petrae
438 918 519 972 istius
534 917 751 972 sacratissimam
769 917 945 983 firmitatem,
997 920 1038 973 vis
1052 918 1112 991 ipse
1124 919 1181 973 suis
1196 916 1426 989 responsionibus
1447 917 1592 986 invitaret,
1606 933 1699 989 quam
1711 918 1808 971 contri-

28 1072 33 1077 ,
129 1015 195 1082 Deo,
212 1016 243 1067 ut
256 1011 388 1078 diximus,
402 1011 572 1078 aedificante,
585 1014 778 1065 constructam
792 1009 881 1065 nimis
894 1010 948 1064 im·
998 1016 1071 1068 stare
1098 1011 1365 1067 interlocutionibus
1398 1010 1568 1066 nitebamur.
1595 1010 1752 1065 Absolutus
1775 1014 1810 1065 est

129 1106 174 1178 pia
188 1108 250 1161 vult
263 1105 489 1176 presumptione
508 1104 615 1160 violare
638 1105 766 1176 quisquis
785 1105 846 1175 ejus
866 1109 946 1176 pote-
997 1105 1165 1162 Caledonius
1179 1105 1339 1177 episeopus,
1350 1105 1485 1176 queniam
1499 1120 1528 1159 se
1539 1104 1646 1175 inJ‘uste
1660 1103 1809 1159 sacerdotia

130 1203 234 1254 statem
245 1203 335 1254 tentat
349 1198 517 1269 infringere,
531 1198 651 1254 favendo
665 1197 865 1269 cupiditatibus
879 1198 946 1265 suis,
997 1200 1083 1255 fuisse
1097 1199 1238 1270 dejectum
1258 1197 1409 1253 manifeste
1422 1198 1539 1253 testium
1554 1198 1748 1270 responsione
1759 1198 1810 1269 ipsa

130 1297 160 1348 ct
174 1293 203 1347 id
221 1293 298 1365 quod
319 1292 457 1363 accepite
471 1291 611 1347 veteribus
633 1309 690 1347 uon
711 1292 865 1364 sequendo,
881 1307 947 1347 cum
998 1293 1085 1349 etiarn
1106 1297 1246 1363 praesente
1267 1296 1485 1359 monstraverat,
1498 1292 1540 1346 ita
1553 1295 1586 1346 ut
1599 1291 1681 1364 quod
1700 1291 1811 1346 Hilarius

130 1387 202 1442 nulli
214 1403 244 1440 se
258 1386 403 1441 subditum
416 1386 484 1457 legi,
497 1386 582 1441 nullis
596 1385 781 1441 institutionis
795 1385 948 1441 [lominicis
997 1386 1144 1442 nobiscum
1155 1384 1281 1441 residens
1294 1389 1389 1456 posset
1400 1401 1618 1457 opponerenon
1625 1384 1758 1439 haberet.
1769 1385 1812 1438 lte

130 1481 219 1536 erodit
233 1480 337 1552 regulis
349 1479 501 1548 contineri,
510 1497 527 1533 a
537 1485 628 1535 vestro
639 1483 793 1552 nostreque
806 1495 858 1550 per
868 1495 949 1533 novae
998 1484 1110 1535 motum
1123 1485 1165 1535 est
1173 1496 1242 1550 ergo
1251 1479 1394 1550 judicium
1406 1478 1483 1551 quod
1494 1479 1641 1550 prelatum
1653 1478 1685 1532 in
1697 1479 1750 1533 bac
1760 1494 1813 1533 sen·

132 1573 324 1644 usurpationis
333 1572 472 1628 ambitum
481 1589 561 1627 mare
572 1572 948 1644 desciscens,praesumende
998 1573 1087 1629 tentia
1102 1573 1259 1645 legebatur,
1276 1589 1332 1645 quo
1343 1576 1479 1644 tanquam
1492 1572 1586 1627 viduae
1598 1571 1725 1627 maritus
1734 1588 1813 1626 sacer·

132 1667 239 1733 illicita,
256 1670 284 1723 et
299 1683 362 1738 quae
375 1666 517 1722 custodire
533 1666 632 1721 debuit
645 1666 830 1737 negligendo.
843 1667 947 1721 Verum
999 1665 1813 1737 dotiumtenerenonposset.0uodnosquidemservantes

131 1762 192 1816 hec
213 1778 264 1815 nus
282 1763 350 1830 Deo,
366 1764 398 1815 ut
412 1760 564 1826 credimus,
579 1759 723 1831 aspirante
745 1763 855 1815 servata
876 1740 986 1815 circass
998 1760 1103 1832 legalia
1118 1760 1271 1815 constituta
1292 1758 1436 1814 sollicitius
1450 1759 1592 1814 voluimus
1611 1758 1752 1814 custodiri
1764 1775 1812 1812 non

132 1871 181 1909 vos
196 1859 300 1910 nostrae
314 1854 462 1909 charitatis
484 1855 575 1926 gratia
598 1870 683 1924 quam
698 1853 838 1908 sanctitati
849 1856 949 1908 vestra
999 1855 1090 1909 solum
1100 1854 1175 1909 cirea
1188 1853 1361 1921 sacerdotes,
1370 1853 1418 1908 sad
1432 1852 1505 1907 circa
1515 1853 1636 1908 clericos
1646 1869 1761 1925 quoque
1770 1853 1813 1906 mi

131 1947 287 2020 apostolica
309 1965 422 2020 semper
441 1947 533 2015 sedes,
552 1950 581 2002 ut
604 1947 776 2002 meministis
797 1946 948 2019 impendit,
999 1948 1077 2003 noris
1089 1947 1184 2015 oflicii,
1196 1964 1232 2001 ue
1247 1947 1284 2002 ad
1299 1963 1409 2002 sacram
1423 1946 1554 2002 militiam
1569 1946 1601 2001 hi
1614 1947 1813 2019 permittantur

131 2042 249 2096 nitimur
262 2041 380 2097 censitio
402 2041 556 2096 maturiore
579 2041 733 2111 corrigere,
749 2046 777 2096 et
790 2043 950 2095 vestrarum
999 2042 1145 2109 accedere,
1169 2041 1273 2112 quibus
1300 2041 1337 2096 sit
1365 2041 1421 2096 tale
1446 2041 1624 2112 conjugium,
1650 2040 1697 2095 vel
1725 2046 1813 2095 contra

132 2135 321 2191 Ecclesiarum
355 2138 459 2189 statum
491 2135 704 2189 communicato
732 2134 876 2189 vobiscum
908 2135 948 2188 ta·
1000 2135 1184 2207 apostolicam
1208 2134 1387 2205 disciplinam
1408 2151 1464 2190 non
1485 2134 1571 2189 unius
1588 2138 1706 2190 tantum
1726 2135 1813 2190 uxoris

132 2229 199 2284 bore
217 2244 401 2300 componere,
420 2245 475 2282 uon
495 2245 568 2282 nava
589 2227 780 2296 instituentes,
797 2227 846 2282 sed
858 2234 951 2282 vetera
1000 2228 1053 2284 viri
1067 2228 1153 2283 fuisse
1171 2232 1378 2283 monstrentur.
1393 2227 1448 2283 Sed
1463 2227 1535 2282 sicut
1550 2244 1599 2282 eos
1619 2226 1702 2298 quod
1717 2228 1813 2282 sactum

132 2328 308 2393 renovantes,
322 2325 354 2377 ut
368 2323 399 2376 iu
421 2324 511 2377 status
525 2320 729 2376 consuetudine
750 2338 815 2393 quae
834 2321 917 2377 nobis
934 2338 951 2375 a
1001 2339 1084 2377 suum
1098 2339 1155 2377 non
1166 2325 1257 2393 potest
1267 2333 1413 2390 excusare,
1426 2326 1476 2376 ant
1488 2336 1548 2376 rien
1557 2321 1813 2388 admittendos,aut

133 2417 235 2472 nost-ris
256 2416 389 2471 Patribus
406 2418 449 2470 est
469 2415 571 2470 tradita
593 2414 793 2486 perduremus,
809 2417 837 2469 et
849 2416 884 2471 de
897 2432 948 2470 no·
1001 2417 1024 2471 si
1045 2416 1151 2471 fuerint
1165 2415 1345 2472 decernimus
1368 2415 1566 2481 removendos,
1582 2415 1625 2469 ita
1646 2414 1750 2486 quibus
1766 2415 1813 2469 boc

132 2514 190 2567 stro
203 2526 254 2581 per
265 2509 333 2564 boui
348 2509 441 2581 operis
455 2508 656 2577 ministerium,
671 2508 789 2563 remotis
800 2508 949 2580 perturba·
999 2510 1102 2565 salsum
1114 2509 1220 2580 objicit,
1231 2508 1266 2563 ab
1279 2526 1314 2564 aa
1330 2525 1444 2564 necesse
1458 2513 1500 2563 est
1515 2508 1732 2564 examinatione
1752 2525 1812 2580 pur·

134 2605 244 2659 tionum
264 2603 414 2671 scandalis,
429 2604 600 2674 placeamus.
617 2602 768 2657 Nobiscum
789 2603 887 2674 itaque
901 2619 948 2657 ve·
1001 2620 1110 2675 gemus,
1136 2607 1165 2658 et
1188 2619 1272 2657 suum
1296 2602 1425 2658 osticium
1447 2602 1569 2674 perdere
1593 2619 1655 2657 non
1680 2603 1810 2657 sinamus.

134 2702 191 2751 stra
204 2697 367 2752 fraternitas
380 2699 565 2767 recognoscat
583 2696 765 2767 apostolicam
784 2696 881 2750 sedem
897 2712 949 2767 pro
999 2697 1146 2752 Mansisset
1161 2713 1286 2767 namque
1301 2696 1332 2751 in
1345 2696 1428 2751 illum
1442 2696 1551 2768 prelata
1568 2696 1724 2763 sententia,
1737 2696 1759 2750 si
1771 2695 1813 2750 ob

133 2789 481 2845 suireverentiaavastrae
496 2790 583 2844 etiam
596 2789 749 2860 provincia
758 2789 950 2846 sacerdotibus
996 2790 1141 2863 jactorum
1169 2789 1272 2844 veritas
1299 2789 1461 2844 exstitisset.
1490 2787 1631 2844 Redditus
1655 2791 1753 2861 itaque
1776 2793 1812 2844 est

135 2883 294 2938 innumeris
318 2883 503 2938 relationibus
527 2899 587 2937 esse
611 2883 779 2951 consultam,
794 2886 823 2938 at
837 2900 888 2953 pro
907 2883 949 2939 di·
1000 2884 1124 2940 ecclesia
1147 2900 1216 2952 suae,
1239 2888 1267 2939 et
1287 2884 1353 2938 huie
1377 2899 1463 2955 quam
1485 2882 1621 2938 amittere
1643 2900 1704 2939 non
1724 2883 1812 2938 debuit

135 2992 292 3044 versurum,
306 2975 552 3047 quemadmodum
564 2979 645 3030 vetus
663 2976 838 3031 consuetudo
852 2994 948 3048 posce·
1000 2977 1134 3049 dignitati
1147 2977 1330 3049 coepiscopus
1342 2981 1440 3032 noster
1451 2976 1632 3045 Caledonius,
1647 2977 1721 3033 sicut
1731 2982 1813 3048 gesto

132 3071 190 3137 liat,
206 3069 397 3141 appellatione
412 3086 571 3136 causarum,
587 3072 637 3124 aut
650 3073 801 3125 retractata
818 3075 869 3125 aut
882 3087 948 3126 con·
959 3111 987 3185 C
1000 3088 1065 3126 rum
1081 3072 1165 3127 series
1180 3075 1283 3142 etpost
1297 3071 1444 3127 decursam
1464 3070 1663 3142 cognitionem
1681 3070 1812 3127 sententia

133 3164 245 3218 sumata
258 3163 343 3217 fuisse
353 3162 471 3234 judicia,
487 3163 558 3218 adeo
574 3166 605 3217 ut
617 3168 727 3218 servata
741 3165 849 3219 unitate
865 3164 946 3235 spiri·
999 3182 1064 3237 quae
1079 3182 1096 3219 a
1109 3165 1191 3220 nobis
1211 3170 1255 3220 est
1276 3165 1388 3236 prolata
1408 3169 1538 3221 testatur.
1562 3164 1633 3242 Huic
1654 3165 1767 3236 negatio
1778 3163 1811 3218 sic

133 3260 179 3311 tus
191 3256 344 3311 irrviuculo
365 3257 440 3328 pacis
454 3256 688 3326 commeantibus,
702 3257 768 3312 hinc
789 3257 854 3313 iude
874 3258 946 3313 litte·
998 3258 1078 3314 linito
1099 3259 1193 3313 fratris
1211 3261 1240 3314 et
1263 3258 1423 3330 coepiscopi
1445 3257 1535 3313 necui
1560 3257 1682 3328 prejecti
1704 3256 1811 3329 quercla

133 3350 171 3404 ris
184 3367 240 3422 que
255 3355 360 3405 sanctur
374 3351 515 3421 agebatur
529 3354 676 3424 perpeture
691 3351 843 3422 proliceret
855 3351 948 3405 chari·
998 3352 1140 3407 successit.
1154 3352 1239 3423 diuus
1252 3351 1290 3406 ad
1312 3369 1362 3407 uos
1383 3351 1487 3406 litterae
1509 3350 1711 3421 lacrymabiles
1728 3355 1756 3407 et
1767 3350 1809 3405 do·

133 3444 193 3499 tati.
208 3447 300 3509 Quam
318 3443 478 3498 sollicitudo
491 3448 587 3498 nostra
603 3461 660 3498 non
674 3460 724 3498 sua
741 3461 882 3516 quaeram,
899 3445 949 3499 sed
999 3445 1090 3500 laudae
1117 3445 1241 3516 desuper
1262 3445 1392 3500 ordinate
1417 3444 1470 3499 sibi
1494 3444 1631 3525 episcopo
1652 3450 1720 3499 sunt
1744 3444 1808 3498 dire·

134 3555 198 3608 quae
218 3542 284 3593 sunt
302 3537 417 3604 Christi,
431 3538 599 3609 dignitatem
621 3538 756 3593 divinitus
777 3538 883 3605 datauu
898 3554 949 3593 uec
998 3543 1060 3594 ctae.
1077 3538 1199 3610 Epistola
1221 3555 1337 3610 quoque
1359 3539 1469 3610 ingesta
1493 3541 1536 3592 est
1556 3537 1664 3593 civium
1686 3536 1771 3609 ipsius
1786 3540 1810 3590 ct

133 3630 256 3685 ecclesiis
277 3647 335 3711 'nec
359 3631 542 3687 ecelesiarum
571 3631 763 3687 sacerdotibus
785 3631 947 3703 arrogabat.
999 3648 1152 3686 numerosa
1172 3631 1380 3702 subscriptione
1406 3631 1587 3703 singulorum
1613 3629 1727 3686 firmata
1747 3629 1808 3685 invi·

133 3725 187 3779 Sed
206 3725 281 3779 hunc
307 3725 451 3780 tramitem
474 3741 588 3796 semper
601 3724 675 3780 inter
694 3725 816 3795 maiores
832 3729 949 3779 uestros
999 3725 1164 3780 diosissimis
1177 3728 1277 3780 contra
1293 3723 1430 3779 Hilarium
1444 3725 1528 3796 plena
1544 3724 1746 3795 querimoniis,
1761 3740 1807 3794 quo

133 3821 161 3872 ct
169 3818 241 3873 liene
252 3823 363 3873 tentum
375 3822 404 3873 et
412 3819 562 3874 salubriter
572 3819 769 3886 constitutum,
778 3818 898 3873 Hilarius
907 3835 949 3873 ec·
998 3820 1124 3890 projectu
1136 3818 1269 3889 episcopo
1281 3834 1334 3873 suo
1349 3821 1490 3889 aegrotare
1503 3817 1631 3872 liberum
1641 3834 1702 3873 non
1712 3818 1807 3879 luisset

133 3912 281 3966 etesiarum
301 3916 405 3992 statum
425 3917 454 3967 et
469 3912 649 3968 concordiam
671 3912 850 3967 sacerdotum
870 3912 949 3967 novis
999 3914 1117 3984 ejusque
1132 3911 1322 3966 sacerdotium
1335 3911 1581 3982 inaliumpraeter
1593 3928 1677 3966 suam
1688 3912 1808 3967 notitiam

133 4005 404 4076 praesumptionibus
429 4006 591 4061 turbaturus
612 4005 739 4074 excessit,
762 4006 867 4061 iterum
892 4023 949 4061 suas
999 4022 1059 4062 esse
1082 4007 1262 4071 translatum,
1278 4009 1307 4060 et
1323 4010 1382 4060 tam
1403 4005 1452 4077 qui
1471 4004 1502 4059 in
1521 4021 1643 4060 vacuam
1664 4005 1807 4077 possessio-

133 4115 179 4153 vos
200 4099 349 4169 cupientes
371 4098 493 4153 subdere
515 4099 657 4169 potestati,
674 4104 704 4153 ut
723 4116 753 4153 se
775 4099 857 4154 beate
881 4117 948 4171 apo-
1000 4117 1065 4155 uem
1079 4100 1114 4154 ab
1129 4099 1233 4154 Hilario
1253 4115 1418 4171 perversore
1441 4099 1586 4154 haeredem
1600 4100 1722 4155 viventis
1735 4099 1806 4155 iudu-

132 4192 203 4246 stolo
218 4192 300 4245 Petro
322 4208 379 4244 non
394 4191 519 4261 patiatur
534 4208 595 4244 esse
610 4192 780 4260 subjectum,
795 4193 948 4247 ordinatio·
999 4199 1086 4248 ctum.
1101 4192 1175 4256 Quid
1191 4192 1237 4247 hie
1251 4192 1416 4248 fraternitas
1428 4197 1518 4246 vestra
1534 4193 1640 4248 sentiat
1652 4206 1807 4264 cuperemus

134 4301 182 4337 oes
197 4283 249 4338 sibi
263 4283 394 4337 omnium
409 4299 461 4354 per
474 4284 577 4338 Gallias
591 4284 776 4340 ecclesiarum
791 4286 948 4352 vindicans,
998 4287 1106 4354 audire,
1132 4302 1297 4358 maneriam
1326 4286 1361 4340 de
1385 4285 1483 4340 vestris
1509 4286 1616 4342 animis
1642 4291 1739 4342 nostra
1759 4299 1806 4340 non

134 4382 162 4432 rt
175 4376 300 4432 debitam
316 4375 544 4448 metropolitanis
558 4377 750 4432 sacerdotibus
765 4379 794 4433 in
810 4396 894 4433 surim
902 4379 949 4450 jus
999 4381 1098 4436 debeat
1120 4380 1263 4434 sententia
1281 4379 1424 4445 dubitare,
1438 4395 1504 4434 cum
1525 4379 1647 4436 tratrem
1665 4381 1697 4436 in
1716 4380 1805 4436 lectule

135 4471 306 4526 transferens
330 4470 511 4542 dignitatem,
536 4471 626 4542 ipsius
655 4487 768 4543 quoque
796 4473 948 4528 beatissimi
959 4476 988 4548 Ι)
999 4474 1196 4541 coustitutum,
1208 4490 1265 4528 non
1277 4477 1334 4528 tam
1346 4472 1511 4528 infirmitate
1521 4475 1651 4545 centoris
1660 4471 1804 4546 aggravari.

134 4566 206 4620 l’etri
222 4565 413 4620 reverentiam
422 4564 517 4620 verbis
526 4564 769 4636 arrogantioribus
781 4567 947 4635 minuendo,
997 4585 1083 4640 quam
1093 4566 1804 4640 aliovideatisdoloretorquetquespesillideuu

133 4659 178 4712 «aui
191 4675 255 4713 cum
277 4675 336 4729 prae
351 4658 461 4714 caeteris
476 4658 611 4726 solvendi,
627 4662 656 4713 et
670 4658 777 4731 ligandi
795 4660 900 4715 tradita
914 4660 950 4716 sit
999 4660 1181 4732 relinquitur,
1190 4661 1234 4716 cui
1245 4660 1281 4716 de
1289 4660 1449 4716 sacerdotio
1458 4677 1519 4728 suo,
1530 4660 1600 4715 durn
1612 4662 1654 4717 illi
1667 4658 1804 4717 alitersub

135 4756 268 4821 potestas,
283 4753 490 4823 pascendarum
510 4759 606 4809 mmen
623 4753 719 4809 ovium
741 4770 809 4808 cura
822 4754 950 4825 specialis
1002 4754 1140 4820 stituitur,
1155 4755 1300 4826 irrogatur
1312 4754 1495 4825 desperatio?
1508 4757 1634 4826 Apparet
1652 4771 1723 4828 ergo
1735 4766 1803 4826 quem

132 4845 265 4900 nraudata
279 4850 329 4900 est.
347 4846 397 4901 Cui
410 4847 538 4919 quisquis
556 4846 746 4919 principatum
760 4847 884 4902 aestimat
897 4847 947 4903 de·
1000 4847 1076 4902 mitis
1097 4848 1133 4902 sit
1157 4849 1242 4903 corde
1264 4847 1395 4916 Hilarius,
1411 4847 1461 4919 qtri
1484 4846 1582 4903 obesse
1606 4848 1803 4920 presumptioni

133 4939 514 5012 negandum,illiusquidem
529 4941 702 4996 nullomodo
715 4941 949 5012 potestminuere
1000 4959 1057 4996 sum
1079 4942 1212 4996 fraterno
1228 4940 1328 4996 mortis
1349 4941 1470 4996 eredidit
1485 4941 1661 4999 tarditatem.
1678 4943 1803 5007 Quantum

133 5033 312 5104 dignitatem,
325 5034 374 5089 sed
387 5034 502 5088 inflatus
514 5034 615 5105 spiritu
630 5035 770 5106 superbiae
781 5051 839 5090 suaa
848 5038 950 5090 semet·
1000 5035 1079 5090 cuiru
1093 5035 1123 5089 iu
1136 5052 1165 5090 se
1183 5035 1246 5104 suit,
1260 5035 1300 5089 illi
1315 5034 1457 5089 subtraxit
1470 5036 1575 5102 lucem,
1593 5036 1713 5093 abstulit
1725 5036 1803 5097 oen,

134 5129 226 5198 ipsum
247 5126 277 5181 in
301 5128 412 5182 inferna
436 5127 588 5199 demergit.
609 5128 677 5193 Qua
696 5128 784 5200 igitur
802 5129 878 5200 apud
898 5145 949 5184 nos
999 5146 1064 5201 qum
1080 5129 1157 5184 bunc
1177 5130 1303 5184 dolorem
1328 5129 1357 5183 in
1378 5130 1473 5184 locum
1496 5129 1569 5198 ejus,
1585 5130 1709 5185 alterium
1723 5127 1802 5183 subo

133 5221 161 5275 in
176 5237 261 5275 causa
284 5220 429 5275 Celadonii
453 5220 576 5292 episcopi
599 5225 680 5292 gesta
703 5223 830 5277 confecta
849 5221 906 5277 sint
922 5226 951 5277 ct
1001 5223 1106 5294 gando,
1122 5240 1159 5278 nc
1182 5222 1219 5277 ad
1245 5222 1368 5277 salutem
1391 5222 1432 5277 illi
1455 5237 1589 5277 recursus
1610 5229 1696 5293 esset,
1714 5219 1801 5293 inject.

132 5331 196 5386 quae
218 5314 339 5368 llilarius
362 5312 466 5368 dixerit
493 5313 561 5368 dum
591 5331 655 5369 cum
682 5313 783 5370 eodem
811 5321 950 5386 praesente
1000 5318 1065 5371 Esto
1087 5316 1223 5371 utbrevis
1245 5316 1325 5371 fratri
1347 5315 1474 5371 evenerit
1494 5315 1633 5372 hirmanaa
1651 5310 1803 5373 conditionis

131 5407 292 5480 supradicta
314 5407 447 5479 episcopo
470 5396 630 5476 audiretur,
646 5407 752 5463 inditus
775 5408 881 5463 cliartis
904 5426 948 5465 rc·
1001 5415 1137 5465 consueta
1167 5409 1311 5481 migratio,
1334 5409 1403 5481 quid
1430 5408 1484 5464 sibi
1514 5409 1640 5467 Hilarius
1668 5406 1803 5484 queritis

133 5519 197 5556 rum
215 5501 286 5557 ordo
307 5502 496 5556 demonstrat.
513 5501 565 5557 Ubi
588 5505 741 5573 postquam
762 5502 884 5557 Hilarius
903 5519 949 5558 ra·
1000 5504 1092 5558 aliena
1106 5502 1262 5574 provincia,
1278 5509 1308 5558 et
1319 5502 1348 5558 id
1362 5503 1439 5574 quod
1459 5503 1556 5559 nullus
1577 5503 1758 5561 decessorum
1770 5500 1803 5571 ip·

133 5595 266 5650 tionabile
291 5594 368 5667 quod
390 5595 419 5650 in
441 5599 606 5651 sanctorum
630 5595 748 5651 concilio
771 5596 951 5651 sacerdotum
1001 5596 1059 5650 sius
1080 5602 1130 5651 aut
1153 5598 1297 5652 Patroclus
1326 5596 1457 5652 habuerit
1479 5613 1530 5651 cur
1553 5602 1690 5673 usurpet,
1709 5612 1767 5654 cum
1783 5594 1805 5646 ti

132 5693 229 5758 posset
243 5689 416 5761 respondere
428 5707 488 5745 nen
502 5690 611 5760 habuit,
628 5689 663 5744 ad
677 5706 710 5744 ea
723 5706 752 5745 se
768 5690 876 5745 occulta
889 5707 949 5746 cer·
1001 5690 1095 5763 ipsum
1110 5691 1187 5762 quod
1201 5691 1330 5746 Patroclo
1343 5707 1360 5745 a
1373 5689 1441 5746 sede
1454 5691 1614 5762 apostolica
1629 5687 1808 5764 emptura

119 5781 266 5854 disrpsius
280 5785 503 5855 transtulerunt,
516 5801 581 5861 «pute
593 5783 835 5842 nulluslaicarum
846 5784 949 5855 dicere,
1003 5782 1152 5840 videbatur
1172 5801 1233 5840 asse
1257 5801 1434 5852 eoncessum,
1450 5785 1635 5857 postmodum
1654 5785 1691 5843 sit
1709 5786 1808 5840 senteu-
