3870 6150
588 274 825 343 1111111111
844 265 1040 339 conscrib
1603 281 1659 342 111

103 384 389 459 rigaorantiamaul
406 402 458 458 per
470 385 678 460 negligentiam
692 407 790 462 repre·
801 388 1281 477 ,11111111111111111111111111,
1297 392 1326 444 et
1344 393 1377 446 at
1393 390 1511 448 credant
1529 407 1657 448 resurre-

103 495 113 537 o
133 479 280 539 invenitur
293 479 324 536 in
344 480 437 551 nobis,
452 486 634 538 recurrentes
654 484 691 539 ad
710 484 789 539 testi·
842 483 967 538 ctionem
979 482 1112 537 omnium
1125 484 1287 551 hominum,
1304 488 1332 539 et
1347 483 1425 540 diem
1444 483 1545 555 judicii
1559 485 1589 542 in
1602 502 1659 558 quo

103 577 263 631 sanctarum
295 574 507 646 scripturarum
535 577 578 631 vel
605 578 790 649 antiquorum
840 576 1658 650 unusquisquesecundumoperasuareccpturussit.Etsic

103 667 271 736 a'instituta,
280 667 409 724 adhibito
422 671 569 725 communi
582 687 721 726 consensu
733 671 792 727 ani·
841 669 1095 742 posteaepiscopus
1103 669 1655 743 deecclcsiaillaproticiscaturadaliam.

106 760 305 834 displicuerint
318 762 479 818 rationabili
486 763 595 834 judicio
603 766 790 836 corrigamus.
876 765 908 820 ll.
922 762 1030 819 Placuit
1043 767 1073 818 ut
1087 763 1182 818 nullus
1198 764 1398 834 episcoporum
1411 781 1464 836 per
1476 782 1541 822 suas
1555 766 1656 823 dicace-

103 871 156 924 rm,
169 855 194 910 si
210 856 314 927 placet,
328 855 358 912 in
372 856 483 912 relectis
495 857 570 912 beati
584 858 661 913 Petri
672 859 791 931 apostoli
840 873 884 913 ses
897 857 1048 913 ambulans
1061 860 1166 928 praeter
1177 857 1314 913 honorem
1329 858 1471 914 cathedrae
1485 876 1555 929 suae,
1563 861 1594 917 id
1603 865 1655 932 est,

103 947 198 1022 isquae
208 949 369 1022 proregula
382 950 559 1006 sacerdotum
570 950 601 1005 in
611 967 662 1007 sua
672 952 792 1024 epistola
840 950 941 1008 solidos
952 950 1035 1021 duos,
1047 949 1153 1024 aliquid
1165 950 1241 1006 aliud
1255 968 1306 1023 per
1314 951 1448 1007 ecclesias
1459 953 1552 1023 tollat;
1564 970 1657 1027 neque

104 1058 121 1097 r
142 1041 300 1114 adscripsit,
320 1042 460 1115 quidquid
485 1060 542 1099 non
567 1044 669 1101 eodem
690 1048 791 1102 tenore
840 1045 956 1102 tertiam
977 1048 1089 1117 partem
1111 1061 1146 1101 cx
1161 1061 1333 1117 quacunque
1349 1045 1492 1102 oblatione
1516 1048 1656 1120 populiin

103 1152 193 1208 nceps
215 1137 409 1209 apostolorum
433 1137 556 1205 edocuit,
569 1138 617 1210 agi
638 1139 760 1207 ridetur,
775 1157 792 1194 a
841 1139 967 1195 ecclesiis
982 1138 1196 1211 parochialibus
1209 1140 1350 1210 requirat;
1366 1139 1481 1195 sedillic
1493 1141 1577 1196 tertie
1589 1159 1657 1215 pars

103 1246 131 1287 re
142 1230 202 1285 ulla
216 1229 394 1287 cunctatione
405 1230 441 1286 ad
457 1231 688 1289 emendationem
702 1232 790 1289 dedu·
841 1231 1092 1304 proluminaribus
1102 1232 1228 1287 ecclesiae
1239 1232 1284 1287 vel
1294 1232 1508 1304 recuperatione
1518 1238 1656 1305 servetur,

103 1323 236 1392 binemus,
261 1341 298 1380 ne
321 1324 394 1380 forte
424 1325 492 1381 dum
517 1324 580 1380 aliis
603 1326 792 1398 praedicamus
842 1331 870 1381 et
882 1342 933 1397 per
947 1325 1077 1398 singulos
1089 1341 1179 1381 annos
1193 1325 1326 1398 episcopo
1342 1325 1412 1380 inde
1427 1325 1658 1384 ratiofiat.Nan1

103 1416 150 1473 obi
160 1417 253 1473 effecti
265 1417 360 1473 divino
368 1418 417 1474 illo
427 1420 657 1475 condemnemur
667 1421 790 1493 eloquio,
841 1418 867 1474 si
879 1419 996 1475 tertiam
1008 1422 1121 1492 partem
1143 1419 1220 1474 illam
1236 1420 1384 1490 episcopus
1404 1419 1495 1490 tollat,
1511 1420 1610 1477 lumen
1630 1427 1658 1477 et

103 1527 109 1569 ι
127 1533 141 1563 s
156 1512 198 1568 Tu
210 1528 278 1567 vero
292 1512 377 1568 odisti
397 1512 586 1584 disciplinam,
600 1519 629 1569 et
646 1515 792 1587 proJ'ecisti
841 1529 920 1569 sacra
935 1515 1009 1570 tecta
1020 1513 1139 1568 abstulit
1150 1512 1288 1568 ecclesiae.
1302 1512 1440 1569 Similiter
1452 1518 1484 1569 ut
1506 1515 1656 1586 parochia·

103 1622 120 1660 s
144 1622 224 1661 meos
248 1609 312 1678 post
335 1609 361 1662 tc
383 1606 467 1678 (Psoi.
489 1623 561 1674 sarx,
580 1609 633 1679 17).
650 1630 664 1657 υ
688 1609 792 1664 Omnes
840 1605 884 1662 les
896 1605 1097 1662 clericiservili
1112 1623 1192 1663 more
1208 1606 1237 1662 in
1251 1606 1394 1679 aliquibus
1406 1607 1659 1682 operibusepiseo-

117 1698 272 1756 dixerunt:
296 1701 433 1773 Cupimus
455 1706 645 1757 memoratam
673 1703 792 1774 apostoli
842 1700 885 1772 pis
900 1699 1005 1756 servire
1017 1716 1075 1757 non
1090 1703 1242 1771 cogantur,
1259 1700 1325 1772 quia
1340 1700 1479 1773 scriplum
1492 1705 1550 1758 est:
1561 1703 1658 1776 Neque

103 1793 209 1850 istolam
223 1793 260 1849 ad
273 1795 369 1849 locum
381 1794 477 1850 afferri
492 1796 587 1867 ipsum
600 1795 648 1850 ubi
659 1797 790 1853 sacerdo·
801 1774 830 1848 Β
842 1793 868 1849 vi
882 1793 1065 1850 dominantes
1079 1794 1109 1849 in
1123 1795 1211 1849 clero.

102 1892 114 1943 1
133 1888 241 1944 audire.
256 1889 334 1943 Tunc
355 1889 438 1944 allato
457 1888 529 1944 libro
549 1889 610 1944 haec
631 1906 667 1944 ex
689 1890 790 1946 eadem
876 1888 920 1942 ltt.
934 1887 1043 1942 Placuit
1056 1890 1089 1941 ut
1103 1887 1139 1942 de
1155 1886 1335 1942 ordinatione
1348 1885 1514 1944 clericorum
1530 1888 1658 1963 episcopi

103 1981 222 2037 recitata
236 1986 319 2037 sunt:
334 2003 347 2032 «
361 1981 493 2038 seniores
503 1983 620 2038 obsecro
630 1984 787 2051 consenior,
838 1997 958 2036 munera
967 1981 1046 2037 nulla
1060 1980 1211 2053 accipiant,
1221 1980 1272 2035 sed
1284 1979 1357 2035 sicut
1368 1980 1508 2052 scriptum
1520 1985 1657 2057 estquod

103 2075 142 2148 [ui
153 2075 182 2130 in
195 2075 272 2131 vobis
282 2080 324 2131 est
338 2092 455 2148 gregem
468 2077 528 2145 liei,
540 2077 719 2147 providentes
731 2095 789 2132 non
840 2075 927 2146 gratis
942 2075 1066 2131 donante
1082 2076 1140 2130 lieo
1163 2073 1315 2146 accipiunt,
1330 2074 1419 2146 gratis
1440 2075 1518 2133 dent.
1543 2077 1604 2134 Non
1627 2078 1658 2134 in

103 2168 142 2225 ed
160 2175 318 2242 spontance
338 2171 494 2227 secundum
518 2171 681 2240 Dominum,
696 2187 790 2244 neque
838 2168 933 2240 aliquo
948 2168 1042 2240 pretio
1056 2167 1149 2240 gratia
1161 2167 1220 2237 liei,
1237 2173 1266 2223 et
1286 2167 1430 2239 impositio
1453 2185 1594 2226 manuum
1607 2188 1657 2229 ve·

103 2261 153 2318 scri
168 2264 267 2334 gratia,
283 2264 332 2319 sed
346 2264 515 2335 voluntarie,
530 2281 624 2338 neque
640 2265 790 2320 dominan-
840 2261 1002 2330 nundetur;
1027 2262 1094 2334 quia
1116 2261 1236 2333 antiqua
1257 2261 1386 2318 definitio
1412 2264 1541 2333 Petrum,
1558 2265 1598 2321 ita
1622 2266 1658 2322 de

103 2355 193 2425 ericis,
208 2357 258 2412 sed
271 2357 362 2413 forma
373 2358 439 2413 iacti
454 2359 536 2431 gregi
549 2362 578 2414 et
591 2376 624 2414 cx
637 2359 743 2429 auimo,
760 2365 790 2415 ut
840 2355 1033 2411 ecclesiasticis
1060 2355 1287 2411 ordinationibus
1311 2356 1419 2424 statuit,
1435 2357 1532 2414 dicens
1554 2374 1561 2415 :
1583 2362 1658 2416 Ana·

103 2450 218 2506 seruerit
233 2451 366 2524 princeps
390 2458 538 2524 pastorum
558 2452 718 2524 percipiatis
733 2453 789 2508 im·
839 2450 940 2504 thema
962 2449 999 2504 sit
1023 2448 1104 2505 danti
1125 2454 1155 2504 et
1174 2449 1335 2521 accipienti.
1356 2451 1511 2522 Propterea
1523 2451 1590 2524 qnia
1607 2454 1657 2509 ali·

103 2543 195 2600 bilem
209 2544 307 2616 gloriae
319 2562 463 2601 coronam.
475 2569 489 2597 »
501 2546 681 2616 liisrelectis,
690 2563 791 2607 omues
839 2543 939 2615 quanti
953 2541 1052 2599 multis
1066 2543 1222 2599 sceleribus
1236 2542 1350 2599 obnoxii
1365 2549 1462 2600 sancto
1475 2544 1588 2618 indigni
1602 2548 1657 2602 mi·

121 2637 278 2693 dixerunt:
300 2639 427 2712 Cognitis
454 2640 497 2696 his
524 2657 586 2712 quoe
613 2657 647 2698 ex
670 2640 790 2713 epistola
839 2635 1086 2692 nistrmtesaltari
1101 2653 1161 2693 non
1176 2637 1231 2693 hoc
1252 2635 1419 2693 testimonio
1442 2637 1587 2695 bonorum
1609 2656 1657 2696 ac·

101 2730 138 2785 tri
150 2733 269 2803 apostoli
282 2734 487 2802 suntrecitata,
498 2734 791 2803 desideramusauxi·
840 2736 932 2801 tuum,
946 2731 995 2786 sed
1018 2731 1181 2802 prolusione
1204 2747 1360 2787 munerum
1384 2731 1525 2801 obtinent,
1547 2739 1660 2806 oportet

103 2824 240 2897 eigratia,
258 2826 360 2881 divinis
374 2827 490 2882 obedire
510 2828 668 2900 preceptis,
681 2833 710 2883 et
721 2845 790 2899 apo·
841 2841 910 2896 ergo
919 2841 977 2880 non
986 2842 1040 2896 per
1052 2825 1175 2897 gratiam
1188 2841 1356 2895 munerum,
1370 2826 1420 2881 sed
1429 2842 1481 2898 per
1490 2826 1658 2899 diligentem

103 2918 218 2991 epistola
231 2937 295 2992 qua
312 2920 394 2976 nobis
415 2921 532 2975 recitata
545 2924 588 2977 cst
599 2921 629 2977 in
644 2921 689 2976 his
700 2923 792 2977 omni·
841 2918 919 2989 prius
939 2917 1154 2989 discussionem,
1170 2918 1276 2974 deinde
1290 2935 1343 2990 per
1355 2920 1513 2976 multorum
1529 2921 1658 2977 testimo·

103 3013 199 3067 nulam
219 3012 333 3082 imitari,
347 3002 468 3070 neforto
487 3014 517 3070 in
530 3014 672 3087 aliquibus
686 3015 792 3071 inordi·
841 3011 922 3067 nium
936 3011 1053 3068 clericos
1065 3011 1208 3069 ordinare.

103 3104 247 3162 rbulantes
272 3106 366 3162 divino
380 3108 465 3179 (quod
490 3108 573 3181 absit)
589 3108 698 3179 judicio
721 3124 789 3165 con·
800 3150 828 3226 C
874 3107 918 3161 lll.
931 3105 1038 3162 Placuit
1049 3110 1082 3161 ut
1093 3105 1238 3162 modicum
1252 3106 1370 3162 balsami
1385 3107 1462 3178 quod
1474 3106 1659 3166 benedictum

103 3215 155 3270 rur,
173 3200 220 3254 sed
238 3203 401 3256 sanctorum
423 3203 540 3256 Petrum
558 3201 678 3274 vestigia
697 3203 791 3258 subse·
841 3215 893 3271 pro
909 3198 1045 3271 baptismi
1060 3204 1241 3256 sacramento
1264 3215 1315 3271 per
1334 3200 1466 3256 ecclesias
1481 3202 1577 3271 datur,
1591 3204 1660 3276 qnia

103 3291 268 3365 inipsorum
276 3295 375 3366 requie
385 3310 549 3349 mereamur
558 3311 620 3350 esse
629 3296 790 3369 participes,
842 3293 998 3365 asingulis
1024 3293 1168 3349 tremisses
1195 3311 1248 3366 pro
1276 3293 1339 3365 ipso
1363 3294 1437 3367 erigi
1463 3295 1566 3365 solent,
1586 3298 1660 3355 nihil

103 3386 279 3442 rcessibilem
292 3388 369 3442 illam
391 3388 491 3459 gloriae
512 3406 656 3460 coronam,
670 3406 734 3462 quae
750 3407 792 3446 re·
842 3385 960 3442 ulterius
973 3386 1125 3458 exigatur:
1140 3402 1177 3442 ne
1192 3387 1267 3443 torte
1283 3386 1360 3459 quod
1372 3403 1424 3460 pro
1439 3389 1529 3446 salute
1544 3391 1658 3448 anima-

103 3496 114 3534 ι
135 3485 188 3551 111,
204 3497 269 3535 cum
291 3482 358 3552 ipsis
380 3483 528 3554 percipere
550 3499 725 3539 mereamur.
749 3484 791 3539 Ob
841 3497 907 3536 rum
920 3496 971 3552 per
983 3480 1195 3536 invocationem
1218 3480 1307 3535 sancti
1329 3481 1451 3552 Spiritus
1468 3490 1658 3554 consecratur,

103 3578 199 3629 »tuam
212 3573 405 3645 simulomnes
418 3576 600 3648 deposcimus
610 3577 790 3649 charitatem,
842 3574 914 3629 sicut
939 3573 1037 3629 Simon
1069 3590 1171 3646 magus
1200 3575 1308 3629 donum
1339 3576 1388 3630 Dei
1419 3577 1541 3647 pecnnia
1567 3579 1659 3636 voluit

103 3680 180 3722 nes
192 3684 289 3722 causas
305 3669 423 3741 singulis
436 3669 567 3741 capitulis
578 3670 702 3725 breviter
712 3687 791 3727 com·
842 3683 949 3738 emere,
971 3667 1011 3723 ita
1036 3683 1088 3722 nos
1110 3667 1307 3723 venundantes
1334 3667 1533 3727 damnabiliter
1554 3688 1661 3729 venun·

103 3763 793 3837 as,velqualitercorrigidebeant,hisgestissub
844 3761 956 3818 demur.

103 3859 178 3911 ictas.
191 3856 259 3920 Quae
272 3874 337 3912 cum
353 3858 505 3914 studiosius
517 3860 623 3914 relecta
636 3864 665 3915 et
677 3859 707 3914 in
720 3860 793 3915 noti·
877 3857 908 3912 V.
932 3855 1040 3912 Placuit
1061 3857 1094 3911 ut
1120 3854 1252 3928 quotiens
1277 3853 1313 3910 ab
1339 3854 1435 3927 aliquo
1463 3856 1591 3915 fidelium
1619 3861 1656 3915 ad

103 3949 188 4004 nium
203 3955 332 4007 nostrum
350 3952 495 4008 evidenter
516 3952 625 4009 tuerint
645 3954 791 4025 perducta,
843 3948 1051 4007 consecrandas
1080 3947 1210 4004 ecclesias
1241 3947 1366 4021 episcopi
1399 3948 1567 4022 invitantur,
1600 3970 1660 4010 non

109 4045 307 4117 unusquisque
321 4061 408 4101 manu
422 4063 474 4117 pro
484 4062 584 4102 eorum
596 4048 794 4104 emendations
842 4043 924 4118 quasi
938 4060 972 4099 ea
984 4039 1082 4098 debito
1095 4058 1201 4098 munus
1222 4041 1369 4114 sliqaoda
1387 4042 1540 4100 fundatore
1560 4049 1660 4120 requi·

103 4137 240 4193 rmalione
255 4139 424 4209 subscribat,
436 4144 467 4195 ut
480 4157 538 4197 non
550 4142 641 4197 solum
654 4141 793 4197 nobissed
843 4141 919 4208 rant,
931 4138 980 4193 sed
992 4136 1016 4191 si
1028 4136 1088 4209 ipse
1101 4132 1220 4208 quidem
1234 4134 1342 4208 aliquid
1356 4152 1392 4192 ex
1405 4152 1456 4192 suo
1468 4142 1533 4194 roto
1546 4139 1659 4197 obtule·

103 4233 296 4288 accessoribus
317 4234 431 4304 nostris,
446 4235 507 4290 heac
530 4234 567 4290 ad
589 4235 797 4308 perlectionem
843 4233 890 4303 rit,
904 4248 964 4288 non
974 4233 1136 4303 respuatur.
1151 4229 1179 4287 Si
1193 4246 1260 4287 vero
1276 4234 1326 4286 aut
1340 4236 1492 4303 paupertas
1505 4232 1597 4304 illum,
1611 4241 1663 4292 aut

103 4325 149 4385 ilis
163 4326 249 4382 officii
265 4328 379 4384 decreta
392 4328 553 4400 proficiant.
843 4325 996 4383 necessitas
1015 4325 1130 4394 retinet,
1148 4323 1221 4380 nihii
1243 4315 1375 4396 exigatur
1390 4324 1426 4380 ab
1447 4325 1505 4383 illo.
1529 4330 1662 4386 Attamen
1778 4390 1790 4403 ‚

106 4460 115 4476 .
129 4421 238 4477 Placuit
249 4422 381 4478 omnibns
397 4423 536 4495 episcopis
549 4427 635 4497 atque
651 4423 793 4493 convenit,
844 4419 1038 4492 unusquisque
1051 4418 1251 4491 episcoporum
1273 4415 1449 4487 meminerit,
1465 4425 1569 4477 utnon
1583 4424 1662 4494 prius

104 4510 219 4588 iugulas
239 4516 368 4572 ecclesias
388 4517 524 4590 episcopi,
539 4524 567 4574 et
588 4534 642 4589 per
661 4517 833 4595 dioecesesl)
845 4513 956 4569 dedicet
970 4512 1127 4580 ecclesiam,
1141 4510 1197 4566 nisi
1210 4514 1294 4567 antea
1315 4511 1413 4568 dotem
1435 4511 1561 4569 basilice
1573 4520 1604 4571 et
1614 4517 1663 4572 ob-

103 4613 160 4665 stes
182 4610 310 4682 primum
336 4611 489 4667 discutiant
510 4611 634 4683 clericos,
652 4612 796 4686 quomodo
846 4604 977 4679 sequium
992 4604 1080 4678 ipsius
1093 4604 1343 4677 perdonationem
1360 4604 1498 4662 chartulae
1511 4607 1661 4666 confirma.

103 4721 109 4758 ι
134 4702 268 4772 baptismi
293 4709 418 4775 teneant,
433 4707 476 4763 vel
499 4706 651 4762 missarum
674 4706 797 4778 qualiter
847 4695 1292 4772 1111111111ρί111·11111111101116111
1311 4699 1355 4752 11111
1375 4697 1428 4755 isla
1440 4700 1662 4766 amarias-stne

103 4813 117 4852 a
132 4798 248 4853 ecclesia
260 4804 407 4871 peragant,
421 4805 450 4855 et
463 4800 484 4854 si
500 4805 577 4855 recte
591 4801 708 4872 quidam
721 4799 797 4855 inve·
846 4793 1042 4862 luminaribus,
1057 4792 1102 4848 vel
1114 4791 1174 4847 sine
1195 4790 1375 4847 substantiali
1399 4795 1603 4854 sustentatione
1618 4816 1663 4855 eo-

103 4891 291 4964 deogratias,
306 4892 461 4950 sinautem
475 4895 606 4963 minime,
620 4894 724 4950 docere
746 4893 795 4950 de·
846 4905 913 4944 rum
937 4887 989 4959 qui
1010 4885 1116 4941 ibidem
1140 4884 1273 4941 servituri
1295 4889 1372 4954 sunt,
1395 4887 1534 4960 tanquam
1558 4889 1664 4948 domus

103 5001 189 5041 11111.
206 4987 240 5041 at
252 4987 306 5041 hoc
317 4986 410 5042 modis
421 4988 555 5043 omnibus
567 4987 712 5059 precipite
725 4986 799 5042 sicut
846 4983 959 5056 privata
971 4982 1151 5037 consecretur
1164 4977 1290 5035 ecclesia.

103 5080 349 5152 canonesjubent‚
361 5087 392 5137 ut
404 5086 470 5136 ante
480 5082 541 5138 dies
553 5080 654 5152 viginti
664 5081 797 5153 baptismi
883 5078 927 5133 vt.
941 5071 1049 5133 Placuit
1069 5069 1171 5146 siquis
1189 5071 1336 5129 basilicam
1356 5090 1416 5131 non
1438 5092 1491 5146 pro
1513 5077 1663 5137 derotione

103 5173 229 5229 ationem
244 5175 391 5230 exorcismi
403 5179 575 5231 concurrant
591 5174 797 5245 catechumeni,
848 5169 926 5239 tidei,
940 5169 989 5226 scd
1010 5185 1063 5242 pro
1078 5170 1188 5242 quaestu
1210 5167 1371 5239 cupiditatis
1392 5169 1523 5240 aedificat,
1539 5175 1666 5246 utquid·

103 5282 128 5323 1s
140 5267 243 5340 viginti
256 5268 356 5324 diebus
367 5285 468 5324 omnes
479 5269 675 5325 catechumeni
688 5268 800 5340 symbo-
848 5264 917 5339 qaid
928 5263 965 5319 ibi
979 5263 1015 5318 de
1025 5261 1170 5318 oblatione
1185 5259 1282 5334 populi
1297 5261 1450 5334 colligitur,
1460 5263 1589 5319 medium
1598 5281 1664 5323 cum

103 5359 186 5420 idest
200 5378 207 5416 ε
221 5362 313 5417 Credo
327 5363 357 5418 in
370 5365 461 5418 Deum
482 5365 595 5419 Patrem
614 5363 797 5435 omnipoten·
849 5355 961 5416 clericis
985 5355 1107 5425 diridet,
1126 5372 1161 5410 eo
1184 5353 1263 5427 quod
1289 5354 1435 5411 basilicam
1462 5357 1493 5411 in
1517 5359 1593 5412 terra
1614 5373 1664 5416 sua

103 5456 225 5512 ecialiter
235 5456 402 5519 doceantur.
416 5459 571 5530 Postquam
582 5474 652 5530 ergo
666 5458 726 5513 laec
740 5456 800 5513 suis
850 5457 974 5526 quaestus
994 5466 1078 5506 causa
1100 5448 1270 5516 condiderit,
1285 5448 1362 5520 quod
1384 5448 1415 5503 in
1434 5448 1575 5520 aliquibus
1589 5453 1664 5509 ⁴locis

103 5546 299 5620 dimossarint,
314 5554 358 5606 vel
371 5552 523 5608 docuerint
537 5551 672 5625 episcopi,
687 5551 745 5607 alia
754 5551 800 5608 die
849 5563 939 5620 usque
955 5544 1041 5601 modo
1054 5543 1157 5599 dicitur
1169 5541 1241 5598 fieri.
1255 5543 1313 5597 lloc
1324 5557 1395 5612 ergo
1409 5541 1445 5597 de
1456 5545 1559 5598 caetero
1568 5545 1665 5602 obscr-

103 5647 137 5700 ta
149 5644 254 5717 plebe'
247 5645 335 5716 ipsius
350 5647 475 5701 ecclesiae
493 5647 614 5701 doceant
602 5645 698 5714 tillos,
712 5649 745 5701 ut
757 5659 801 5701 er·
850 5641 909 5696 vari
922 5638 1017 5705 debet,
1032 5641 1066 5693 ut
1077 5636 1174 5693 nullus
1187 5634 1387 5708 episcoporum
1401 5636 1463 5690 tam
1477 5635 1665 5697 abominabili

103 5737 189 5811 tgiant
200 5738 350 5810 idolorum,
364 5740 409 5796 vel
428 5740 540 5796 diversa
558 5738 691 5806 crimina,
704 5737 735 5794 id
746 5742 799 5807 111,
851 5739 915 5791 voto
928 5731 1095 5800 committat,
1107 5746 1162 5786 nec
1170 5728 1320 5785 basilicam
1331 5743 1398 5800 quaa
1416 5744 1490 5784 nou
1484 5746 1548 5802 uro
1554 5739 1679 5787 meto-

103 5830 171 5889 liam
172 5831 370 5903 ,admissum
381 5834 551 5908 perjurium,
559 5834 671 5892 1111111
675 5831 802 5891 tesam
850 5845 919 5889 rum
929 5820 1342 5906 patrocinio,sadmagiasob
1349 5820 1521 5881 1111111111
1529 5821 1713 5880 mamaeae

103 5925 235 5998 treliqua
245 5931 361 5998 peccata
373 5928 530 5997 mortifera,
550 5934 578 5985 11
596 5927 675 6005 quod
693 5929 800 5989 nolunt
853 5933 899 5990 est
909 5926 1043 6000 condita
1060 5922 1197 5984 autema
1207 5933 1406 5979 comestura
