3870 6150
148 226 199 313 'aro
515 223 522 232 ’
596 252 737 311 urano.
757 252 801 309 ao
818 251 899 310 suc.
918 216 1148 313 u.-'1s1o01u
1165 236 1377 312 mauronis
1464 207 1465 210 Ὺ

148 363 184 419 de
196 362 313 435 propria
325 361 486 418 humilitate
508 361 628 435 quisque
654 361 793 435 proficiat.
808 363 840 418 In
862 363 960 419 multis
971 376 1001 449 Α
1011 363 1114 420 Similis
1135 380 1248 436 quoque
1271 362 1413 418 sententia
1427 363 1462 418 de
1477 362 1569 433 terris,
1584 359 1676 417 vineis

147 457 224 513 euim
236 456 303 528 quia
315 457 472 511 multorum
484 458 559 511 salus
573 454 742 524 attenditur,
757 454 872 527 majoris
891 457 962 511 lucri
1011 457 1097 513 mulis
1113 456 1289 525 observetur,
1306 457 1330 511 si
1352 457 1412 511 siue
1435 455 1582 528 scripturae
1598 458 1676 525 textu

145 566 259 605 summa
272 549 426 621 perficitur.
437 549 493 621 lpsi
503 549 684 620 autem,quia
699 549 800 620 privati
815 550 960 604 commodi
1010 551 1098 605 modo
1109 567 1206 605 coram
1216 551 1333 605 testibus
1344 549 1473 621 quolibet
1486 552 1568 620 pacto
1584 547 1674 603 fuerit

145 643 253 698 fruetus
263 642 416 714 appetitur,
425 659 485 698 non
495 642 562 697 satis
572 646 614 696 est
622 641 646 695 si
655 641 738 696 unius
750 641 881 697 beneficii
889 659 961 714 prae-
1011 645 1049 697 De
1058 644 1143 698 rebus
1156 648 1252 698 autern
1264 643 1395 698 omnibus
1406 659 1422 697 a
1435 645 1564 713 tempore
1578 639 1676 696 Simiti

145 736 237 790 mium
248 736 440 808 conquiratur.
450 736 519 790 ilinc
529 739 558 790 et
571 735 620 789 illa
635 734 827 807 regendarum
839 738 960 791 tantum·
1009 736 1065 790 huc
1077 753 1166 808 usque
1181 753 1197 790 a
1219 735 1392 806 principibus
1413 734 1567 806 acquisitis,
1582 738 1633 789 aut
1653 733 1676 788 a

144 830 209 884 dem
227 830 302 884 salus
324 833 366 884 est
387 829 524 899 plebium,
539 845 604 901 quac
618 845 675 883 non
688 844 753 882 suos
766 828 838 884 fines
849 829 960 900 privata
1008 829 1172 900 provenerit
1183 826 1676 901 acquirendis,quascunquelorsitar

67 902 70 914 Ι
143 922 289 977 voluntate
310 922 466 991 concludit,
483 922 533 976 sed
556 938 619 994 quae
641 920 832 977 universitatis
854 922 959 978 limites
1008 922 1172 977 inordinata
1181 922 1238 975 sive
1248 919 1600 992 reliquit,sivereliquerit,
1610 935 1676 992 quae

144 1015 289 1070 communi
317 1015 431 1086 pietatis
457 1015 521 1086 lege
548 1014 685 1070 defendit.
716 1009 896 1086 Quapiopter
923 1031 959 1071 ne
1008 1015 1087 1086 apice
1110 1014 1269 1086 probantur
1293 1013 1430 1085 acquisita
1455 1013 1550 1081 luisse,
1571 1011 1607 1067 ad
1632 1028 1676 1068 suc

143 1109 275 1163 salutaris
297 1108 367 1163 ordo
388 1107 583 1179 imperialibus
603 1107 732 1163 videatur
750 1107 843 1163 verbis
864 1108 959 1180 potius
1009 1108 1208 1163 tantummodo
1223 1107 1306 1178 regni
1320 1107 1499 1162 decernimus
1512 1105 1667 1178 pertinere,

142 1200 264 1257 obtineri
276 1216 364 1274 quam
378 1201 476 1272 pactis,
492 1201 527 1255 de
541 1201 723 1256 sublimitatis
740 1200 856 1257 obtentu
869 1202 956 1257 decli·
1008 1205 1156 1273 potestate,
1165 1204 1197 1255 ut
1207 1200 1345 1272 quidquid
1355 1216 1390 1255 ex
1402 1199 1446 1253 his
1459 1198 1577 1270 elegerit
1588 1199 1676 1253 facem

142 1311 245 1350 namus
257 1295 293 1350 ad
308 1299 373 1351 vota
392 1294 554 1366 supplicum
569 1294 730 1366 tranquillae
747 1294 860 1349 visionis
877 1311 957 1365 aspe-
1007 1293 1112 1348 habeat
1126 1294 1209 1348 velle.
1227 1295 1258 1348 ln
1274 1293 1328 1347 illis
1351 1298 1447 1348 autem
1462 1292 1549 1346 rebus
1561 1307 1628 1362 quae
1641 1291 1676 1363 ip:

142 1391 229 1457 ctum,
244 1393 277 1444 ut
298 1388 363 1443 inde
385 1388 514 1443 salutaris
535 1387 695 1459 compassio
712 1388 814 1442 babeat
831 1404 956 1443 commo·
1007 1385 1090 1440 bonis
1103 1392 1265 1457 parentum,
1277 1391 1326 1440 aut
1341 1384 1376 1439 de
1391 1400 1630 1458 quorumcunque
1642 1401 1676 1457 pr

143 1481 221 1548 dum,
242 1481 319 1537 unde
345 1481 442 1552 plebes
471 1481 583 1552 adepta
609 1481 717 1535 fuerint
743 1481 957 1553 supplicationis
1007 1479 1231 1534 successionibus
1246 1477 1608 1550 proximorum,itaeidem
1621 1477 1676 1549 prix

142 1574 284 1629 ellectum.
299 1577 370 1632 Cum
384 1591 453 1646 ergo
466 1573 691 1645 praecedentium
710 1573 782 1628 serie
795 1579 956 1645 temporum
1007 1587 1061 1643 que
1070 1572 1101 1642 tsi
1111 1573 1161 1626 filii
1173 1571 1324 1643 defuerint)
1333 1571 1495 1625 haeredibus
1505 1568 1643 1641 legitimis
1651 1570 1676 1624 ln

141 1667 362 1722 immoderatior
380 1667 497 1722 aviditas
520 1667 685 1738 principum
713 1682 773 1721 sese
792 1683 881 1738 prona
901 1667 954 1722 dil·
1003 1665 1071 1736 jura
1087 1664 1233 1735 patebunt,
1248 1664 1420 1719 sicutetiam
1435 1647 1676 1734 caeteris'legeve

139 1759 274 1815 funderet
283 1760 313 1814 in
324 1760 420 1831 spoliis
429 1759 600 1831 populorum
612 1764 640 1814 et
652 1765 772 1831 augeret
780 1760 820 1834 cis
830 1756 994 1832 proprie-B
1005 1757 1086 1812 sione
1096 1763 1215 1828 paterna
1224 1757 1350 1828 patuisse
1364 1761 1528 1812 noscuntur.
1541 1755 1626 1820 Quod
1637 1755 1676 1810 sir

140 1852 206 1907 tatis
218 1868 335 1907 censum
352 1867 482 1907 arumna
495 1851 599 1906 tlebilis
618 1852 824 1923 subjectorum,
840 1852 953 1907 tandmn
1005 1851 1336 1922 rebusquorumcunquc
1345 1849 1674 1922 parentumautproxim

139 1961 270 2017 supernae
285 1946 469 2017 respectionis
484 1945 587 2000 ellectu
606 1945 686 2001 nobis
706 1950 747 2001 est
759 1944 892 2000 divinitus
910 1945 953 2000 in·
1005 1944 1099 2000 solum
1125 1944 1307 2013 successione,
1328 1945 1377 2000 sed
1397 1943 1484 2000 etiarn
1504 1942 1633 2015 qualibet
1657 1959 1676 1998 0

139 2039 288 2110 spiratum,
310 2044 340 2094 ut
363 2039 429 2110 quia
458 2038 590 2110 subjectis
621 2039 736 2110 regibus
763 2040 954 2094 reverentiam
1005 2042 1054 2093 aut
1072 2054 1242 2110 quocunque
1261 2042 1408 2093 contractu
1424 2038 1460 2091 ad
1479 2037 1528 2107 jus
1551 2037 1676 2109 ipsiusp

139 2130 319 2198 dederamus,
336 2131 497 2203 principum
513 2147 626 2202 quoque
640 2132 799 2187 excessibus
810 2133 952 2188 retinacu·
1003 2132 1138 2203 patuerit,
1155 2132 1178 2185 si
1193 2131 1342 2202 contingat
1356 2130 1418 2185 hoee
1436 2129 1601 2184 inordinata
1615 2128 1676 2185 relir

139 2225 200 2278 lum
213 2224 408 2295 temperantia
421 2240 606 2295 poneremus.
622 2224 742 2280 Proinde
754 2225 864 2280 sincera
876 2242 953 2282 man·
1003 2225 1039 2278 ad
1051 2241 1241 2280 successorem
1256 2224 1349 2296 regui,
1365 2224 1416 2278 sed
1437 2225 1465 2278 et
1483 2222 1520 2277 ad
1538 2223 1613 2277 filios
1627 2222 1673 2277 vel

138 2316 296 2371 suetudinis
319 2316 524 2373 deliberatione
544 2322 603 2371 tam
625 2317 717 2384 nobis,
737 2333 825 2389 quam
846 2320 953 2374 cunctis
1003 2317 1065 2388 ejus
1080 2318 1129 2389 qui
1149 2317 1318 2389 conquisivit
1333 2317 1495 2388 specialiter
1518 2317 1612 2371 omnis
1633 2332 1676 2371 ear

139 2409 951 2481 glorianostrasuccessoribusatfuturis,lleomediante,
1003 2410 1118 2481 quisitio
1139 2410 1303 2482 pertinebit.
1325 2412 1394 2465 Nam
1418 2410 1453 2464 de
1478 2410 1533 2464 illis
1553 2410 1639 2465 rebus
1664 2425 1676 2481 q

137 2504 231 2575 legem
248 2504 389 2576 ponimus,
402 2504 546 2560 decretum
562 2504 660 2559 divalis
682 2505 868 2560 observantia
882 2523 951 2578 pro·
1002 2504 1133 2575 princeps
1147 2511 1212 2560 ante
1224 2520 1356 2576 regnum,
1367 2509 1417 2559 aut
1430 2520 1464 2558 ex
1479 2503 1604 2575 proprio,
1618 2507 1669 2559 aut

137 2598 308 2670 mulgamus,
318 2599 451 2654 utnullus
466 2615 568 2670 regum
580 2598 760 2669 impulsionis
771 2614 829 2655 sure
838 2600 952 2671 quibus·
1002 2597 1075 2653 simo
1096 2598 1254 2670 conquisito
1278 2597 1454 2670 dignoscitur
1479 2597 1620 2666 habuisse,
1641 2595 1676 2652 irr

136 2706 249 2763 cunque
261 2692 386 2747 motibus
398 2695 448 2746 aut
459 2692 599 2762 factionis,
616 2692 768 2764 scripturas
785 2692 820 2747 de
835 2693 950 2764 quibus·
1002 2691 1101 2747 ordine
1115 2695 1165 2746 aut
1175 2691 1300 2747 faciendi
1315 2692 1390 2763 quod
1405 2691 1527 2746 voluerit
1538 2694 1665 2761 potestas

136 2784 206 2839 libet
219 2785 303 2840 rebus
316 2785 397 2841 alteri
415 2785 518 2840 dabitis
539 2785 580 2840 ita
599 2789 777 2857 extorqueat,
792 2787 836 2841 vel
854 2790 949 2841 extor-
1000 2787 1050 2838 aut
1063 2788 1139 2839 certe
1151 2784 1215 2839 siliis
1230 2785 1290 2855 ejus
1302 2784 1441 2839 successio
1457 2784 1541 2855 plena
1556 2782 1676 2855 patebit.

136 2877 266 2949 quendas
297 2877 436 2948 instituat,
464 2882 605 2949 quatenus
631 2879 734 2949 injusta
757 2895 790 2934 ac
813 2879 952 2935 violenter
1000 2876 1052 2931 filii
1065 2877 1218 2947 defuerint,
1233 2877 1369 2949 legitimis
1381 2877 1544 2932 haeredibus
1559 2893 1593 2932 ex
1601 2875 1676 2948 bisq

134 2969 328 3026 indebitarum
342 2969 529 3043 sibiquisque
546 2971 668 3041 probare
684 2971 771 3042 possit
791 2971 950 3027 dominium
1001 2969 1096 3026 dinata
1120 2971 1278 3042 reliquerit,
1303 2970 1486 3025 haereditario
1510 2970 1577 3041 jure
1603 2968 1676 3025 adiri

135 3079 243 3119 rerum.
257 3062 338 3127 Quod
354 3063 377 3117 si
393 3063 511 3135 alicujus
526 3063 685 3135 gratissima
704 3065 849 3120 voluntate
870 3065 951 3136 quid·
1000 3063 1089 3134 Hujus
1108 3080 1174 3120 sane
1196 3065 1265 3135 legis
1289 3064 1433 3118 sententia
1451 3063 1481 3117 in
1495 3062 1561 3117 solis
1581 3062 1638 3117 erit
1655 3078 1675 3135 p

134 3156 212 3228 piam
226 3155 261 3211 de
274 3156 358 3211 rebus
371 3173 388 3210 a
401 3172 574 3229 quocunque
588 3157 756 3229 perceperit,
769 3157 812 3212 vel
826 3124 987 3213 evidentiC
1000 3157 1123 3228 negotiis
1136 3157 1309 3212 observanda
1322 3160 1408 3228 atque
1427 3157 1467 3212 ila
1479 3156 1624 3228 perpetim
1641 3172 1676 3212 va

134 3248 316 3321 prestatione
328 3249 455 3305 lucratus
474 3250 582 3322 aliquid
608 3251 705 3321 luerit,
719 3250 750 3305 in
764 3251 863 3306 eadem
879 3251 947 3306 scri·
998 3266 1057 3305 non
1070 3255 1136 3305 ante
1150 3250 1290 3322 quispiam
1303 3251 1406 3305 solium
1419 3251 1516 3321 regale
1530 3248 1676 3305 conscend.

133 3345 216 3414 ptma
224 3346 324 3414 patens
334 3343 485 3399 voluntatis
498 3344 632 3416 praestitae
645 3344 769 3399 conditio
783 3346 947 3414 annotetur,
994 3343 1152 3415 juramenti
1163 3343 1270 3399 loedere
1281 3345 1355 3399 hanc
1367 3345 1460 3416 legem
1472 3361 1501 3398 se
1510 3344 1540 3398 in
1553 3343 1676 3400 omnibu

133 3452 185 3508 per
203 3453 289 3508 quam
304 3440 354 3492 aut
372 3437 517 3509 oppressio
541 3437 687 3509 principis,
706 3442 755 3493 aut
776 3438 949 3494 conterentis
997 3437 1156 3509 promittat,
1169 3454 1339 3510 quacunque
1350 3453 1417 3493 vero
1430 3443 1480 3493 aut
1495 3454 1546 3509 per
1558 3438 1676 3494 tumulti

131 3529 211 3585 fraus
231 3531 445 3586 evidentissime
470 3532 632 3602 detegatur,
649 3532 715 3587 etsi
729 3531 853 3603 patuerit
864 3549 881 3587 a
894 3549 946 3588 no·
997 3531 1056 3599 bes,
1068 3534 1118 3586 aut
1131 3548 1182 3603 per
1195 3531 1364 3586 absconsam
1379 3530 1551 3602 dignitatem
1571 3531 1676 3603 publici

131 3622 208 3679 lente
222 3624 309 3680 fuisse
325 3626 495 3698 scripturam
514 3630 652 3694 exactam,
667 3631 715 3682 aut
733 3626 881 3698 resipiscat
893 3627 946 3683 im·
999 3627 1106 3694 natum,
1123 3625 1259 3696 adeptum
1272 3642 1333 3679 esse
1347 3625 1505 3679 constiterit
1517 3625 1601 3696 regni
1613 3623 1676 3680 fasti

131 3716 258 3788 probitas
271 3718 418 3792 principis,
432 3723 460 3774 et
474 3723 592 3774 evacuet
603 3719 680 3791 quod
693 3721 766 3775 male
779 3721 945 3792 construxit,
997 3717 1073 3772 idem
1086 3734 1150 3772 cum
1161 3718 1292 3774 omnibus
1302 3723 1361 3774 tarn
1370 3718 1487 3772 nefaria
1498 3717 1553 3771 sibi
1563 3722 1676 3774 consent

131 3817 181 3867 aut
193 3817 270 3868 certe
284 3818 349 3885 post
365 3813 426 3883 ejus
444 3816 566 3868 mortem
588 3814 623 3868 ad
646 3830 712 3869 eum
727 3814 772 3868 cui
786 3817 885 3870 exacta
905 3819 947 3870 est
998 3815 1027 3866 et
1039 3811 1192 3865 anathema
1203 3811 1264 3882 liat,
1281 3817 1309 3866 et
1328 3811 1555 3867 Christianorum
1576 3826 1674 3866 comm

131 3905 279 3977 scriptura,
288 3908 331 3961 vel
340 3906 469 3962 haeredes
478 3908 549 3978 ejus,
559 3924 604 3963 res
612 3907 681 3979 ipsae
692 3907 753 3962 sine
766 3908 947 3964 cunctatione
997 3903 1119 3974 amittat,
1132 3908 1190 3959 tam
1209 3905 1278 3960 dirae
1298 3905 1487 3977 percussionis
1508 3905 1620 3960 ultione
1643 3920 1676 3960 eo

131 3998 254 4054 debeant
266 3999 402 4055 revocari.
418 4000 472 4055 lllae
488 4006 586 4056 autern
601 4017 657 4069 res,
670 4018 734 4073 quae
747 4004 858 4056 remota
867 4001 947 4056 omni
996 3998 1088 4052 omnis
1099 3998 1187 4053 divini
1195 3998 1303 4053 ordinis
1314 3999 1463 4071 cultorqui
1471 3998 1512 4052 illi
1521 3998 1676 4054 communit

131 4093 393 4162 comprehensionis
407 4095 665 4166 argumentatione,
675 4092 726 4149 sed
737 4110 815 4149 mera
826 4093 945 4149 libidine
996 4091 1158 4164 sumpserit,
1170 4092 1257 4147 simili
1269 4093 1407 4164 cumipse
1424 4091 1607 4147 damnatione
1622 4090 1676 4164 disp

131 4183 238 4239 directo
252 4185 337 4241 modo
350 4186 524 4242 transierunt
536 4188 565 4242 in
579 4186 715 4259 principis
727 4188 946 4258 potestatem,in
995 4200 1080 4257 poena
1104 4185 1238 4241 tabescat.
1261 4187 1333 4241 liam
1352 4187 1375 4240 si
1390 4186 1453 4257 quis
1473 4185 1645 4257 legishujus
1656 4203 1676 4241 st

132 4276 173 4331 eis
184 4279 351 4349 perenniter
358 4279 424 4350 jure
438 4279 606 4350 perdurent,
618 4283 648 4334 et
661 4279 801 4353 quidquid
812 4297 847 4337 ex
860 4282 943 4337 rebus
996 4278 1088 4334 officio
1104 4279 1230 4351 palatino
1245 4279 1452 4349 malevolendo,
1465 4283 1515 4334 aut
1537 4279 1675 4336 detraben

130 4370 199 4444 ipsis
208 4371 283 4428 idem
297 4373 428 4444 princeps
442 4372 575 4428 ordinare
585 4374 717 4445 voluerit,
731 4390 790 4431 suae
799 4375 945 4448 potestatis
994 4389 1059 4428 rare
1073 4374 1204 4445 voluerit,
1219 4377 1268 4428 aut
1284 4373 1445 4428 evacuando
1460 4372 1632 4444 quandoque
1651 4377 1676 4428 ut

129 4465 245 4522 arbitrio
258 4466 424 4537 subjacebit.
435 4467 540 4523 Verum
556 4472 587 4523 ut
599 4484 683 4524 omne
697 4469 783 4539 hrrjus
796 4471 944 4542 negotium
995 4467 1133 4522 insultans
1159 4467 1202 4522 vel
1228 4473 1327 4539 aperte
1356 4467 1504 4536 resultans,
1525 4466 1658 4539 proloqui

131 4559 251 4616 actionis
272 4559 389 4616 roboret
409 4560 556 4617 sinceritas
576 4563 712 4631 veritatis,
729 4580 793 4618 cum
808 4580 945 4636 quarum·
994 4559 1142 4630 exstiterit,
1158 4559 1266 4616 cunctis
1285 4558 1419 4632 palatinas
1443 4559 1593 4632 dignitatis
1615 4575 1676 4616 conr

130 4669 242 4724 cunque
252 4670 350 4710 rerum
363 4655 511 4727 scripturas
519 4656 549 4710 in
559 4657 695 4729 principis
707 4658 822 4713 nomine
833 4658 943 4714 exstite-
995 4654 1095 4708 officiis
1107 4670 1174 4708 mox
1188 4656 1318 4724 nudatus,
1334 4655 1465 4710 omnium
1481 4671 1579 4711 rerum
1592 4669 1676 4710 suam

128 4744 197 4813 rint,
206 4747 241 4801 ab
251 4747 295 4802 lris
305 4765 377 4820 quos
385 4750 505 4822 elegerit
514 4750 646 4823 princeps
655 4752 942 4827 diligentissimeper·
993 4747 1671 4820 (1111191116111111111111,1111111011110511111010

129 4837 314 4910 quirentur,si
322 4859 379 4897 non
387 4843 647 4915 aliquodiudicium
656 4848 747 4903 auide
755 4848 943 4921 impressione
992 4842 1472 4915 101115011111111111111111011111111
1493 4843 1630 4899 seclusus·
1651 4842 1676 4898 fl*

129 4932 274 5005 principis,
288 4939 337 4990 aut
350 4936 384 4990 de
404 4937 505 4993 fraude
525 4939 693 5011 scripturam
709 4941 838 4998 facientis
857 4943 943 4999 modo
993 4942 1080 4998 etiam
1094 4944 1143 5015 qui
1165 4960 1195 4998 se
1211 4944 1241 4998 in
1263 4945 1315 4998 hac
1330 4944 1414 5015 culpa
1428 4942 1593 5012 devolverit,
1608 4940 1676 4998 simil

128 5041 298 5100 quocunque
312 5032 505 5100 cognoverint.
522 5036 560 5087 Ac
573 5033 614 5087 sie
626 5037 674 5088 aut
687 5034 742 5088 rite
765 5036 837 5091 tacta
857 5038 942 5093 series
992 5038 1172 5111 proprietatis
1184 5055 1240 5093 suae
1256 5038 1405 5109 dispendio
1427 5036 1594 5108 subjacebit.

127 5119 275 5192 scriptura
294 5128 469 5195 permaneat,
484 5130 534 5180 aut
553 5125 632 5182 irrite
652 5129 782 5185 confecta
800 5138 941 5187 vanescat.

495 5374 693 5444 INCIPIUNT
715 5377 911 5447 CAPITULA
932 5381 1098 5450 CONClLll
1119 5380 1316 5449 TOLETANI
1337 5380 1443 5447 ΝΟΝΙ.

162 5514 186 5567 1.
204 5510 240 5567 Ut
254 5508 289 5565 de
304 5508 389 5566 rebus
404 5509 528 5567 ecelesia
542 5513 615 5569 nihil
625 5514 748 5589 episcopi
759 5516 900 5588 auferant,
912 5521 941 5577 et
991 5520 1049 5576 rint
1069 5536 1169 5577 earum
1188 5518 1313 5576 habeant
1328 5532 1436 5588 curam,
1452 5515 1565 5590 ipsique
1587 5514 1646 5574 illie
1661 5531 1676 5573 n

124 5603 247 5678 qualiter
259 5603 384 5677 proximi
400 5604 562 5664 trmdatoris
581 5609 705 5668 ecclesia
720 5610 939 5671 sollicitudinem
990 5614 1100 5687 eligant
1113 5615 1277 5673 servituros.

120 5702 234 5766 8118111·
1023 5710 1050 5765 ³.
1065 5709 1095 5766 si
1108 5709 1145 5766 de
1165 5710 1250 5767 rebus
1268 5706 1395 5766 ecclesie
1417 5721 1470 5779 pro
1491 5706 1675 5778 presentem

138 5789 168 5843 2.
189 5787 227 5844 vt
249 5791 423 5852 fundatores
441 5797 628 5857 ecelesiarum
645 5799 833 5876 quoadusque
852 5801 932 5858 rixa-
987 5802 1050 5858 dari
1061 5803 1181 5872 dicatur,
1195 5820 1280 5861 causa
1295 5799 1414 5875 prestiti
1427 5801 1632 5872 cognoscatur.
