3870 6150
534 266 543 287 ,
604 217 842 277 nrcnurttttttt
861 217 1053 276 cottrcrto.
1616 226 1667 287 ξος

103 324 265 398 stquamris
273 324 336 398 ipss
346 326 571 397 promulgaverit
579 329 673 400 legem
684 330 803 402 etlsgis-
813 338 899 413 Acus
921 345 991 400 qtras
1016 328 1144 384 Salvator
1167 330 1197 384 in
1221 330 1381 403 Evangeliis
1403 333 1533 404 protulit,
1557 350 1615 393 non
1638 340 1668 397 iu

118 419 193 474 lleus
205 420 493 485 existeret,caremus
512 421 547 475 de
569 423 680 478 Christo
696 424 801 480 dicere.
853 422 961 478 duabus
975 423 1141 477 substantiis
1160 431 1209 479 aut
1232 426 1360 495 personis
1381 428 1500 483 omnino
1514 430 1665 500 partimur.

103 518 803 587 ¹ussttmentcmrenerorassnmptum.Etpropter
853 517 912 571 Non
926 515 1001 573 enim
1020 516 1123 586 duplex
1143 525 1185 571 est
1211 535 1284 571 unus
1307 519 1433 575 Christus
1446 527 1473 576 et
1487 523 1560 578 Datis
1578 525 1665 593 solus,

103 607 159 661 lem
183 607 271 661 adoro
287 607 433 662 risibilem.
450 609 626 664 llorrrndum
640 626 706 665 vero
719 628 803 682 super
852 609 980 679 quamvis
993 626 1026 664 ex
1051 608 1160 664 duabus
1181 610 1352 682 diversisque
1368 613 1452 669 rebus
1472 615 1507 669 ad
1528 617 1665 674 unitatem

110 699 197 755 etiem
212 700 281 755 illud
296 699 407 754 dicere:
420 704 443 756 ls
457 703 505 772 qui
520 709 666 774 susceptus
679 707 722 757 est
736 721 801 758 cum
852 702 1030 773 cognoscitur
1043 703 1216 758 individuam
1227 705 1403 771 convenisse,
1415 706 1487 761 sicut
1499 707 1584 764 homo
1596 726 1666 782 quo·

103 792 211 863 inscipit
223 797 405 864 nuncupatur
417 795 501 850 lleus.
513 796 565 858 Oui
575 796 652 850 enim
666 797 803 852 haecdicit
853 790 950 866 qrta'ex
961 795 1056 850 anima
1066 800 1336 868 constatetcorpore
1346 813 1405 856 uon
1412 798 1517 870 duplex
1525 803 1665 870 unus,sed

103 888 203 941 iterum
226 886 255 940 in
278 887 348 940 duos
368 887 493 942 Christos
506 905 571 942 eum
585 889 634 960 qui
656 907 728 944 unus
750 896 801 958 est,
852 888 1183 961 potiusestexutroque.

103 994 135 1034 m
159 995 286 1034 seorsum
310 980 338 1034 in
360 987 453 1051 parte,
470 987 498 1035 et
519 982 607 1036 [teum
627 983 757 1038 similiter
771 985 800 1038 in
888 983 1029 1037 Humanas
1050 1000 1120 1054 ergo
1145 987 1174 1037 et
1197 982 1304 1038 divinas
1326 983 1444 1056 insuper
1458 1002 1538 1043 voces
1555 987 1591 1045 ab
1605 1006 1663 1047 uno

103 1072 257 1128 nstituens.
268 1074 503 1129 Evidentcrenim
515 1076 640 1146 denegat
650 1077 800 1143 unitatem,
852 1075 963 1131 Christo
973 1076 1061 1131 dictas
1070 1076 1329 1132 animadvertentes
1342 1080 1419 1133 recte
1432 1080 1579 1136 sentimus.
1590 1083 1663 1138 Cum

103 1181 144 1221 rm
158 1182 246 1237 quam
266 1183 324 1222 non
344 1167 415 1222 alter
428 1184 493 1222 cum
513 1169 601 1222 alteru
622 1170 800 1237 coadoratur,
852 1169 929 1224 enim
939 1169 974 1223 de
984 1169 1096 1224 duobus
1109 1170 1275 1240 dignissime
1284 1170 1452 1242 loquiturde
1462 1173 1572 1244 seipso:
1585 1197 1599 1224 a
1609 1175 1665 1241 Qui

103 1265 230 1330 tcuputur
242 1262 326 1328 Deus,
342 1262 388 1315 sed
406 1278 479 1315 unus
494 1261 664 1333 intelligitur
675 1263 802 1319 Christus
851 1278 899 1316 me
913 1260 999 1328 ridet,
1009 1260 1086 1316 videt
1097 1267 1126 1316 et
1139 1263 1251 1317 Patrem
1267 1263 1352 1331 (loun.
1369 1279 1424 1334 xrv,
1438 1264 1465 1337 9)
1480 1285 1495 1314 n
1510 1269 1560 1320 et:
1576 1287 1591 1315 a
1606 1268 1664 1339 Ego

103 1352 176 1408 'ilius
188 1353 239 1407 liei
253 1354 428 1423 unigenitus,
443 1371 500 1409 una
512 1357 644 1411 servitute
659 1373 723 1411 curu
737 1373 802 1429 pro·
851 1358 881 1409 et
899 1357 982 1410 Pater
993 1370 1085 1409 unum
1099 1371 1198 1410 sumus
1212 1356 1298 1425 (loca.
1312 1372 1341 1424 1,
1355 1355 1411 1426 30),
1425 1378 1440 1406 »
1457 1357 1583 1415 divinam
1604 1360 1666 1431 ejus

103 1461 146 1501 'ne
158 1447 348 1501 venerandus.
851 1447 1037 1519 intelligimus
1068 1447 1300 1520 ineffabilemque
1330 1454 1475 1519 naturam,
1508 1452 1666 1508 secuudum

103 1541 198 1595 lemur
207 1541 293 1595 etiam
303 1541 380 1611 quod
390 1541 469 1594 idem
479 1541 539 1612 ipse
549 1543 597 1612 qui
608 1559 643 1597 ex
654 1544 710 1597 lieo
719 1545 800 1599 Patre
850 1557 937 1613 quam
951 1556 1024 1595 uuus
1036 1546 1080 1596 est
1093 1557 1158 1595 cum
1180 1542 1262 1596 Patre
1284 1558 1334 1597 suo
1354 1546 1472 1614 propter
1484 1560 1572 1599 unam
1585 1560 1665 1601 eam·

103 1637 121 1688 tt
134 1633 220 1687 Filius
235 1634 398 1703 unigenitus
409 1635 491 1701 Deus,
502 1635 568 1688 licet
575 1635 656 1706 juxta
670 1643 801 1692 naturam
851 1635 975 1705 demque
990 1633 1187 1701 substantiam,
1203 1655 1217 1683 «
1230 1634 1325 1706 imago
1335 1638 1364 1689 et
1375 1636 1521 1692 character
1532 1638 1667 1708 splendor

103 1741 180 1797 rpers
190 1726 326 1797 passionis
341 1727 490 1793 exstiterit,
501 1743 554 1798 pro
565 1729 750 1784 nobistamen
761 1706 839 1785 sess
852 1726 950 1798 gloriae
975 1727 1036 1799 ejus
1057 1726 1180 1782 existens
1200 1728 1291 1797 (Hebr.
1312 1744 1332 1795 1,
1346 1728 1384 1796 3).
1398 1749 1412 1777 u
1429 1729 1499 1784 Cum
1520 1746 1587 1785 vero
1611 1730 1664 1785 hu·

103 1836 111 1874 r
133 1819 293 1890 Scripturas
315 1837 398 1874 carna
422 1836 571 1891 percussus
585 1823 628 1876 vel
650 1839 801 1893 perpessus
851 1820 1666 1892 manaenaturoemensuramnuttatenusignorsustudaos

103 1911 320 1967 atineructrxo
332 1930 449 1984 corpore
465 1914 585 1985 propriae
598 1916 689 1969 carnis
699 1916 802 1988 impas-
852 1913 1015 1986 alloquitur,
1030 1928 1105 1968 nuuc
1122 1934 1136 1962 u
1152 1929 1201 1969 me
1220 1913 1347 1985 queritis
1369 1913 1500 1970 occidere
1514 1915 1602 1986 (loun.
1615 1933 1665 1988 vlt,

103 2005 155 2060 'ud
172 2021 203 2058 se
224 2005 351 2059 referens
375 2007 545 2076 passionem.
561 2008 656 2062 Gratia
669 2025 735 2063 vero
751 2009 801 2064 bei
851 2008 905 2078 20),
921 2028 935 2055 »
949 2005 1099 2063 hominem
1118 2006 1167 2078 qui
1182 2007 1329 2061 veritatem
1352 2007 1463 2062 locutus
1486 2024 1550 2062 sum
1572 2010 1664 2079 robis,

103 2097 183 2153 uibus
199 2099 321 2169 gustavit
334 2106 470 2168 mortem,
481 2101 596 2155 tradens
612 2110 640 2156 et
654 2103 801 2174 proprium
851 2100 920 2154 item
931 2117 988 2154 non
1002 2100 1097 2155 minus
1111 2115 1177 2154 eum
1190 2099 1239 2170 qui
1251 2099 1281 2154 in
1293 2099 1512 2155 similitudinem
1527 2104 1557 2155 et
1570 2117 1664 2174 aqua·

104 2192 232 2263 quamvis
255 2198 282 2246 et
305 2195 472 2248 naturaliter
493 2195 551 2264 ipse
575 2195 630 2249 vita
651 2196 695 2262 sit,
712 2199 741 2250 et
755 2212 800 2250 re·
850 2194 963 2247 litatem
985 2192 1074 2248 Patris
1095 2197 1125 2247 et
1142 2195 1232 2248 lleum
1248 2208 1347 2248 rerum
1367 2193 1454 2248 etiam
1475 2193 1505 2248 in
1526 2195 1667 2251 mensuris

105 2290 324 2340 omortnorum.
336 2287 404 2339 Nam
423 2294 452 2340 ut
467 2291 588 2342 mortem
603 2288 738 2342 ineffabili
753 2306 802 2359 po·
852 2285 1038 2342 humanitatis
1063 2286 1125 2358 ejus
1137 2285 1328 2357 agnoscimus.
1341 2287 1370 2342 Si
1388 2292 1484 2342 autem
1507 2288 1666 2344 necessario

103 2379 269 2450 proculcaret
287 2396 319 2432 ac
333 2381 409 2450 prius
422 2380 451 2433 in
468 2398 517 2434 sua
533 2397 615 2435 carne
630 2382 802 2453 primogeni·
852 2380 977 2435 creditur
989 2378 1066 2451 quod
1081 2382 1183 2434 natura
1200 2380 1274 2433 [leus
1294 2379 1419 2434 existens
1438 2380 1530 2435 iactus
1544 2380 1579 2436 sit
1591 2397 1666 2449 caro,

103 2488 140 2538 us,
157 2473 223 2526 licet
232 2473 313 2543 juxta
327 2481 457 2528 naturam
473 2491 565 2542 suam,
583 2475 684 2529 mortis
701 2491 801 2546 expers
850 2473 909 2527 imo
932 2472 1025 2544 potius
1049 2473 1136 2527 homo
1160 2472 1303 2527 animatus
1324 2473 1420 2528 anima
1442 2473 1582 2541 rationali,
1601 2490 1667 2546 qum

103 2565 152 2620 :uis
163 2565 244 2621 tierct
258 2589 270 2616 «
287 2567 419 2637 primitiae
433 2567 637 2622 dormientium
650 2567 674 2635 (l
683 2568 743 2623 Cor.
756 2585 800 2639 xv,
851 2582 936 2620 causa
948 2569 1033 2620 estut
1055 2565 1084 2619 in
1107 2565 1167 2636 ejus
1191 2564 1310 2635 quilibet
1331 2565 1445 2620 vocibus
1466 2565 1624 2632 erubescat,
1640 2567 1665 2621 si

103 2660 803 2733 imquetaceretbumanaenaturaeadincorruptio·
851 2675 898 2714 eas
917 2657 1033 2714 homine
1048 2656 1149 2728 dignas
1163 2656 1264 2713 effatus
1284 2659 1348 2714 esti
1369 2658 1450 2723 Quod
1473 2659 1496 2713 si
1518 2675 1667 2714 sermones

103 2768 201 2819 rmum,
212 2754 305 2822 gratia
317 2753 374 2817 liei,
387 2754 459 2807 sicut
468 2770 553 2823 supra
566 2754 671 2808 dictum
687 2758 739 2822 est,
749 2772 801 2826 pro
851 2751 963 2807 homini
976 2755 1164 2819 congruentes
1176 2751 1282 2823 abjicit,
1292 2751 1377 2823 juxte
1387 2751 1596 2808 noshominem
1603 2751 1667 2808 lieri

103 2845 152 2899 bus
166 2846 288 2915 gustarit
301 2852 433 2911 mortem,
443 2850 480 2910 ut,
491 2847 575 2900 tertia
585 2847 630 2900 dic
640 2863 799 2918 resurgens,
852 2845 920 2916 quid
933 2843 1047 2915 coegit?
1068 2844 1139 2898 Cum
1150 2859 1217 2897 raro
1233 2847 1394 2915 eapropter
1412 2861 1463 2899 nus
1484 2845 1521 2899 ad
1541 2844 1667 2900 exinani·

103 2937 152 2992 trit
166 2939 320 2992 internum.
336 2940 440 2993 ldcircn
456 2939 582 3009 tptramvis
598 2939 710 2994 dicatur
725 2941 801 3012 qtrud
851 2939 1154 3008 tionemspontaneam
1162 2937 1667 3010 misericorditerinclinaverit,quam

103 3030 197 3085 niuem
213 3031 285 3085 tacta
306 3031 342 3085 sit
363 3032 529 3085 resurrectio
552 3035 742 3100 mortuorum,
759 3039 798 3087 ta-
852 3031 1006 3086 obcausam
1017 3030 1119 3101 dignos
1134 3030 1345 3086 examinatione
1360 3031 1500 3086 sermonis
1514 3030 1666 3102 effugerit?

103 3124 253 3194 telligimus
268 3125 415 3178 hominem
426 3126 529 3178 sactum
541 3125 663 3181 Verbum
675 3126 752 3196 quod
765 3143 800 3181 ex
851 3125 905 3180 Uni
919 3125 1006 3195 igitur
1017 3140 1147 3194 personae
1162 3129 1263 3178 cuncta
1275 3124 1338 3195 ejus
1347 3124 1376 3178 in
1389 3123 1540 3195 Evangelio
1552 3123 1667 3178 ascribi-

103 3259 107 3282 ,
123 3220 153 3272 et
164 3234 217 3287 per
231 3216 325 3287 ipsum
344 3218 443 3271 mortis
466 3217 618 3289 imperium
638 3217 727 3272 luisse
748 3218 799 3274 dc·
850 3234 924 3286 mus,
938 3216 989 3272 uni
1003 3216 1168 3272 substantiae
1190 3216 1285 3285 Verbi,
1307 3217 1336 3272 id
1356 3221 1408 3285 est,
1429 3216 1579 3284 incarnati,
1598 3216 1667 3288 quia

103 3328 135 3366 n.
849 3327 924 3367 unus
937 3314 980 3367 est
992 3309 1130 3366 [lominus
1149 3311 1230 3364 lesus
1245 3308 1383 3378 Christus,
1397 3312 1429 3363 ut
1447 3310 1584 3380 scriptum
1602 3314 1663 3365 est:

103 3407 229 3460 tantan
242 3406 420 3476 temporibus
434 3405 581 3476 praefinitis
595 3405 665 3461 sicut
677 3410 720 3459 est
726 3422 800 3460 unus
848 3405 1027 3476 Appellatum
1040 3420 1107 3460 vero
1121 3405 1156 3458 ab
1178 3404 1312 3474 Apostolu
1335 3424 1349 3452 a
1369 3401 1534 3457 Pontificem
1552 3402 1665 3458 confes-

103 3504 109 3553 t
123 3498 260 3553 llominus
273 3498 302 3551 in
318 3500 404 3569 gloria
420 3499 507 3554 Patris
517 3519 530 3546 α
543 3501 573 3552 ut
582 3498 692 3568 judicet
702 3498 799 3553 orbem
850 3497 937 3552 sionis
949 3500 1053 3552 nostras
1068 3497 1156 3565 (Hebr.
1172 3511 1213 3562 ιιι,
1228 3497 1253 3565 tt
1269 3515 1282 3547 u
1298 3501 1435 3566 tanquam
1457 3494 1665 3551 sacrificantem

103 3607 129 3647 m
142 3591 171 3646 iu
186 3591 318 3663 (equitate
335 3592 419 3663 (Paul.
435 3609 471 3659 rr,
487 3595 524 3661 9),
541 3613 555 3641 »
570 3592 642 3646 sicut
656 3591 800 3662 Scriptura
848 3590 907 3646 Deo
920 3595 949 3645 et
963 3588 1037 3645 Patri
1055 3589 1121 3644 ildei
1146 3594 1252 3645 nostra
1275 3587 1570 3661 confessionemque
1586 3605 1665 3643 ano·

849 3682 962 3755 bisipsis
974 3682 1028 3755 ipsi
1044 3684 1100 3739 lieo
1113 3682 1190 3737 Patri
1212 3682 1386 3738 incessanter
1405 3681 1537 3748 offertum
1561 3681 1665 3737 iterum

103 3778 178 3834 sarie
192 3779 280 3850 igitur
294 3785 323 3833 et
344 3780 396 3833 hoc
416 3779 573 3850 adjicimus.
587 3778 798 3834 annuntiantes
848 3777 943 3848 ipsum
961 3792 1022 3831 esse
1042 3775 1163 3831 dicimus
1174 3791 1209 3831 ex
1222 3777 1278 3831 lleo
1297 3774 1455 3830 secundum
1478 3780 1609 3829 naturam
1623 3773 1665 3829 Fi·

103 3877 143 3928 iut
154 3873 310 3927 secundum
323 3889 439 3927 carnem
452 3879 574 3926 mortem
585 3872 726 3943 unigeniti
736 3872 799 3927 Filii
849 3870 918 3925 lium
933 3868 1122 3943 unigenitum,
1134 3885 1187 3924 nec
1199 3867 1311 3924 homini
1326 3870 1432 3938 proeter
1446 3882 1515 3921 eum
1527 3865 1609 3921 alteri
1622 3882 1665 3921 sa·

103 3968 155 4032 est,
170 3967 234 4020 lesu
255 3966 357 4021 tlhristi
379 3973 408 4021 ct
430 3966 665 4020 resurrectionem
686 3966 757 4037 ejus,
771 3970 799 4021 et
848 3962 956 4018 cerdoti
981 3978 1087 4018 nomen
1109 3967 1138 4017 et
1160 3962 1287 4017 officium
1310 3960 1492 4032 deputamus,
1507 3959 1599 4015 factus
1622 3962 1666 4014 est

110 4059 305 4114 escensionem
319 4060 424 4130 pariter
433 4059 609 4125 confitentes,
620 4059 798 4114 incruentam
849 4057 926 4112 enim
942 4077 957 4105 «
975 4054 1116 4111 mediator
1128 4054 1178 4110 bet
1200 4059 1229 4111 et
1250 4053 1588 4124 huminumllt'm.11,5),
1604 4072 1619 4101 »
1636 4054 1666 4107 et

103 4168 160 4206 nus
184 4152 213 4206 in
232 4150 357 4206 ecclesiis
389 4152 516 4207 sacrificii
546 4153 722 4207 servitutem.
754 4152 799 4207 Sic
848 4148 1044 4207 reconciliator
1057 4148 1093 4203 ad
1105 4164 1206 4221 pacem
1219 4147 1405 4219 semetipsum
1417 4147 1475 4202 Deo
1486 4149 1515 4201 et
1524 4145 1601 4201 Patri
1613 4161 1664 4216 pro

103 4244 260 4316 lmysticas
270 4245 653 4300 benedictionesaccedimus
664 4244 798 4300 etsancti·
848 4243 930 4298 nobis
944 4241 1067 4298 offerens
1080 4262 1094 4291 «
1111 4241 1142 4296 in
1163 4240 1281 4296 odorem
1300 4239 1444 4295 suavitatis
1458 4239 1538 4310 (ltplr.
1554 4254 1582 4308 v,
1595 4238 1634 4310 2).
1649 4259 1663 4287 »

114 4339 268 4409 participes
287 4340 375 4393 sancti
397 4339 525 4409 corporis
546 4342 574 4392 et
599 4339 715 4410 pretiosi
733 4355 796 4392 san·
848 4336 972 4408 Ideoque
986 4335 1121 4390 dicebat:
1145 4357 1159 4386 ιι
1179 4334 1355 4390 Sacrificium
1374 4336 1404 4388 et
1423 4332 1596 4388 oblationem
1617 4348 1665 4387 no-

105 4433 325 4487 bristiomnium
339 4439 469 4487 nostrum
481 4431 795 4503 Redemptorisetlecti,
806 4432 836 4503 D
847 4429 933 4496 luisti,
948 4429 1108 4485 holocausta
1123 4445 1175 4498 pro
1193 4431 1308 4500 peccato
1330 4444 1387 4482 non
1408 4426 1460 4480 tibi
1485 4427 1663 4496 placuerunt,

120 4542 304 4580 communem
338 4544 454 4581 carnem
484 4527 688 4598 percipientem
721 4524 798 4597 quod
848 4539 950 4594 corpus
971 4526 1066 4577 antem
1088 4521 1230 4593 perfecisti
1255 4518 1598 4587 mihi,tuncdiri:Eccs
1616 4534 1663 4573 rc·

103 4635 133 4674 sc
144 4627 178 4674 ut
191 4620 241 4673 riri
259 4620 421 4674 sanctificati
437 4624 465 4673 ct
479 4621 567 4674 Verbo
592 4618 734 4690 conjuncti
753 4635 796 4672 se·
849 4618 908 4671 nio.
922 4618 953 4670 ln
967 4615 1059 4687 capite
1070 4614 1136 4669 libri
1151 4614 1290 4686 scriptum
1303 4617 1346 4668 est
1359 4612 1394 4668 de
1410 4627 1467 4680 me,
1484 4617 1516 4668 ut
1529 4612 1663 4679 lacerem,

103 4713 263 4783 tdignitatis
277 4714 416 4767 unitatem
429 4719 478 4767 ant
491 4712 695 4767 sicutdirinam
708 4711 797 4783 possi·
848 4710 930 4776 licus,
944 4710 1118 4764 voluntatem
1131 4713 1211 4762 tuam
1224 4707 1315 4775 (Hebr.
1330 4722 1357 4772 x,
1374 4709 1389 4761 5
1405 4711 1430 4761 ct
1444 4703 1511 4777 seq).
1526 4727 1540 4756 »
1556 4704 1665 4760 Obtulit

103 4806 308 4869 tabitazionem,
318 4807 368 4859 scd
380 4823 444 4860 vare
455 4805 662 4860 viviticatricem
673 4811 701 4859 et
711 4806 798 4876 ipsius
847 4803 923 4858 enim
937 4802 1084 4873 proprium
1096 4817 1198 4871 corpus
1211 4817 1267 4855 non
1282 4816 1332 4871 pro
1344 4815 1385 4864 se,
1400 4799 1449 4854 sed
1465 4815 1517 4870 pro
1540 4798 1621 4854 nohis
1634 4799 1664 4854 in

103 4899 232 4970 rrupriam
260 4900 373 4953 lactant.
397 4900 457 4952 Vita
484 4900 560 4952 enim
581 4898 747 4952 naturaliter
768 4901 798 4951 ut
847 4895 965 4952 odorem
978 4894 1134 4949 suavitatis.
1145 4894 1216 4948 Nam
1232 4909 1289 4965 qna
1301 4909 1352 4963 pru
1365 4909 1394 4948 se
1409 4893 1452 4947 vel
1465 4892 1606 4948 oblatione
1620 4891 1664 4947 vel

103 4991 201 5058 istens,
219 4995 285 5063 quia
300 4993 415 5063 proprie
431 5008 517 5046 cartre
533 4992 629 5044 imitus
645 4997 696 5055 est,
709 4990 795 5044 virili·
847 4989 983 5044 sacriticio
1005 4989 1156 5060 indigeret,
1174 4985 1253 5042 curtii
1279 4990 1393 5058 peccato
1417 4987 1499 5053 liber,
1520 4989 1553 5041 ut
1578 4987 1662 5055 Deus,

103 5103 114 5141 r
132 5103 198 5141 eam
220 5104 280 5139 esse
307 5087 449 5157 protessus
471 5093 522 5139 ast.
540 5086 573 5139 Et
587 5084 649 5138 ideo
668 5085 797 5155 quamvis
847 5081 1082 5148 existeus‘lQuod
1093 5082 1225 5136 siomnes
1240 5081 1425 5151 peccaverint,
1437 5086 1563 5152 etegent
1574 5078 1664 5152 gloria

116 5196 168 5234 uos
182 5196 189 5234 :
203 5202 217 5225 «
231 5187 331 5244 Amen,
343 5197 426 5233 amen
440 5180 502 5233 dico
513 5178 600 5241 vntris,
613 5178 665 5232 nisi
679 5178 798 5232 mandu·
847 5176 897 5232 uei
911 5178 995 5243 (Rom.
1012 5192 1054 5243 ru,
1077 5176 1131 5244 23).
1148 5175 1309 5231 Secundum
1333 5174 1385 5229 hoc
1410 5173 1487 5245 quod
1508 5191 1606 5229 sumus
1627 5172 1663 5227 ad

103 5290 237 5328 scarnem
255 5274 314 5327 Filii
329 5273 455 5327 hominis
472 5280 500 5327 et
517 5272 643 5326 lrilreritis
661 5273 722 5341 ejus
735 5287 797 5326 sau-
847 5269 1043 5324 mutabilitatis
1067 5285 1213 5323 excessum
1244 5268 1392 5340 proniores
1417 5267 1509 5323 allecti
1539 5264 1663 5339 peccatis

114 5369 203 5437 (loun.
219 5384 257 5434 vr,
274 5369 328 5435 54),
342 5388 356 5416 »
374 5384 432 5421 non
445 5372 541 5421 tamen
556 5382 620 5422 cam
632 5364 797 5420 uthominis
847 5363 993 5436 agrotavit
1006 5364 1130 5419 humana
1148 5368 1257 5418 natura.
1275 5363 1335 5434 lpse
1348 5377 1415 5417 vero
1434 5360 1556 5416 nonita.
1580 5358 1660 5415 ideo-

103 5460 208 5515 rnubis
221 5459 383 5514 existimare
398 5460 544 5525 debemus,
559 5458 704 5529 quomodo
718 5458 797 5512 enim
846 5474 902 5529 qus
917 5473 969 5513 nos
982 5456 1076 5530 gloria
1088 5456 1150 5528 ejus
1161 5472 1289 5528 egemus.
1305 5456 1363 5511 Cur
1375 5454 1430 5509 erit
1451 5455 1525 5508 ultra
1533 5452 1596 5524 jam
1612 5451 1661 5506 du·

103 5558 202 5610 miram
216 5570 297 5608 suam
310 5553 621 5609 vivificatrixessecaro
635 5550 798 5627 poteritho·
845 5550 936 5618 bium,
950 5550 1025 5621 quod
1038 5552 1138 5621 Agnus
1154 5565 1239 5605 verus
1257 5565 1309 5620 pro
1329 5545 1411 5603 nobis
1430 5545 1466 5600 sit
1486 5543 1660 5600 immolatus.

103 5647 191 5704 redut
201 5664 266 5703 rere
279 5648 429 5719 proprium
439 5648 501 5718 ejus
511 5647 614 5702 iactam
623 5645 672 5716 qui
681 5649 797 5716 propter
847 5643 902 5709 Qui
914 5646 1011 5699 autem
1024 5642 1102 5713 dicit,
1117 5642 1186 5714 quia
1198 5641 1321 5714 seipsum
1332 5643 1391 5695 tam
1406 5654 1458 5711 pro
1470 5653 1500 5694 se
1512 5653 1599 5710 quam
1609 5653 1661 5710 pro

103 5740 258 5799 rhominie
268 5744 312 5796 est
320 5742 409 5798 fectus
419 5746 447 5796 et
455 5741 743 5796 vocatusssaseutem
751 5753 797 5794 ro·
845 5735 929 5795 uobis
944 5735 1089 5806 obtulerit,
1102 5736 1266 5794 nullatenus
1291 5732 1445 5806 impietatis
1467 5731 1580 5789 crimen
1589 5731 1663 5791 auxt-
