3870 6150
206 256 256 314 175
649 251 791 306 APPEND.
812 250 857 306 ab
876 251 957 306 SAEC.
979 250 1022 304 lx.
1039 274 1074 290 -
1088 247 1212 305 lSlDORl
1231 246 1443 304 uuucnrouts
1838 250 1888 306 116

102 349 104 352 ’
216 397 217 400 =
241 362 271 419 Si
284 361 382 431 habes,
398 358 527 415 convivet
540 359 644 427 tecum,
657 361 686 414 et
700 357 847 414 evacuabit
860 360 898 428 te,
913 361 941 414 et
958 356 1021 430 ipse
1030 368 1060 444 Α
1070 354 1224 427 fugientes.
1250 356 1284 413 Et
1303 355 1352 428 qui
1370 354 1491 429 indigna
1506 354 1560 412 sibi
1577 356 1679 428 petunt
1695 355 1757 412 loca
1775 359 1888 426 tenere,

204 472 263 513 non
276 452 384 510 dolebit
396 468 481 525 super
493 454 530 508 te.
546 451 574 508 Si
591 451 767 508 necessarius
786 451 827 508 illi
840 451 937 523 fueris,
953 468 1019 525 sup·
1070 453 1121 506 aut
1140 450 1287 507 facultates
1309 450 1440 507 Ecclesia
1462 449 1632 506 abstrabunt
1653 449 1768 522 injuste,
1794 455 1825 508 at
1839 452 1888 526 qui

205 548 342 624 plantabit
354 550 391 616 te,
408 549 436 602 et
457 545 607 602 subridens
626 562 707 618 spem
728 545 816 614 dabit,
832 562 953 603 narrans
967 545 1020 603 tibi
1071 544 1173 600 fratres
1186 544 1619 613 calumniantur,autaccusant,
1636 550 1665 601 et
1679 561 1739 600 nou
1753 546 1887 618 probant,

204 644 288 710 bona,
302 643 332 697 et
346 640 441 697 dicet:
457 639 531 706 Quid
543 656 614 712 opus
628 643 670 696 est
682 639 758 695 tibi‘l
769 641 804 696 Et
820 640 978 697 confundet
992 643 1020 698 te
1069 637 1114 694 vel
1128 638 1177 710 qui
1189 643 1291 695 contra
1303 638 1470 694 innocentes
1480 637 1642 711 principum
1658 639 1768 696 animos
1784 640 1822 697 ad
1832 640 1886 697 ira·

205 737 235 793 iu
253 735 323 792 cibis
344 733 412 802 suis,
429 734 517 789 donee
536 738 565 789 te
586 732 732 789 exinaniat
754 733 799 789 bis
821 735 851 789 et
871 738 924 802 ter,
938 739 967 790 et
990 733 1020 790 in
1070 732 1204 788 cundiam
1215 735 1379 805 provocant,
1393 736 1422 789 et
1442 748 1541 789 omnes
1560 733 1827 802 anathematizatos,
1844 735 1888 791 vel

203 828 358 887 novissimo
373 825 514 883 deridebit
522 829 561 883 te.
574 828 674 883 Postea
682 826 781 882 videns
792 827 1018 900 derelinquette,
1068 842 1121 899 pro
1148 826 1205 881 suis
1229 826 1384 882 sceleribus
1407 826 1443 882 ab
1466 826 1587 882 Ecclesia
1606 827 1713 899 pulsos,
1737 832 1766 884 et
1788 845 1887 885 omnes

205 927 234 981 et
257 926 343 995 caput
365 937 449 978 suum
472 919 597 975 movebit
621 921 656 976 ad
678 923 716 975 te.
734 919 890 976 Humiliare
907 921 977 991 Deo,
991 924 1020 976 at
1070 936 1142 991 quos
1157 919 1351 976 ecclesiasticae
1367 920 1410 976 sel
1423 920 1510 975 seculi
1526 921 1605 992 leges
1619 920 1742 978 infames
1756 939 1885 994 pronun·

205 1020 334 1089 exspecta
343 1031 445 1070 manus
458 1013 529 1086 ejus.
539 1014 660 1069 attende
672 1029 707 1070 ue
721 1014 852 1071 seductus
861 1014 892 1070 in
901 1014 1020 1071 stultitia
1070 1013 1151 1070 tiant.
1160 1015 1215 1070 llos
1221 1031 1288 1068 vero
1295 1013 1397 1070 nonad
1407 1031 1500 1070 meros
1509 1015 1622 1071 ordinet
1630 1014 1696 1071 licet
1704 1031 1885 1087 promovere,

204 1108 373 1167 humilieris.
394 1108 456 1164 Noli
479 1124 541 1163 esse
562 1108 677 1164 humilis
694 1108 724 1163 in
749 1107 887 1181 sapientia
904 1111 963 1181 tua,
982 1127 1018 1167 ne
1068 1123 1122 1163 nec
1136 1124 1232 1164 servos
1245 1111 1311 1163 ante
1326 1107 1481 1180 ligitimam
1495 1108 1668 1177 libertatem,
1684 1125 1738 1165 nec
1750 1110 1885 1181 poeniten·

204 1203 371 1261 humiiiatus
385 1202 414 1257 iu
433 1201 582 1258 stultitiam
595 1201 750 1258 seducaris.
766 1203 924 1259 Adsecutus
938 1221 1017 1277 apo·
1068 1206 1121 1270 tes,
1146 1218 1198 1258 nee
1223 1202 1363 1273 bigamos,
1387 1218 1441 1258 nee
1462 1219 1510 1259 eos
1532 1202 1582 1275 qui
1605 1203 1690 1259 euriae
1712 1203 1884 1272 deserviunt,

203 1297 325 1354 tentione
345 1296 467 1366 discede,
485 1311 520 1352 ex
540 1295 593 1351 hoc
613 1296 692 1351 enim
709 1295 801 1368 nangis
819 1300 845 1353 lc
862 1297 1017 1354 advocabit.
1069 1296 1112 1351 vel
1125 1295 1175 1367 qui
1188 1312 1248 1351 non
1264 1299 1331 1352 sunt
1343 1295 1447 1367 integri
1457 1313 1583 1369 corpore,
1596 1302 1755 1354 autsauam
1770 1298 1886 1354 nonha-

202 1392 243 1447 Ne
256 1392 403 1464 improbus
416 1389 463 1465 sis,
478 1407 515 1445 ne
527 1389 706 1462 impingaris,
728 1393 757 1446 et
774 1407 812 1446 ne
833 1392 919 1464 longe
933 1392 971 1448 sis
984 1393 1019 1449 ab
1068 1389 1138 1445 bont
1167 1392 1305 1459 mentem,
1335 1391 1379 1446 vei
1404 1390 1592 1458 intellectum,
1618 1395 1668 1447 aut
1690 1390 1886 1448 inobedientes

203 1502 248 1553 eo,
265 1490 294 1542 et
306 1502 354 1541 eas
366 1485 396 1540 in
408 1484 589 1540 oblivionem.
605 1484 644 1541 Ne
657 1484 780 1541 retineas
796 1502 832 1541 ex
846 1502 928 1559 aequo
942 1486 1020 1559 loqui
1070 1488 1236 1539 sanctorum
1250 1483 1371 1540 decretis
1386 1484 1521 1554 existunt,
1531 1487 1582 1540 aut
1592 1484 1694 1540 furiosi
1703 1485 1886 1542 manifestan-

201 1579 340 1647 camillo,
355 1581 384 1634 et
396 1594 431 1634 ne
444 1578 544 1634 credas
558 1577 656 1633 multis
670 1578 762 1634 verbis
774 1578 866 1635 illius:
881 1596 915 1635 ex
930 1581 1021 1636 muita
1069 1580 1126 1632 tur.
1140 1577 1173 1632 lli
1199 1593 1300 1633 omnes
1323 1594 1376 1634 nec
1396 1578 1432 1635 ad
1454 1594 1547 1634 sacros
1567 1577 1672 1650 gradus
1693 1578 1802 1636 debent
1822 1596 1884 1652 pro·

201 1674 279 1728 enim
292 1672 407 1745 loquela
418 1671 550 1739 tentabit,
571 1674 599 1726 et
621 1672 771 1728 subridens
790 1673 1018 1746 interrogabitis
1069 1670 1145 1742 uehi,
1156 1687 1209 1727 nec
1221 1670 1279 1740 isti,
1287 1687 1340 1727 nec
1351 1671 1560 1744 liberti,neque
1574 1672 1705 1744 suspecti,
1716 1677 1886 1730 necrectam

200 1768 236 1822 de
250 1765 424 1823 absconditis
436 1766 501 1820 tuis.
519 1764 638 1821 immitis
652 1767 765 1821 animus
778 1766 853 1823 illius
868 1743 1155 1824 conserva-Btldem
1181 1765 1224 1821 vel
1246 1765 1363 1838 dignam
1387 1765 1630 1822 conversationem
1656 1783 1716 1823 uon
1736 1767 1884 1838 habentes,

199 1860 243 1917 bit
254 1861 340 1916 verba
354 1864 413 1930 tua,
432 1863 461 1914 et
477 1876 535 1916 non
555 1862 652 1932 parcet
672 1858 707 1916 de
722 1859 841 1928 malitia,
863 1867 892 1917 et
905 1861 941 1918 de
954 1861 1015 1917 vin·
1067 1875 1194 1915 summos
1208 1859 1368 1915 sacerdotes
1376 1863 1501 1932 possunt
1517 1876 1658 1916 accusare.
1680 1860 1735 1917 Sed
1755 1865 1785 1916 et
1797 1861 1885 1933 quali·

199 1954 279 2010 culis.
302 1955 375 2011 Care
389 1953 449 2022 tibi,
470 1957 499 2009 et
516 1953 632 2009 attende
655 1953 807 2027 diligenter
831 1955 942 2012 auditui
956 1958 1015 2025 tuo,
1066 1954 1112 2007 ter
1140 1951 1306 2008 obedientia
1329 1953 1373 2008 vel
1395 1954 1555 2010 reverentia
1572 1955 1609 2010 sit
1628 1953 1791 2027 praepositis
1809 1954 1886 2010 exhi-

199 2048 336 2120 quoniam
348 2047 379 2103 in
398 2047 581 2103 subversione
594 2051 642 2102 tua
654 2048 792 2104 ambulas.
808 2049 934 2105 Audiens
947 2066 1016 2106 aero
1065 2046 1169 2114 banda,
1184 2063 1219 2102 ex
1230 2046 1285 2102 tuis
1305 2063 1422 2120 quoque
1442 2047 1577 2118 subjectis
1594 2047 1655 2120 ipse
1673 2048 1886 2120 uon'ambigis3

199 2141 247 2197 illa
259 2141 340 2214 quasi
365 2141 395 2194 in
421 2141 538 2209 somnis,
563 2140 628 2195 ride
646 2145 675 2196 et
697 2141 837 2212 vigilabis.
853 2141 939 2198 Omni
959 2143 1016 2200 vita
1067 2140 1096 2195 in
1111 2156 1169 2212 qua
1181 2156 1211 2196 ae
1223 2140 1304 2197 valde
1316 2143 1359 2197 est
1371 2141 1451 2209 utile,
1465 2141 1488 2196 si
1502 2141 1530 2197 id
1543 2141 1621 2213 quod
1634 2140 1795 2214 discipliuae
1807 2142 1887 2215 vigor

199 2237 248 2290 tua
261 2235 347 2306 dilige
359 2235 463 2302 Deum,
477 2236 506 2289 et
519 2233 619 2289 invoca
628 2249 694 2289 eum
709 2234 739 2288 in
752 2234 842 2290 salute
855 2237 914 2291 tua.
926 2236 1016 2292 Omne
1066 2234 1199 2306 imponit,
1215 2235 1293 2290 nullo
1307 2237 1426 2306 cogente
1439 2235 1584 2290 humilitas
1600 2235 1743 2290 laudanda
1757 2251 1886 2292 serrave-

200 2326 307 2383 animal
319 2326 411 2398 diligit
419 2325 510 2381 simile
526 2325 590 2397 sibi,
605 2326 645 2382 sic
658 2330 687 2382 et
702 2326 905 2397 omnishomo,
922 2329 1017 2401 proxi·
1066 2327 1114 2383 rit.
1124 2327 1309 2399 Omnipotens
1321 2330 1395 2388 neus
1407 2328 1437 2385 in
1449 2328 1529 2400 cujus
1542 2345 1632 2386 manu
1643 2331 1710 2384 sunt
1727 2329 1837 2399 omnia,
1853 2329 1887 2387 ds

198 2436 281 2476 mum
294 2419 358 2476 sibi.
374 2419 472 2476 Omnis
487 2419 598 2476 caroad
613 2420 737 2477 similem
751 2420 805 2477 sibi
817 2422 1015 2495 conjungitur,
1067 2437 1124 2492 quo
1146 2420 1284 2494 scriptum
1306 2427 1348 2479 est
1369 2438 1377 2477 ε
1403 2444 1418 2472 u
1445 2423 1509 2478 Non
1529 2425 1573 2479 est
1595 2422 1743 2494 sapientia,
1765 2439 1826 2480 non
1847 2429 1887 2481 est

199 2518 228 2571 et
242 2515 435 2570 omnishomo
449 2512 535 2570 simili
548 2512 600 2570 sibi
614 2514 745 2572 sociatur.
757 2514 785 2572 Si
797 2517 1017 2573 communicabit
1066 2514 1227 2586 prudentia,
1235 2531 1293 2570 uon
1308 2519 1351 2571 est
1363 2515 1514 2572 consilium
1524 2521 1624 2572 contm
1635 2515 1790 2573 Dominum
1797 2517 1885 2590 (Prov.

197 2609 281 2681 lupus
292 2625 367 2682 agno
379 2608 544 2681 aliquando,
560 2608 600 2664 sic
614 2611 746 2681 peccator
754 2609 843 2680 justo.
856 2609 926 2675 Qua
936 2626 1014 2666 eom·
1065 2624 1122 2678 xri,
1138 2609 1198 2680 31));
1212 2627 1226 2660 1
1242 2609 1303 2680 1ρ11
1319 2614 1358 2680 te,
1372 2613 1495 2682 tuosque
1519 2613 1547 2667 et
1560 2609 1665 2680 divina,
1681 2616 1709 2666 et
1723 2612 1886 2684 apostolicas

199 2692 352 2759 municatio
366 2705 462 2759 sancto
477 2701 589 2757 homiui
605 2703 641 2758 ad
662 2702 786 2757 canem?
809 2709 860 2760 aut
883 2720 947 2776 quae
961 2721 1016 2777 pax
1066 2701 1141 2757 sedis
1154 2701 1282 2758 instituta
1297 2703 1405 2759 illibata
1417 2719 1540 2768 servare,
1552 2708 1583 2760 et
1596 2705 1633 2760 ad
1649 2705 1762 2778 potiora
1774 2721 1887 2780 semper

199 2797 275 2852 bona
287 2795 367 2851 diviti
381 2796 418 2851 ad
434 2796 614 2868 pauperem?
631 2795 744 2852 venatio
760 2796 851 2851 leonis
864 2813 971 2868 onager
986 2799 1016 2854 in
1065 2795 1264 2866 conscendere,
1278 2799 1307 2852 et
1319 2797 1354 2852 de
1367 2796 1413 2852 die
1433 2797 1463 2853 in
1482 2797 1558 2854 (11111
1577 2798 1720 2856 deteriora
1735 2815 1848 2869 cavere,
1861 2805 1888 2857 et

198 2905 303 2958 eremo,
318 2888 358 2944 sic
382 2905 487 2960 pascua
502 2888 621 2944 divitum
640 2893 707 2946 sunt
726 2906 878 2962 pauperes.
897 2893 931 2947 Bt
944 2890 1017 2949 siout
1065 2889 1184 2945 meliora
1199 2906 1231 2945 ao
1244 2890 1301 2946 Deo
1313 2891 1414 2962 placita
1438 2891 1540 2948 sectari
1560 2895 1646 2966 atque
1662 2894 1803 2966 perticere
1817 2911 1886 2952 con-

199 2981 375 3039 abaminaiio
386 2985 429 3038 est
444 2982 565 3055 superbo
576 2983 733 3052 humilitas,
749 2984 787 3039 sic
801 2985 958 3041 exsecratio
972 2984 1014 3040 di-
1066 2982 1158 3039 cedat.

196 3077 247 3133 viti
259 3093 376 3150 pauper.
391 3075 470 3134 Dives
485 3081 645 3133 commotus
658 3078 844 3134 confirmatur
857 3078 892 3134 ab
905 3078 1013 3151 amicis,
1101 3076 1275 3133 Vestimenta
1289 3093 1356 3133 vero
1371 3077 1558 3135 ecelesiastica
1576 3080 1679 3153 quibus
1696 3083 1822 3139 Domino
1833 3083 1885 3139 mi·

198 3170 315 3227 humilis
339 3174 435 3227 autem
456 3187 522 3227 eum
544 3171 686 3240 ceciderit,
707 3174 863 3245 expelletur
883 3176 943 3229 eta
961 3190 1013 3229 no·
1065 3169 1211 3240 1111111111,
1224 3170 1372 3244 cultusque
1387 3171 1499 3228 divinus
1512 3175 1594 3230 omni
1610 3191 1677 3231 cum
1694 3176 1885 3234 honoriticen-

198 3265 244 3321 tis.
258 3263 342 3320 Diviti
363 3264 480 3337 decepto
498 3265 580 3321 multi
600 3268 826 3337 recuperatores,
844 3267 956 3323 locutus
974 3271 1016 3324 est
1064 3264 1105 3321 tis
1125 3268 1154 3320 et
1173 3265 1323 3321 honestate
1342 3282 1359 3320 a
1387 3266 1582 3324 sacerdotibus
1601 3269 1776 3343 reliquisque
1795 3273 1888 3328 Eccle-

198 3362 329 3434 superba‚
343 3362 574 3435 etjustificaverit
585 3363 676 3433 illum,
687 3364 804 3420 humilis
818 3366 1014 3438 deeeptusest,
1064 3358 1114 3413 Siae
1139 3358 1276 3414 ministris
1300 3361 1479 3428 celebratur,
1504 3367 1615 3419 880ΐᾶἱᾶ
1632 3364 1739 3420 debent
1764 3381 1838 3436 ΒΜ,
1859 3370 1888 3423 ei

184 3445 227 3513 -11
240 3457 359 3529 insuper
372 3457 513 3529 arguitur,
527 3458 639 3513 loeutus
658 3462 701 3514 est
719 3462 841 3528 sensate,
856 3463 884 3515 et
899 3476 958 3516 nou
973 3464 1016 3517 est
1065 3454 1195 3509 honesta.
1208 3453 1314 3518 Quibus
1331 3455 1393 3510 aliis
1416 3455 1446 3510 in
1468 3456 1577 3527 usibus,
1598 3473 1664 3512 cum
1684 3459 1743 3514 Deo
1765 3460 1887 3532 ejusque

197 3550 279 3605 datus
292 3550 319 3605 ei
330 3550 419 3606 loeus.
435 3551 516 3606 Dives
526 3551 637 3607 locutus
645 3555 697 3619 est,
709 3556 843 3609 etomnes
855 3555 1013 3624 tacuerunt,
1065 3547 1180 3603 servitio
1203 3554 1365 3605 consecrata
1386 3553 1416 3605 et
1436 3549 1566 3606 dedicata
1589 3554 1665 3620 sunt,
1690 3568 1777 3608 nemo
1803 3555 1888 3611 debet

198 3647 227 3699 et
238 3644 359 3699 verbum
373 3643 449 3699 illius
462 3661 551 3716 usque
571 3643 608 3700 ad
621 3645 710 3700 nubes
724 3646 888 3717 perducent.
906 3648 1016 3719 Pauper
1065 3641 1121 3697 frui
1135 3658 1221 3714 quam
1242 3642 1436 3698 ecclesiasticis
1456 3646 1484 3699 et
1506 3644 1599 3716 dignis
1620 3646 1731 3702 officiis.
1749 3647 1821 3713 Quae
1833 3664 1887 3704 nec

198 3737 360 3793 locutusest
374 3741 403 3793 et
415 3737 514 3794 dieunt
530 3754 537 3794 ε
555 3737 624 3803 Quis
637 3742 680 3795 est
693 3739 759 3795 hiet
773 3740 808 3794 Et
820 3739 843 3794 si
853 3739 1013 3810 offenderit,
1064 3735 1099 3790 ab
1115 3735 1176 3791 aliis
1196 3735 1301 3792 debent
1322 3737 1461 3808 contingi,
1483 3742 1532 3793 aut
1553 3739 1630 3809 ferri,
1650 3740 1704 3796 nisi
1727 3759 1745 3797 a
1768 3742 1886 3798 sacratis

197 3832 365 3888 subvertunt
382 3831 475 3887 illum.
492 3833 571 3888 Bona
586 3836 629 3889 est
651 3832 820 3904 substantia,
842 3833 886 3888 cui
901 3850 958 3888 uon
973 3837 1015 3889 est
1064 3828 1240 3897 hominibus,
1265 3846 1302 3884 ne
1328 3830 1398 3886 ultio
1411 3847 1475 3902 quae
1501 3832 1646 3888 Balthasar
1673 3835 1813 3906 percussit
1836 3851 1886 3891 su·

197 3928 346 3999 peccatum
367 3925 397 3982 in
417 3925 597 3995 conscientia,
617 3929 646 3981 ot
667 3925 843 3998 nequissima
864 3929 1016 3998 paupertas
1065 3938 1118 3995 per
1135 3921 1197 3979 hac
1216 3922 1491 3995 transgredientibus
1511 3930 1539 3982 et
1559 3927 1627 3982 talia
1645 3929 1887 4001 praesumentibus

197 4020 229 4076 in
242 4036 290 4076 ore
305 4018 396 4092 impii.
408 4021 463 4076 Cor
472 4018 599 4075 bominis
608 4019 742 4074 immutat
752 4020 852 4074 taciem
864 4019 1015 4087 illius,sive
1065 4015 1162 4071 veniat
1203 4016 1306 4087 divina,
1348 4021 1378 4072 et
1416 4035 1550 4076 corruere
1589 4037 1636 4076 eos
1669 4021 1754 4078 iaciat
1780 4023 1885 4079 (1111111

197 4113 228 4166 in
248 4112 332 4179 hona,
355 4111 413 4166 sive
434 4111 465 4166 in
488 4112 572 4165 mala.
601 4111 759 4183 Vestigium
775 4111 842 4166 boni
866 4111 969 4179 cordis,
988 4116 1016 4169 et
1066 4109 1180 4164 ultionis
1196 4109 1307 4181 justum
1328 4110 1474 4184 flagellum
1491 4113 1528 4168 ad
1549 4114 1617 4170 ima.
1631 4116 1696 4170 llaee
1718 4114 1774 4170 illis
1795 4117 1884 4188 parti·

197 4204 300 4259 faciem
311 4203 418 4258 bonam
431 4202 546 4258 difficile
557 4203 684 4259 invenies
695 4207 798 4260 etcum
815 4204 910 4261 labore
923 4206 1014 4276 1111111.
1064 4203 1118 4258 bus
1139 4202 1241 4275 quibus
1265 4205 1385 4261 moraris
1408 4210 1436 4262 et
1458 4207 1488 4261 in
1509 4208 1641 4263 omnibus
1661 4209 1764 4281 quibus
1789 4216 1885 4283 potue-

198 4297 553 4368 xrr,tltt;x111,t·32).»
1031 4355 1035 4367 Ι
1065 4297 1104 4352 ris
1128 4297 1236 4354 cunctis
1264 4301 1331 4353 nota
1359 4298 1461 4368 facito,
1489 4304 1518 4356 et
1553 4302 1704 4358 observare
1729 4304 1885 4375 apostolica

234 4389 686 4462 1111111111,11111111,11ρ111
699 4390 940 4462 concupiscentias
953 4395 1015 4450 tuas
1065 4391 1201 4446 mandato
1216 4391 1396 4459 auctoritate,
1419 4393 1488 4464 quia
1502 4397 1530 4449 et
1549 4395 1638 4451 nostri
1653 4395 1794 4468 uobisque
1806 4414 1883 4455 com·

198 4500 258 4541 non
272 4484 365 4541 vadas.
394 4483 468 4549 Quid
487 4500 552 4540 vero
571 4485 736 4541 consuluisti
759 4484 858 4541 sedem
879 4488 1013 4558 apostoli·
1023 4482 1053 4556 1)
1064 4483 1143 4539 missi
1156 4483 1186 4539 in
1200 4489 1297 4540 sancta
1310 4485 1464 4556 apostoliea
1478 4490 1506 4543 et
1524 4487 1674 4545 universali
1687 4490 1816 4547 Ecclesia
1825 4508 1883 4549 om·

198 4579 282 4634 cami
305 4578 354 4650 qui
378 4581 443 4634 sunt
463 4578 593 4648 infames,
608 4583 657 4636 aut
677 4578 727 4651 qui
740 4579 776 4634 ad
795 4580 899 4652 gradus
920 4582 1014 4638 Eccle-
1065 4594 1116 4635 nes
1130 4578 1193 4633 hac
1208 4578 1372 4648 observare,
1384 4596 1459 4635 nunc
1471 4583 1500 4636 et
1511 4581 1613 4637 futuris
1623 4583 1803 4655 temporibus
1816 4602 1881 4658 pm·

198 4671 323 4727 siastieos
336 4687 394 4727 non
408 4674 475 4728 suut
488 4672 667 4743 admittendi,
678 4676 707 4729 et
722 4689 805 4729 nosse
818 4677 846 4729 te
859 4673 1014 4744 credimus,
1064 4671 1131 4736 lessi
1141 4674 1216 4727 suut.
1229 4671 1407 4728 Hisbreviter
1421 4674 1476 4729 tuis
1488 4674 1578 4730 frater
1586 4676 1739 4748 magnilica
1745 4677 1882 4751 respondi

200 4768 292 4836 etpro
305 4764 474 4822 auctoritate
487 4766 734 4840 sedisapostolicae
749 4767 1014 4824 teinlormarenon
1064 4764 1175 4821 litteris.
1204 4765 1310 4829 Quibus
1338 4771 1385 4821 tua
1414 4767 1526 4823 dileetio
1554 4768 1592 4824 ita
1619 4770 1754 4840 societur,
1784 4774 1818 4828 ut
1842 4771 1882 4828 ni·

200 4857 386 4930 denegamus.
407 4859 529 4916 lnfames
543 4863 641 4916 autem
655 4876 714 4916 esse
730 4877 776 4916 eas
790 4877 926 4933 personas
943 4862 1012 4918 dici·
1065 4857 1105 4914 bil
1120 4858 1207 4914 iubis
1220 4874 1285 4931 quae
1298 4858 1512 4916 aduniversalis
1527 4862 1658 4919 Ecclesiae
1670 4867 1779 4920 statum
1794 4865 1880 4939 perti·

77 4953 83 4966 ¹
198 4967 405 5025 musquaepro
420 4954 515 5026 aliqua
534 4955 617 5026 eulpa
634 4955 913 5023 notanturinlamia,
927 4955 957 5013 id
972 4961 1015 5012 est
1066 4956 1146 5023 nent,
1160 4957 1209 5009 aut
1228 4952 1313 5010 dubie
1332 4959 1442 5025 agatur,
1462 4958 1511 5010 aut
1532 4956 1667 5028 segniter.
1691 4958 1725 5014 Et
1744 4975 1813 5015 cum
1832 4958 1881 5017 tali

156 5106 162 5123 ⁸
199 5060 302 5101 omnes
324 5046 373 5118 qui
394 5047 560 5104 Christianae
582 5048 654 5120 legis
675 5065 808 5105 normam
827 5049 972 5120 abjiciunt,
987 5054 1015 5107 et
1064 5046 1264 5103 moderatione
1278 5051 1403 5119 agantur
1423 5053 1533 5118 cuncta,
1553 5053 1585 5106 11
1603 5066 1655 5107 111
1673 5051 1882 5110 benevolentiae

198 5140 306 5196 statuta
318 5139 510 5197 Ecclesiastica
519 5144 717 5211 contemnunt,
727 5142 856 5200 similiter
868 5143 955 5212 iures,
967 5160 1013 5199 sa·
1064 5144 1171 5212 partes,
1186 5157 1239 5196 nec
1248 5141 1366 5213 justitiae
1380 5142 1575 5214 negligantur,
1596 5145 1646 5202 sed
1661 5147 1771 5219 absque
1784 5163 1881 5220 perso·

198 5232 327 5306 crilegos,
341 5237 370 5291 et
392 5250 491 5290 omnes
510 5235 677 5307 capitalibus
694 5236 859 5293 criminibus
876 5236 1012 5293 irretitos.
1064 5221 1166 5289 unium
1179 5233 1344 5306 acceptioue
1357 5234 1485 5292 divinum
1496 5237 1526 5292 in
1540 5239 1672 5295 omuibus
1681 5239 1825 5312 judicium
1838 5257 1883 5298 11

198 5327 400 5400 Sepulcrorum
423 5344 539 5402 quoque
564 5329 723 5398 violatores,
752 5334 781 5386 et
806 5330 1011 5403 apostolorum,
1064 5327 1179 5400 gitetur.
1195 5328 1279 5394 Quod
1291 5333 1323 5385 ut
1343 5334 1419 5387 recta
1439 5331 1616 5388 observantia
1633 5334 1726 5391 valeat
1746 5335 1883 5392 custodiri

198 5425 285 5494 atque
299 5437 495 5480 suceessorum
516 5438 624 5493 eorum,
641 5424 876 5497 reliquorumque
896 5426 1013 5482 Petrum
1063 5422 1208 5479 catholicas
1221 5421 1355 5496 primitus
1370 5429 1499 5481 servetur
1509 5425 1578 5482 fidei
1589 5427 1748 5500 integritas.
1766 5430 1802 5486 lit
1815 5431 1884 5503 quia

196 5516 303 5572 statuta
324 5515 448 5574 libenter
470 5516 617 5586 violantes,
634 5522 663 5574 et
689 5534 788 5575 omnes
809 5518 859 5591 qui
880 5517 1013 5574 adversus
1061 5532 1116 5589 por
1123 5516 1220 5573 omnia
1229 5518 1386 5590 angustast
1394 5519 1521 5575 arctavia
1531 5522 1573 5576 est
1580 5537 1646 5592 quae
1653 5521 1881 5593 ducitudvitam,

197 5608 295 5665 Patres
306 5611 559 5686 armantur,quiiu
572 5611 647 5668 omui
659 5611 768 5669 mundo
779 5611 897 5669 iufamia
905 5615 1010 5668 notan·
1061 5626 1154 5683 neque
1163 5609 1193 5667 iu
1201 5610 1355 5682 sinistram,
1365 5627 1459 5685 neque
1469 5612 1500 5668 in
1510 5613 1639 5671 dextram
1647 5614 1683 5672 ab
1691 5615 1754 5688 ejus
1765 5616 1881 5675 tramite

195 5701 252 5754 tur.
280 5701 418 5761 Similiter
443 5705 635 5778 incestuosos,
666 5706 842 5777 homicidas,
871 5705 1009 5779 perjuros,
1061 5704 1200 5761 devietur.
1215 5705 1394 5778 llataquinto
1409 5708 1502 5765 Nonus
1515 5708 1578 5766 llaii
1591 5709 1741 5768 Valeriano
1756 5711 1879 5769 etGalli·

176 5791 324 5860 raptoras,
349 5799 508 5871 maleficos,
530 5801 681 5874 veneticos,
702 5801 855 5872 adulteros,
874 5801 910 5861 de
931 5800 1011 5859 bellis
1060 5814 1131 5857 euno
1146 5799 1180 5855 rv
1194 5798 1365 5857 consulibus.
