3870 6150
207 281 257 333 titt

655 269 795 326 tert-:ah
818 269 859 323 th
879 270 958 324 Satio.
980 267 1023 324 tt.
1041 297 1074 306 -

1093 265 1215 322 tstoohl
1234 262 1447 321 uencaroms
1834 261 1877 313 sat

205 387 255 438 ctis
267 379 567 450 incaptiritatemriris
582 380 695 433 feminae
707 377 1016 442 eornmremanseriut,
1028 389 1059 459 Α
1070 375 1164 429 tentiae
1186 372 1354 439 remedium,
1380 361 1408 426 et
1425 386 1476 442 per
1490 368 1706 440 impositionem
1720 365 1878 437 episcopalis

205 475 357 540 destituta,
368 489 432 544 quae
446 473 521 527 viros
533 472 664 543 proprios
674 475 723 524 aut
736 471 924 540 interemptos
936 475 1016 540 puta·

206 569 272 634 rint,
286 572 336 621 aut
352 582 500 636 nunquam
515 583 531 619 a
554 565 747 620 dominatione
762 563 934 617 crediderint
947 563 1018 616 libe-

206 661 321 726 randas,
341 663 368 713 et
387 658 423 712 ad
443 659 562 713 aliorum
583 658 749 728 conjugium
765 655 953 711 sollicitudine
971 672 1017 710 eo·

206 758 291 824 gente
314 751 486 819 transierint,
510 768 632 823 eumque
651 768 727 805 nrrnc
742 754 815 804 statu
830 766 926 803 reram
942 748 1017 802 arixi-

207 848 291 901 liaute
306 845 425 900 Domino
442 846 470 898 in
484 845 603 900 meliora
616 860 763 911 converso,
777 843 908 897 nonnulli
919 859 1018 896 eornm

206 940 255 1011 qui
272 939 447 1010 putabantur
462 939 577 1009 periisse
592 937 791 1003 remeaverint,
808 937 910 990 merito
925 937 1018 990 chari-

207 1039 248 1087 tas
262 1039 310 1088 tua
328 1033 437 1086 videtur
456 1031 602 1102 ambigere
619 1032 686 1102 quid
710 1031 744 1084 de
768 1029 936 1084 mulieribus
957 1046 1020 1100 quae

208 1127 270 1180 aliis
279 1127 388 1196 junctae
403 1128 469 1178 sunt
482 1125 558 1192 viris,
574 1142 588 1178 a
602 1124 685 1178 nobis
699 1123 801 1178 debeat
814 1122 949 1178 ordinari.
967 1122 1021 1177 Sed

208 1220 274 1291 quia
290 1219 420 1272 novimus
432 1219 579 1289 scriptum,
594 1218 670 1290 quod
683 1235 700 1271 a
711 1219 768 1271 Deo
776 1217 908 1286 jungitur
919 1216 1022 1270 mulier

208 1314 278 1377 viro,
295 1313 440 1367 etiterum
463 1316 636 1383 praeceptum
658 1310 835 1381 agnovimus,
858 1313 888 1363 nt
909 1329 922 1360 ιι
946 1308 1021 1380 quod

212 1408 285 1461 [leus
301 1406 405 1476 junxit,
424 1407 509 1460 homo
532 1423 589 1460 non
606 1410 718 1475 separet
735 1404 844 1474 (Μαιιιι.
871 1420 927 1472 xix,
948 1404 984 1473 6),
1007 1425 1020 1451 a

210 1517 324 1556 necesse
339 1504 381 1554 est
395 1505 426 1554 ut
438 1500 630 1570 legitimarum
646 1498 753 1553 foedera
767 1498 933 1567 nuptiarum
946 1497 1021 1550 rein·

211 1593 348 1665 tegranda
365 1593 523 1659 credamus,
538 1599 566 1647 et
582 1592 697 1646 remotis
710 1591 790 1645 malis
804 1608 866 1661 quae
885 1591 1024 1645 hostilitas

211 1688 317 1756 intulit,
332 1687 484 1758 unicuique
503 1688 557 1741 hoc
569 1686 646 1758 quod
664 1685 791 1756 legitime
808 1685 916 1753 habuit,
934 1684 1022 1738 refor-

1068 484 1180 536 manus,
1196 465 1405 521 communionis
1423 463 1562 534 recipiant
1580 461 1737 527 unitatem,
1754 459 1880 529 temporis

1068 560 1251 635 paenitudinis
1262 560 1359 614 hahita
1369 556 1568 612 moderatione
1579 560 1630 610 tuo
1641 552 1889 624 constituentem

1069 656 1151 721 dicio,
1175 659 1260 726 prout
1279 668 1479 707 conversorum
1501 650 1613 703 animos
1630 644 1816 720 perspexeris
1832 662 1883 700 esse

1069 750 1196 817 devotos,
1219 748 1323 818 pariter
1343 746 1430 799 etiam
1449 745 1557 799 hahens
1575 742 1676 798 senilis
1693 739 1787 795 aetatis
1812 740 1883 792 intui-

1071 846 1141 911 tum,
1167 847 1196 895 et
1212 840 1404 912 periculorum
1429 852 1610 910 quorumque
1633 838 1686 889 aut
1714 832 1883 904 aegritudiuis

1071 936 1222 1006 respiciens
1236 934 1425 999 necessitates,
1440 932 1469 985 in
1481 930 1585 1003 quibus
1597 930 1621 983 si
1635 927 1702 1000 quis
1717 926 1757 981 ita
1771 927 1884 996 graviter

1070 1039 1216 1105 urgeatur,
1240 1037 1272 1087 ut
1293 1032 1361 1086 dum
1385 1030 1478 1085 adhuc
1499 1029 1619 1101 paenitet
1640 1027 1678 1082 de
1701 1025 1796 1079 salute
1810 1024 1884 1095 ipsius

1072 1128 1245 1198 desperetur,
1266 1128 1376 1197 oportet
1395 1125 1419 1178 ei
1436 1140 1486 1194 per
1499 1121 1708 1176 sacerdotalem
1725 1118 1883 1172 sollicitudi-

1072 1237 1138 1276 nem
1161 1218 1369 1275 communionis
1396 1217 1485 1289 gratia
1513 1214 1671 1269 subveniri.
1696 1213 1772 1266 Nam
1796 1211 1825 1264 hi
1848 1211 1884 1281 qui

1072 1314 1244 1384 baptismam
1257 1313 1292 1366 ab
1312 1311 1453 1365 hereticis
1476 1312 1650 1379 acceperunt
1673 1323 1744 1360 cum
1765 1303 1886 1376 baptizati

1073 1411 1157 1462 antea
1172 1424 1229 1461 raon
1249 1405 1378 1472 fuissent,
1394 1405 1453 1458 sola
1470 1402 1650 1457 invocatione
1668 1398 1799 1471 Spiritus
1815 1397 1886 1451 sancti

1073 1518 1124 1572 per
1141 1499 1350 1571 impositionem
1370 1513 1507 1552 manuum
1528 1493 1726 1549 confirmandi
1740 1492 1886 1562 suntquis

1073 1597 1194 1649 formam
1207 1598 1317 1648 tantum
1330 1591 1463 1662 baptismi
1473 1591 1533 1644 sine
1546 1586 1787 1644 sanctificationis
1798 1586 1886 1639 virtute

1073 1704 1228 1759 sumpsere.
1253 1688 1285 1741 Et
1308 1686 1380 1740 hanc
1404 1686 1529 1756 regulam
1555 1685 1586 1737 ut
1610 1681 1708 1736 sciatis
1730 1679 1886 1735 servandam

211 1786 313 1836 metur.
329 1781 471 1851 Omnique
484 1781 576 1835 studio
590 1779 801 1850 procurandum
812 1784 853 1833 est
864 1782 894 1831 nt
906 1772 1062 1848 recipiatB
1075 1781 1207 1837 omnihus
1224 1779 1348 1835 ecclesiis
1366 1778 1564 1849 predicamus,
1584 1788 1615 1830 nt
1636 1776 1793 1828 lavacrum
1814 1771 1885 1826 semel

210 1875 407 1946 unusquisque
417 1874 648 1945 quodproprinm
662 1878 712 1927 est.
724 1874 886 1927 Nectamen
899 1871 1024 1942 culpabi·
1074 1875 1175 1930 initum
1194 1875 1271 1928 nulla
1285 1872 1436 1927 iteratione
1453 1871 1581 1938 violetur,
1604 1867 1725 1922 dicente
1743 1866 1883 1938 apostolo:

212 1969 245 2022 lis
255 1968 410 2038 judicetur,
427 1971 456 2021 et
471 1971 607 2038 tanquam
627 1966 711 2020 alieni
724 1966 797 2035 juris
812 1981 953 2036 pervasor,
977 1965 1024 2035 qui
1076 1989 1090 2019 ιι
1106 1970 1182 2023 Unus
1196 1967 1341 2033 Dominus,
1353 1982 1410 2019 tina
1424 1964 1505 2027 fides,
1521 1979 1612 2017 unum
1627 1961 1779 2033 baptisma
1794 1960 1883 2030 (lipia.

211 2078 364 2134 personam
378 2060 542 2130 ejusmariti
552 2060 600 2132 qui
608 2061 669 2129 jam
681 2077 737 2113 non
749 2075 809 2113 esse
819 2058 1024 2124 aestimabatur,
1075 2079 1112 2128 ιν,
1124 2064 1160 2132 5),
1174 2083 1187 2109 s
1205 2061 1285 2131 eujus
1299 2059 1405 2114 ablutio
1424 2059 1499 2112 nulla
1520 2056 1675 2111 iteratione
1692 2054 1831 2109 tentanda
1844 2058 1884 2118 est,

212 2156 374 2225 assumpsit.
391 2155 433 2208 Sic
448 2154 525 2208 enim
540 2155 631 2208 multa
641 2170 704 2223 qum
718 2153 755 2206 ad
768 2169 816 2206 eos
829 2152 877 2222 qui
891 2151 920 2205 iu
936 2152 1023 2221 capti·
1075 2156 1134 2224 sed,
1151 2154 1328 2222 ulduinus,
1342 2154 1401 2208 sola
1414 2150 1598 2206 sanctificatio
1609 2149 1705 2203 saneti
1717 2147 1840 2219 Spiritus
1849 2146 1885 2200 ia-

211 2249 328 2303 vitatem
357 2247 432 2301 ducti
460 2251 535 2313 sunt,
559 2246 750 2318 pertinebant,
777 2245 872 2315 injus
901 2245 1025 2298 alienum
1076 2248 1200 2304 vocanda
1215 2251 1266 2315 est,
1281 2250 1312 2301 ut
1323 2245 1444 2318 quodab
1454 2243 1596 2300 haereticis
1606 2258 1696 2298 nemo
1707 2241 1886 2312 ancipitem·

213 2342 331 2395 transire
347 2344 511 2411 potuerunt,
525 2344 553 2394 et
567 2345 661 2394 tamen
677 2340 792 2410 plenum
799 2338 917 2409 justitiae
930 2341 981 2405 est,
993 2342 1026 2392 ut
1076 2342 1185 2396 tholicis
1200 2341 1392 2395 sacerdotibus
1405 2340 1604 2408 consequatur.
1628 2337 1708 2390 Hanc
1726 2338 1822 2389 autem
1835 2332 1885 2405 cpi·

214 2435 312 2489 iisdem
332 2434 450 2488 reversis
475 2434 591 2505 pr⁰pritt
614 2434 813 2487 reformentur·
840 2431 920 2495 Quod
945 2431 968 2484 si
996 2432 1025 2485 in
1076 2438 1178 2491 stolam
1190 2439 1316 2490 nostram
1330 2449 1418 2504 qnam
1428 2433 1463 2487 ad
1473 2429 1714 2486 consultationem
1724 2432 1785 2483 tuae
1797 2429 1885 2482 fratcr-

213 2527 361 2598 mancipiis
375 2528 415 2581 vol
431 2528 459 2581 in
474 2528 560 2598 agris,
577 2532 625 2581 aut
638 2527 724 2580 etiam
737 2527 766 2579 in
779 2525 910 2579 domibus
921 2542 952 2578 ae
966 2541 1026 2595 pos·
1077 2529 1173 2584 nitatis
1188 2528 1343 2595 emisimus,
1361 2527 1398 2582 ad
1413 2543 1514 2580 omnes
1528 2525 1631 2579 fratres
1645 2521 1885 2594 comprovinciales

213 2621 383 2676 sessionibus
397 2621 448 2675 rite
463 2624 600 2687 servatur,
622 2625 728 2690 quanto
741 2620 831 2689 magis
841 2619 869 2672 in
879 2619 1025 2689 conjugio·
1076 2624 1222 2695 episcopos
1234 2621 1320 2677 facies
1338 2620 1496 2692 pervenire,
1512 2624 1544 2674 ut
1559 2618 1692 2672 omniurn
1713 2615 1885 2672 observantie

215 2733 278 2770 rnm
296 2715 518 2785 reintegratione
536 2712 701 2767 faciendum
720 2719 770 2781 est,
794 2718 823 2767 ιιι
837 2712 913 2784 quod
926 2712 1027 2766 bellica
1077 2717 1142 2773 data
1156 2716 1244 2789 prosit
1256 2716 1420 2770 auctoritas.

214 2808 380 2864 necessitate
395 2807 540 2861 turbatum
554 2810 597 2860 cst
608 2806 685 2878 pacis
698 2805 823 2860 remedio
836 2805 1027 2860 reformetur?
1134 2812 1185 2865 Lll.
1199 2841 1233 2851 —
1247 2811 1293 2866 Ad
1304 2810 1444 2865 Iulianum
1457 2809 1609 2877 epmcopum
1623 2806 1836 2876 Aquileiensem.

214 2901 325 2956 ntideo
340 2900 363 2955 si
379 2901 428 2972 qui
442 2906 504 2970 post
517 2902 633 2970 longam
650 2899 841 2970 captivitatem
855 2900 971 2965 reuersi,
988 2901 1026 2954 ita
1113 2907 1168 2960 Lao
1183 2905 1456 2976 episcopuslutmno
1472 2901 1602 2972 episcopo
1617 2899 1808 2971 Aquileiensi.

214 2996 243 3050 in
254 2994 404 3050 dilectione
419 3011 536 3048 suarum
554 2994 706 3064 conjugum
722 2997 916 3065 perseverant,
933 2998 966 3049 ut
980 3011 1027 3048 cas
1112 3000 1201 3054 Lectis
1222 2997 1407 3053 fraternitatis
1422 3001 1479 3051 tua
1493 2995 1593 3050 litteris
1610 2994 1743 3064 vigorem
1760 2991 1823 3047 fidei
1839 2994 1885 3044 tue

214 3088 330 3160 cupiunt
351 3088 380 3142 itt
402 3105 485 3142 strum
509 3087 599 3142 redire
625 3088 807 3155 consortium,
836 3088 1026 3143 omittendum
1077 3092 1242 3164 quemolim
1259 3107 1438 3159 noveramus,
1455 3087 1635 3161 agnovimus,
1651 3086 1884 3158 congratulantes,
1924 3074 1927 3129 i

214 3188 256 3237 est
265 3189 292 3238 et
301 3182 472 3254 inculpabile
477 3181 665 3252 judicandum
675 3182 750 3252 quod
761 3182 913 3236 necessitas
921 3182 1025 3249 intulit,
1077 3185 1154 3258 quod
1163 3185 1199 3239 ad
1210 3185 1367 3239 custodiam
1376 3199 1497 3254 gregum
1505 3181 1608 3236 Christi
1617 3181 1794 3252 pastoralem
1802 3191 1885 3232 curam
1924 3132 1927 3219 i

212 3283 241 3332 et
256 3276 464 3331 restituendum
479 3276 555 3346 quod
569 3275 640 3329 fides
654 3275 753 3346 poscit.
770 3276 797 3330 Si
812 3279 908 3330 atatem
924 3276 1027 3347 aliquas
1078 3279 1228 3351 vigilanter
1243 3276 1414 3349 exsequeris,
1431 3293 1467 3331 ne
1483 3274 1541 3347 lupi
1558 3275 1608 3346 qui
1623 3274 1676 3328 sub
1696 3274 1790 3344 specie
1802 3270 1885 3326 orinnt

215 3371 347 3424 mulieres
359 3370 399 3424 ita
412 3369 600 3441 posteriorum
613 3369 738 3423 virorum
752 3386 849 3424 arnorc
859 3373 924 3423 sunt
937 3373 1027 3441 captas
1077 3373 1239 3428 subintrant
1250 3371 1360 3426 bestiali
1374 3370 1479 3425 saevitia
1492 3368 1638 3440 simplices
1649 3384 1784 3439 quosque
1799 3366 1884 3420 dilate

215 3469 245 3518 ut
265 3463 368 3518 malint
383 3463 426 3516 his
440 3463 594 3529 coherere,
610 3480 697 3533 quam
714 3463 743 3516 in
759 3464 918 3534 legitimum
935 3463 1027 3518 redire
1079 3471 1153 3535 rent,
1167 3472 1195 3520 et
1208 3483 1267 3521 non
1281 3466 1371 3519 solum
1388 3464 1442 3535 ipsi
1457 3462 1534 3517 nulla
1548 3461 1727 3517 correctione
1740 3459 1882 3533 proficiant,

215 3557 399 3623 consortium,
423 3557 524 3610 merito
546 3561 611 3610 sunt
627 3556 769 3624 notandas,
786 3558 823 3610 ita
840 3561 868 3611 ut
882 3557 968 3612 etiarn
981 3573 1028 3612 ee·
1080 3561 1227 3615 sedetiam
1246 3576 1278 3614 ea
1296 3575 1361 3630 quae
1382 3561 1450 3611 sunt
1467 3573 1533 3610 sana
1550 3558 1752 3627 corrumpant.
1769 3551 1883 3618 Quodne

215 3650 369 3707 clesiastica
383 3650 583 3705 communione
600 3650 756 3720 priventur,
773 3650 839 3721 quia
854 3650 1030 3705 inexcusabi-
1079 3654 1193 3724 viperea
1215 3652 1304 3723 possit
1325 3651 1455 3706 obtinere
1473 3648 1594 3715 fallacia,
1614 3647 1803 3703 dilectionem
1819 3649 1883 3699 tuan

216 3745 281 3811 liter
289 3743 561 3799 contaminationem
573 3743 701 3798 criminis
709 3745 868 3815 clegerunt,
878 3745 1030 3800 ostenden·
1080 3748 1212 3802 duximus
1227 3745 1479 3813 commonendam,
1495 3742 1675 3796 insinuantes
1690 3741 1728 3796 ad
1741 3740 1838 3795 aalma
1849 3751 1885 3808 pe

216 3846 259 3894 tes
281 3837 394 3893 sibimet
419 3854 470 3908 pro
492 3855 543 3892 sua
565 3837 772 3891 incontinentia
795 3838 931 3908 placuisse
952 3839 1030 3910 quod
1080 3842 1202 3896 ciculum
1215 3840 1368 3911 pertinere,
1383 3838 1407 3892 si
1417 3837 1567 3909 quisquam
1578 3834 1614 3890 de
1627 3835 1673 3887 his
1686 3834 1739 3907 qui
1752 3852 1768 3888 a
1780 3831 1883 3889 nobisin

212 3935 290 4005 justa
303 3931 431 3986 remissio
445 3932 538 4002 potuit
549 3932 671 4002 expiare.
690 3931 816 3986 Redeant
826 3948 894 4003 ergo
904 3933 934 3987 in
948 3949 1031 3987 suurn
1081 3934 1280 3990 hereticorum
1295 3936 1400 3987 sectam
1410 3930 1552 4001 delapsus,
1567 3933 1595 3983 et
1609 3945 1639 3981 se
1653 3934 1803 3999 utcunque
1812 3927 1884 3981 here

217 4032 320 4082 statum
346 4025 504 4080 voluntaria
528 4025 749 4096 reintegratione
774 4026 914 4096 conjugia,
938 4043 1030 4097 neque
1081 4029 1143 4083 ticae
1170 4026 1382 4083 communionis
1408 4024 1578 4094 contagione
1607 4023 1773 4090 macularit,
1801 4016 1883 4090 resipi-

218 4120 367 4176 ullomodo
382 4119 417 4173 ad
433 4118 621 4189 opprobrium
633 4119 716 4172 nialus
726 4119 879 4173 voluntatis
891 4120 1030 4187 trahatur,
1081 4139 1160 4177 scens
1171 4121 1200 4177 in
1219 4121 1420 4175 communione
1433 4117 1573 4173 catholica
1588 4116 1649 4170 sine
1663 4115 1842 4188 promotione
1853 4113 1882 4166 le

218 4214 294 4284 quod
304 4211 428 4267 conditio
439 4211 609 4265 necessitatis
619 4212 743 4280 extorsit,
756 4212 822 4282 quia
833 4212 904 4266 sicut
915 4213 960 4267 hae
971 4230 1033 4269 mu·
1083 4216 1189 4289 gitimte
1206 4213 1402 4270 satisfactionis
1416 4212 1565 4266 habeatur.
1582 4210 1811 4266 saluberrimum
1823 4206 1883 4261 enin

218 4307 303 4361 lieres
316 4321 379 4377 quae
395 4304 494 4359 reverti
505 4304 539 4358 ad
549 4303 624 4358 viros
635 4320 699 4358 suos
709 4304 914 4376 noluntimpiae
925 4306 1030 4362 haben·
1083 4315 1111 4366 et
1124 4309 1260 4381 spirituali
1278 4307 1426 4363 medicinae
1445 4306 1566 4361 utilitate
1589 4303 1784 4375 plenissinnm
1800 4301 1884 4368 esth

221 4401 264 4454 dae
282 4405 357 4469 sunt,
381 4399 418 4452 ita
440 4398 494 4452 illae
517 4413 582 4468 cproe
603 4397 785 4451 ineffectum
807 4398 912 4454 initum
925 4417 957 4455 er
977 4404 1032 4456 lleo
1083 4406 1140 4459 sive
1155 4402 1323 4475 presbyteri,
1344 4402 1401 4457 sive
1416 4400 1536 4466 diaconi,
1556 4403 1606 4454 aut
1624 4397 1782 4468 cujuslibet
1796 4391 1884 4451 ordinis

220 4495 338 4550 redeunt
352 4492 454 4547 riter-itu
468 4496 535 4546 sunt
545 4491 693 4546 laridanda
700 4492 819 4562 judicio.
834 4494 871 4548 De
883 4495 926 4548 his
937 4501 1032 4550 autem
1043 4521 1072 4593 D
1084 4497 1187 4566 elerici,
1200 4496 1249 4567 qui
1258 4500 1436 4550 secorrectos
1445 4493 1533 4549 videri
1543 4492 1651 4560 volunt,
1662 4496 1753 4563 atquo
1762 4487 1885 4545 adrathe

220 4587 385 4644 Christianis
407 4588 455 4659 qni
477 4587 552 4640 inter
574 4603 622 4638 eos
648 4603 664 4637 a
687 4585 789 4656 quibus
810 4587 924 4643 strarant
945 4589 1032 4661 capti-
1084 4592 1167 4646 licam
1184 4591 1281 4657 fidem,
1303 4606 1388 4660 quam
1405 4586 1579 4659 jampridem
1599 4585 1770 4655 amiserant,
1791 4593 1883 4638 rursus

222 4684 275 4737 rati
295 4680 481 4736 immolatitiis
500 4679 568 4732 cibis
583 4684 748 4733 asseruntur
760 4681 873 4751 polluti,
890 4682 1033 4737 consulta·
1084 4685 1186 4740 reverti
1200 4683 1339 4751 ambiunt,
1359 4683 1439 4754 prius
1456 4696 1565 4735 errores
1580 4696 1655 4747 suos,
1672 4685 1703 4735 et
1717 4679 1793 4751 ipsos
1805 4678 1883 4732 aneto·

223 4774 292 4830 tiani
307 4774 451 4829 eharitatis
470 4777 524 4826 ture
541 4773 593 4826 hoc
616 4772 702 4826 etiam
723 4774 955 4843 respondendnm
974 4792 1035 4831 csse
1086 4795 1129 4832 res
1148 4793 1279 4832 errorum
1295 4775 1426 4831 damnari
1445 4791 1462 4828 a
1477 4791 1506 4828 se
1520 4773 1580 4828 sine
1593 4772 1785 4844 ambiguitate
1798 4771 1884 4826 fatear-

223 4868 363 4924 credimus
390 4872 420 4921 ut
448 4866 618 4937 {toeuitentiae
646 4866 836 4922 satisfactione
864 4872 1033 4939 purgentur.
1086 4875 1142 4941 tur,
1162 4878 1193 4927 ut
1205 4871 1332 4926 sensibus
1346 4869 1438 4940 pravis
1450 4867 1535 4923 etiam
1552 4866 1724 4938 peremptis,
1739 4865 1816 4920 nulla
1834 4874 1883 4933 spt-

223 4965 291 5028 Quas
313 4979 369 5017 non
392 4967 451 5017 tam
476 4961 611 5031 temporis
635 4960 812 5031 longitudine
834 4978 919 5032 quam
940 4964 1035 5018 cordis

222 5056 441 5128 canipunctiane
455 5054 593 5126 pensanda
607 5059 657 5120 cst,
668 5058 697 5108 et
706 5054 762 5109 sive
775 5055 827 5110 hoc
839 5059 930 5110 terror
940 5063 1034 5112 extor-

222 5152 299 5219 scrit,
315 5151 371 5204 sive
386 5151 475 5204 fames
488 5148 615 5217 suaserit,
628 5163 684 5202 uon
696 5148 841 5203 dubitetur
850 5150 1034 5218 abolendum,

223 5263 287 5301 cunr
301 5243 463 5316 hujusmodi
476 5243 556 5297 cibus
573 5257 624 5312 pro
641 5244 727 5308 metu,
741 5247 789 5296 aut
803 5242 965 5313 indigentia
980 5261 1036 5299 non

223 5357 273 5411 pro
289 5338 435 5410 religionis
448 5335 627 5391 veneratione
644 5335 679 5389 sit
694 5340 833 5405 sumptus.
857 5336 902 5390 llis
922 5354 988 5392 uero
1001 5339 1036 5393 de

223 5434 326 5506 quibus
341 5431 454 5487 dilectio
471 5435 518 5484 tua
536 5427 669 5482 similiter
686 5444 737 5482 nos
754 5429 875 5484 credidit
890 5433 1036 5487 consulen-

224 5521 1036 5598 ilos,quiaditerandumbaptismumvelmetucoactisuut,

224 5624 266 5676 rel
283 5636 378 5675 errore
393 5615 523 5684 traducti,
533 5621 561 5672 et
574 5632 649 5670 ntrnc
659 5632 689 5670 se
702 5621 800 5671 eontra
810 5617 956 5673 catholicas
971 5621 1037 5675 tldei

221 5717 434 5770 sacramentum
448 5709 539 5781 egisse
555 5715 739 5781 coguoscunt,
755 5726 788 5765 ea
802 5711 988 5768 custodienda
996 5717 1039 5770 est

205 5808 291 5876 ratio,
307 5824 365 5880 qrra
380 5807 408 5864 iu
425 5806 591 5864 societatem
608 5808 733 5864 nostram
748 5807 872 5863 nonnisi
886 5824 937 5881 per
951 5810 1038 5882 poeni·
1088 5811 1167 5868 diues
1178 5812 1322 5884 judicarit.
1343 5810 1425 5875 Quod
1447 5809 1469 5864 si
1491 5823 1557 5862 cum
1570 5805 1681 5879 grandi
1700 5799 1890 5863 examinationi
1924 5812 1927 5859 t

1924 5876 1927 5897 ι

1084 4966 1168 5021 randi
1183 4964 1306 5036 supersit
1321 4963 1439 5029 occasio,
1461 4978 1497 5016 ne
1512 4961 1601 5015 ullum
1620 4959 1786 5015 membrum
1803 4955 1885 5012 [alim

1086 5059 1173 5130 possit
1185 5058 1319 5113 societate
1331 5056 1440 5125 violari,
1453 5071 1517 5109 cum
1528 5070 1579 5125 per
1589 5052 1692 5108 omnia
1702 5053 1758 5108 illis
1768 5046 1884 5125 professb

1087 5154 1201 5225 propria
1217 5151 1332 5223 coeperit
1342 5150 1468 5205 obviare.
1482 5150 1562 5204 Circa
1575 5164 1649 5219 quos
1662 5147 1753 5202 etiam
1768 5147 1840 5201 illam
1850 5156 1884 5196 aa·

1086 5264 1196 5302 nouum
1212 5246 1444 5302 constitutionem
1459 5242 1641 5316 praecipimus
1657 5240 1807 5308 custodiri,
1827 5233 1884 5291 uti!

1088 5358 1194 5413 magno
1216 5341 1340 5396 habeant
1358 5338 1505 5407 beneficio,
1525 5336 1548 5391 si
1566 5335 1710 5408 adempta
1722 5334 1777 5390 sibi
1789 5329 1885 5389 omnint

1088 5451 1136 5506 spe
1149 5434 1344 5506 promotionis,
1361 5433 1390 5487 in
1403 5449 1461 5505 quo
1478 5429 1667 5486 inveniuntur
1682 5429 1785 5486 ordine
1800 5419 1885 5482 stabili·

1088 5532 1144 5584 tate
1164 5533 1301 5601 perpetua
1320 5530 1463 5597 maneant,
1486 5526 1509 5580 si
1528 5529 1628 5580 tamen
1646 5523 1755 5580 iterata
1771 5518 1886 5577 tindioflt

1088 5640 1146 5678 nou
1156 5623 1261 5679 fuerint
1273 5621 1414 5678 maculati.
1430 5622 1491 5676 Non
1501 5620 1593 5675 levem
1606 5618 1686 5691 apud
1696 5619 1786 5674 ileum
1800 5618 1887 5671 noran

1088 5716 1217 5788 incurrit,
1239 5717 1289 5789 qui
1305 5718 1340 5773 de
1359 5715 1463 5771 talibus
1475 5714 1510 5769 ad
1524 5729 1621 5768 meros
1634 5709 1843 5785 promovendos
1852 5717 1889 5759 or·
