<?xml version="1.0" encoding="UTF-8"?>
<!DOCTYPE html PUBLIC "-//W3C//DTD XHTML 1.0 Transitional//EN"
    "http://www.w3.org/TR/xhtml1/DTD/xhtml1-transitional.dtd">
<html xmlns="http://www.w3.org/1999/xhtml" xml:lang="en" lang="en">
 <head>
  <title>
</title>
<meta http-equiv="Content-Type" content="text/html;charset=utf-8" />
  <meta name='ocr-system' content='tesseract 3.04.00' />
  <meta name='ocr-capabilities' content='ocr_page ocr_carea ocr_par ocr_line ocrx_word'/>
</head>
<body>
  <div class='ocr_page' id='page_1' title='image "./patrologiaecurs03unkngoog_0179.png"; bbox 0 0 3870 6150; ppageno 0'>
   <div class='ocr_carea' id='block_1_1' title="bbox 137 198 1449 315">
    <p class='ocr_par' dir='ltr' id='par_1_1' title="bbox 137 198 1449 315">
     <span class='ocr_line' id='line_1_1' title="bbox 137 198 1449 315; baseline -0.008 -10"><span class='ocrx_word' id='word_1_1' title='bbox 137 252 189 315; x_wconf 79' lang='lat' dir='ltr'>aaa</span> <span class='ocrx_word' id='word_1_2' title='bbox 577 198 888 299; x_wconf 70' lang='lat' dir='ltr'>transumens.</span> <span class='ocrx_word' id='word_1_3' title='bbox 909 228 1369 300; x_wconf 71' lang='lat' dir='ltr'>ri-rsmcarrmucaioms</span> <span class='ocrx_word' id='word_1_4' title='bbox 1448 200 1449 205; x_wconf 25' lang='lat'>¹</span> 
     </span>
    </p>
   </div>
   <div class='ocr_carea' id='block_1_2' title="bbox 143 388 722 412">
    <p class='ocr_par' dir='ltr' id='par_1_2' title="bbox 143 388 722 412">
     <span class='ocr_line' id='line_1_2' title="bbox 143 388 722 412; baseline -0.009 -4"><span class='ocrx_word' id='word_1_5' title='bbox 143 388 722 412; x_wconf 48' lang='lat' dir='ltr'>mm</span> 
     </span>
    </p>
   </div>
   <div class='ocr_carea' id='block_1_3' title="bbox 617 524 1335 598">
    <p class='ocr_par' dir='ltr' id='par_1_3' title="bbox 617 524 1335 598">
     <span class='ocr_line' id='line_1_3' title="bbox 617 524 1335 598; baseline -0.004 0"><span class='ocrx_word' id='word_1_6' title='bbox 617 524 881 598; x_wconf 87' lang='lat' dir='ltr'>CONCILIUM</span> <span class='ocrx_word' id='word_1_7' title='bbox 921 524 1335 597; x_wconf 86' lang='lat' dir='ltr'>CHALCEDONENSE</span> 
     </span>
    </p>
   </div>
   <div class='ocr_carea' id='block_1_4' title="bbox 138 673 1665 860">
    <p class='ocr_par' dir='ltr' id='par_1_4' title="bbox 138 673 1665 860">
     <span class='ocr_line' id='line_1_4' title="bbox 138 673 1665 759; baseline -0.003 -15"><span class='ocrx_word' id='word_1_8' title='bbox 138 680 373 745; x_wconf 78' lang='lat' dir='ltr'>Sescentorum</span> <span class='ocrx_word' id='word_1_9' title='bbox 387 676 524 759; x_wconf 79' lang='lat' dir='ltr'>triginta</span> <span class='ocrx_word' id='word_1_10' title='bbox 539 675 775 756; x_wconf 83' lang='lat' dir='ltr'>episcoporum,</span> <span class='ocrx_word' id='word_1_11' title='bbox 798 673 1024 740; x_wconf 85' lang='lat' dir='ltr'>Valentiniano</span> <span class='ocrx_word' id='word_1_12' title='bbox 1046 674 1088 740; x_wconf 88' lang='lat' dir='ltr'>VI</span> <span class='ocrx_word' id='word_1_13' title='bbox 1106 681 1138 738; x_wconf 84' lang='lat' dir='ltr'>et</span> <span class='ocrx_word' id='word_1_14' title='bbox 1154 674 1263 739; x_wconf 75' lang='grc'>1110100</span> <span class='ocrx_word' id='word_1_15' title='bbox 1284 674 1479 752; x_wconf 82' lang='lat' dir='ltr'>consulibus,</span> <span class='ocrx_word' id='word_1_16' title='bbox 1498 691 1566 738; x_wconf 78' lang='lat' dir='ltr'>aru</span> <span class='ocrx_word' id='word_1_17' title='bbox 1581 690 1665 739; x_wconf 76' lang='lat' dir='ltr'>uunx</span> 
     </span>
     <span class='ocr_line' id='line_1_5' title="bbox 531 773 1426 860; baseline -0.009 -18"><span class='ocrx_word' id='word_1_18' title='bbox 531 773 665 842; x_wconf 80' lang='lat' dir='ltr'><em>Domini</em></span> <span class='ocrx_word' id='word_1_19' title='bbox 676 773 758 856; x_wconf 71' lang='lat'>452),</span> <span class='ocrx_word' id='word_1_20' title='bbox 775 773 931 841; x_wconf 75' lang='lat' dir='ltr'>adoneae</span> <span class='ocrx_word' id='word_1_21' title='bbox 950 773 1163 860; x_wconf 78' lang='lat' dir='ltr'>Eutycbetem</span> <span class='ocrx_word' id='word_1_22' title='bbox 1178 781 1211 838; x_wconf 86' lang='lat' dir='ltr'>et</span> <span class='ocrx_word' id='word_1_23' title='bbox 1222 774 1426 842; x_wconf 73' lang='lat' dir='ltr'>bruscorum.</span> 
     </span>
    </p>
   </div>
   <div class='ocr_carea' id='block_1_5' title="bbox 119 1093 1665 5839">
    <p class='ocr_par' dir='ltr' id='par_1_5' title="bbox 129 1093 1665 4435">
     <span class='ocr_line' id='line_1_6' title="bbox 171 1093 1665 1180; baseline -0.006 -22"><span class='ocrx_word' id='word_1_24' title='bbox 171 1099 320 1158; x_wconf 83' lang='lat' dir='ltr'>consolata</span> <span class='ocrx_word' id='word_1_25' title='bbox 332 1097 438 1170; x_wconf 77' lang='lat' dir='ltr'>piisimi</span> <span class='ocrx_word' id='word_1_26' title='bbox 450 1100 479 1154; x_wconf 92' lang='lat' dir='ltr'>et</span> <span class='ocrx_word' id='word_1_27' title='bbox 496 1098 630 1154; x_wconf 87' lang='lat' dir='ltr'>amatoris</span> <span class='ocrx_word' id='word_1_28' title='bbox 651 1097 765 1166; x_wconf 83' lang='lat' dir='ltr'>Christi,</span> <span class='ocrx_word' id='word_1_29' title='bbox 784 1097 953 1153; x_wconf 77' lang='grc'>1100111100-</span> <span class='ocrx_word' id='word_1_30' title='bbox 964 1095 1322 1180; x_wconf 71' lang='grc' dir='ltr'>Ᾱο001100,001010010100</span> <span class='ocrx_word' id='word_1_31' title='bbox 1339 1097 1454 1151; x_wconf 85' lang='lat' dir='ltr'>Patrum</span> <span class='ocrx_word' id='word_1_32' title='bbox 1468 1093 1601 1164; x_wconf 79' lang='lat' dir='ltr'>exquirit,</span> <span class='ocrx_word' id='word_1_33' title='bbox 1622 1108 1665 1151; x_wconf 83' lang='lat' dir='ltr'>mc</span> 
     </span>
     <span class='ocr_line' id='line_1_7' title="bbox 132 1187 1665 1267; baseline -0.005 -16"><span class='ocrx_word' id='word_1_34' title='bbox 132 1194 205 1266; x_wconf 84' lang='lat' dir='ltr'>tiani</span> <span class='ocrx_word' id='word_1_35' title='bbox 222 1192 353 1267; x_wconf 86' lang='lat' dir='ltr'>perpetui</span> <span class='ocrx_word' id='word_1_36' title='bbox 373 1191 502 1264; x_wconf 76' lang='lat' dir='ltr'>Augusti,</span> <span class='ocrx_word' id='word_1_37' title='bbox 529 1191 574 1247; x_wconf 90' lang='lat' dir='ltr'>dic</span> <span class='ocrx_word' id='word_1_38' title='bbox 596 1191 662 1247; x_wconf 91' lang='lat' dir='ltr'>ldus</span> <span class='ocrx_word' id='word_1_39' title='bbox 678 1189 815 1257; x_wconf 89' lang='lat' dir='ltr'>Octobris,</span> <span class='ocrx_word' id='word_1_40' title='bbox 829 1190 953 1262; x_wconf 77' lang='lat' dir='ltr'>synodus</span> <span class='ocrx_word' id='word_1_41' title='bbox 1002 1208 1098 1248; x_wconf 86' lang='lat' dir='ltr'>rorem</span> <span class='ocrx_word' id='word_1_42' title='bbox 1113 1191 1219 1247; x_wconf 88' lang='lat' dir='ltr'>seducti</span> <span class='ocrx_word' id='word_1_43' title='bbox 1232 1195 1309 1255; x_wconf 86' lang='lat' dir='ltr'>suut,</span> <span class='ocrx_word' id='word_1_44' title='bbox 1323 1189 1399 1244; x_wconf 90' lang='lat' dir='ltr'>uude</span> <span class='ocrx_word' id='word_1_45' title='bbox 1407 1191 1534 1244; x_wconf 89' lang='lat' dir='ltr'>sanctam</span> <span class='ocrx_word' id='word_1_46' title='bbox 1549 1187 1665 1258; x_wconf 80' lang='lat' dir='ltr'>synoda</span> 
     </span>
     <span class='ocr_line' id='line_1_8' title="bbox 134 1283 1665 1356; baseline -0.005 -13"><span class='ocrx_word' id='word_1_47' title='bbox 134 1288 246 1343; x_wconf 86' lang='lat' dir='ltr'>lactain</span> <span class='ocrx_word' id='word_1_48' title='bbox 255 1284 478 1344; x_wconf 77' lang='lat' dir='ltr'>chalcedonensi</span> <span class='ocrx_word' id='word_1_49' title='bbox 490 1285 614 1354; x_wconf 86' lang='lat' dir='ltr'>civitate,</span> <span class='ocrx_word' id='word_1_50' title='bbox 629 1284 781 1356; x_wconf 89' lang='lat' dir='ltr'>metropoli</span> <span class='ocrx_word' id='word_1_51' title='bbox 801 1285 952 1355; x_wconf 78' lang='lat' dir='ltr'>provinciae</span> <span class='ocrx_word' id='word_1_52' title='bbox 1004 1287 1039 1340; x_wconf 91' lang='lat' dir='ltr'>ad</span> <span class='ocrx_word' id='word_1_53' title='bbox 1049 1286 1130 1341; x_wconf 88' lang='lat' dir='ltr'>istam</span> <span class='ocrx_word' id='word_1_54' title='bbox 1145 1285 1206 1340; x_wconf 88' lang='lat' dir='ltr'>lieri</span> <span class='ocrx_word' id='word_1_55' title='bbox 1221 1283 1424 1356; x_wconf 84' lang='lat' dir='ltr'>perfectionem</span> <span class='ocrx_word' id='word_1_56' title='bbox 1438 1297 1636 1353; x_wconf 88' lang='lat' dir='ltr'>properamus,</span> <span class='ocrx_word' id='word_1_57' title='bbox 1650 1295 1665 1336; x_wconf 87' lang='lat' dir='ltr'>e</span> 
     </span>
     <span class='ocr_line' id='line_1_9' title="bbox 134 1373 1650 1453; baseline -0.006 -16"><span class='ocrx_word' id='word_1_58' title='bbox 134 1382 284 1453; x_wconf 73' lang='lat' dir='ltr'>Bithynia,</span> <span class='ocrx_word' id='word_1_59' title='bbox 306 1395 343 1434; x_wconf 90' lang='lat' dir='ltr'>ex</span> <span class='ocrx_word' id='word_1_60' title='bbox 355 1379 468 1435; x_wconf 87' lang='lat' dir='ltr'>decreto</span> <span class='ocrx_word' id='word_1_61' title='bbox 486 1379 659 1450; x_wconf 86' lang='lat' dir='ltr'>synodorum</span> <span class='ocrx_word' id='word_1_62' title='bbox 675 1382 703 1432; x_wconf 87' lang='lat' dir='ltr'>et</span> <span class='ocrx_word' id='word_1_63' title='bbox 723 1376 952 1433; x_wconf 84' lang='lat' dir='ltr'>fidelissimorum</span> <span class='ocrx_word' id='word_1_64' title='bbox 1002 1379 1081 1435; x_wconf 87' lang='lat' dir='ltr'>vobis</span> <span class='ocrx_word' id='word_1_65' title='bbox 1097 1377 1224 1433; x_wconf 90' lang='lat' dir='ltr'>arbitrati</span> <span class='ocrx_word' id='word_1_66' title='bbox 1238 1394 1336 1432; x_wconf 89' lang='lat' dir='ltr'>sumus</span> <span class='ocrx_word' id='word_1_67' title='bbox 1352 1376 1508 1447; x_wconf 77' lang='lat' dir='ltr'>imponere,</span> <span class='ocrx_word' id='word_1_68' title='bbox 1525 1379 1556 1430; x_wconf 92' lang='lat' dir='ltr'>ut</span> <span class='ocrx_word' id='word_1_69' title='bbox 1570 1373 1650 1429; x_wconf 90' lang='lat' dir='ltr'>omui</span> 
     </span>
     <span class='ocr_line' id='line_1_10' title="bbox 133 1467 1665 1545; baseline -0.005 -17"><span class='ocrx_word' id='word_1_70' title='bbox 133 1474 287 1531; x_wconf 81' lang='lat' dir='ltr'>verborum</span> <span class='ocrx_word' id='word_1_71' title='bbox 313 1472 519 1545; x_wconf 88' lang='lat' dir='ltr'>imperatorum</span> <span class='ocrx_word' id='word_1_72' title='bbox 544 1469 734 1526; x_wconf 86' lang='lat' dir='ltr'>Valentiniani</span> <span class='ocrx_word' id='word_1_73' title='bbox 760 1473 789 1525; x_wconf 84' lang='grc'>01</span> <span class='ocrx_word' id='word_1_74' title='bbox 812 1471 951 1540; x_wconf 85' lang='lat' dir='ltr'>ldartiani,</span> <span class='ocrx_word' id='word_1_75' title='bbox 1002 1472 1097 1544; x_wconf 89' lang='lat' dir='ltr'>ligiuis</span> <span class='ocrx_word' id='word_1_76' title='bbox 1112 1471 1223 1526; x_wconf 85' lang='lat' dir='ltr'>deterso</span> <span class='ocrx_word' id='word_1_77' title='bbox 1238 1470 1394 1525; x_wconf 90' lang='lat' dir='ltr'>secundum</span> <span class='ocrx_word' id='word_1_78' title='bbox 1409 1468 1487 1541; x_wconf 90' lang='lat' dir='ltr'>quod</span> <span class='ocrx_word' id='word_1_79' title='bbox 1501 1469 1562 1539; x_wconf 88' lang='lat' dir='ltr'>ipsa</span> <span class='ocrx_word' id='word_1_80' title='bbox 1582 1467 1665 1523; x_wconf 88' lang='lat' dir='ltr'>divini</span> 
     </span>
     <span class='ocr_line' id='line_1_11' title="bbox 135 1561 1665 1636; baseline -0.006 -12"><span class='ocrx_word' id='word_1_81' title='bbox 135 1566 367 1624; x_wconf 80' lang='lat' dir='ltr'>convenientibus</span> <span class='ocrx_word' id='word_1_82' title='bbox 380 1565 410 1620; x_wconf 92' lang='lat' dir='ltr'>in</span> <span class='ocrx_word' id='word_1_83' title='bbox 424 1565 541 1621; x_wconf 88' lang='lat' dir='ltr'>eeclesia</span> <span class='ocrx_word' id='word_1_84' title='bbox 561 1567 667 1618; x_wconf 75' lang='lat' dir='ltr'>sancte</span> <span class='ocrx_word' id='word_1_85' title='bbox 686 1579 718 1618; x_wconf 92' lang='lat' dir='ltr'>ac</span> <span class='ocrx_word' id='word_1_86' title='bbox 727 1562 953 1636; x_wconf 75' lang='lat' dir='ltr'>triumphatricis</span> <span class='ocrx_word' id='word_1_87' title='bbox 1003 1565 1086 1620; x_wconf 88' lang='lat' dir='ltr'>nibus</span> <span class='ocrx_word' id='word_1_88' title='bbox 1098 1581 1130 1620; x_wconf 90' lang='grc'>00</span> <span class='ocrx_word' id='word_1_89' title='bbox 1142 1565 1203 1620; x_wconf 86' lang='lat' dir='ltr'>lieri</span> <span class='ocrx_word' id='word_1_90' title='bbox 1217 1563 1399 1619; x_wconf 83' lang='lat' dir='ltr'>manifestam</span> <span class='ocrx_word' id='word_1_91' title='bbox 1412 1579 1472 1618; x_wconf 90' lang='grc'>0000</span> <span class='ocrx_word' id='word_1_92' title='bbox 1482 1562 1581 1627; x_wconf 89' lang='lat' dir='ltr'>voluit,</span> <span class='ocrx_word' id='word_1_93' title='bbox 1595 1565 1626 1617; x_wconf 90' lang='lat' dir='ltr'>et</span> <span class='ocrx_word' id='word_1_94' title='bbox 1636 1561 1665 1616; x_wconf 77' lang='lat' dir='ltr'>Pr</span> 
     </span>
     <span class='ocr_line' id='line_1_12' title="bbox 134 1656 1665 1732; baseline -0.006 -15"><span class='ocrx_word' id='word_1_95' title='bbox 134 1661 270 1732; x_wconf 86' lang='lat' dir='ltr'>martyris</span> <span class='ocrx_word' id='word_1_96' title='bbox 291 1657 467 1731; x_wconf 76' lang='lat' dir='ltr'>Euphemine,</span> <span class='ocrx_word' id='word_1_97' title='bbox 490 1656 699 1729; x_wconf 79' lang='lat' dir='ltr'>gloriosissimis</span> <span class='ocrx_word' id='word_1_98' title='bbox 718 1656 903 1729; x_wconf 88' lang='lat' dir='ltr'>principibus,</span> <span class='ocrx_word' id='word_1_99' title='bbox 923 1657 953 1711; x_wconf 95' lang='lat' dir='ltr'>id</span> <span class='ocrx_word' id='word_1_100' title='bbox 1003 1657 1170 1713; x_wconf 87' lang='lat' dir='ltr'>monstravit</span> <span class='ocrx_word' id='word_1_101' title='bbox 1191 1658 1329 1724; x_wconf 87' lang='lat' dir='ltr'>doctrina,</span> <span class='ocrx_word' id='word_1_102' title='bbox 1347 1658 1386 1711; x_wconf 88' lang='lat' dir='ltr'>sic</span> <span class='ocrx_word' id='word_1_103' title='bbox 1402 1656 1598 1723; x_wconf 84' lang='lat' dir='ltr'>tides-nostra,</span> <span class='ocrx_word' id='word_1_104' title='bbox 1619 1670 1665 1725; x_wconf 76' lang='lat' dir='ltr'>qur</span> 
     </span>
     <span class='ocr_line' id='line_1_13' title="bbox 134 1748 1665 1825; baseline -0.006 -15"><span class='ocrx_word' id='word_1_105' title='bbox 134 1759 186 1823; x_wconf 91' lang='lat' dir='ltr'>est,</span> <span class='ocrx_word' id='word_1_106' title='bbox 197 1752 478 1825; x_wconf 87' lang='lat' dir='ltr'>magnificentissimo</span> <span class='ocrx_word' id='word_1_107' title='bbox 489 1754 518 1807; x_wconf 90' lang='lat' dir='ltr'>et</span> <span class='ocrx_word' id='word_1_108' title='bbox 531 1749 734 1824; x_wconf 89' lang='lat' dir='ltr'>gloriosissimo</span> <span class='ocrx_word' id='word_1_109' title='bbox 748 1750 887 1821; x_wconf 88' lang='lat' dir='ltr'>magistro</span> <span class='ocrx_word' id='word_1_110' title='bbox 901 1749 954 1805; x_wconf 90' lang='lat' dir='ltr'>mi·</span> <span class='ocrx_word' id='word_1_111' title='bbox 1003 1755 1097 1807; x_wconf 77' lang='grc'>000010</span> <span class='ocrx_word' id='word_1_112' title='bbox 1107 1751 1243 1818; x_wconf 88' lang='lat' dir='ltr'>consistit,</span> <span class='ocrx_word' id='word_1_113' title='bbox 1258 1752 1287 1806; x_wconf 92' lang='lat' dir='ltr'>in</span> <span class='ocrx_word' id='word_1_114' title='bbox 1302 1751 1433 1805; x_wconf 91' lang='lat' dir='ltr'>omnium</span> <span class='ocrx_word' id='word_1_115' title='bbox 1446 1748 1611 1819; x_wconf 86' lang='lat' dir='ltr'>ingrediens</span> <span class='ocrx_word' id='word_1_116' title='bbox 1630 1763 1665 1802; x_wconf 89' lang='lat' dir='ltr'>an</span> 
     </span>
     <span class='ocr_line' id='line_1_14' title="bbox 133 1842 1665 1919; baseline -0.008 -16"><span class='ocrx_word' id='word_1_117' title='bbox 133 1848 217 1903; x_wconf 90' lang='lat' dir='ltr'>litum</span> <span class='ocrx_word' id='word_1_118' title='bbox 240 1846 411 1919; x_wconf 80' lang='lat' dir='ltr'>exproeiecto</span> <span class='ocrx_word' id='word_1_119' title='bbox 432 1850 462 1901; x_wconf 90' lang='lat' dir='ltr'>et</span> <span class='ocrx_word' id='word_1_120' title='bbox 478 1844 637 1914; x_wconf 89' lang='lat' dir='ltr'>exconsule,</span> <span class='ocrx_word' id='word_1_121' title='bbox 663 1843 781 1916; x_wconf 86' lang='lat' dir='ltr'>patricio</span> <span class='ocrx_word' id='word_1_122' title='bbox 803 1843 953 1899; x_wconf 79' lang='lat' dir='ltr'>Anatholio</span> <span class='ocrx_word' id='word_1_123' title='bbox 1002 1842 1665 1918; x_wconf 68' lang='grc' dir='ltr'>0010100110ῑί001101ςο011000110001010οι0</span> 
     </span>
     <span class='ocr_line' id='line_1_15' title="bbox 134 1933 1665 2012; baseline -0.005 -14"><span class='ocrx_word' id='word_1_124' title='bbox 134 1947 163 1998; x_wconf 87' lang='grc'>01</span> <span class='ocrx_word' id='word_1_125' title='bbox 171 1938 453 2012; x_wconf 80' lang='lat' dir='ltr'>magnificentissimo</span> <span class='ocrx_word' id='word_1_126' title='bbox 467 1941 496 1993; x_wconf 90' lang='lat' dir='ltr'>et</span> <span class='ocrx_word' id='word_1_127' title='bbox 512 1937 714 2010; x_wconf 86' lang='lat' dir='ltr'>gloriosissimo</span> <span class='ocrx_word' id='word_1_128' title='bbox 733 1936 864 2009; x_wconf 81' lang='lat' dir='ltr'>praefecto</span> <span class='ocrx_word' id='word_1_129' title='bbox 880 1936 952 1991; x_wconf 88' lang='lat' dir='ltr'>sacri</span> <span class='ocrx_word' id='word_1_130' title='bbox 1003 1939 1038 1995; x_wconf 90' lang='lat' dir='ltr'>de</span> <span class='ocrx_word' id='word_1_131' title='bbox 1051 1938 1195 1994; x_wconf 80' lang='lat' dir='ltr'>nativitate</span> <span class='ocrx_word' id='word_1_132' title='bbox 1210 1937 1322 1993; x_wconf 85' lang='lat' dir='ltr'>Domini</span> <span class='ocrx_word' id='word_1_133' title='bbox 1336 1943 1364 1993; x_wconf 89' lang='lat' dir='ltr'>et</span> <span class='ocrx_word' id='word_1_134' title='bbox 1373 1936 1522 1992; x_wconf 88' lang='lat' dir='ltr'>Salvatoris</span> <span class='ocrx_word' id='word_1_135' title='bbox 1535 1933 1626 1989; x_wconf 83' lang='lat' dir='ltr'>nostri</span> <span class='ocrx_word' id='word_1_136' title='bbox 1636 1935 1665 1990; x_wconf 83' lang='lat' dir='ltr'>ie</span> 
     </span>
     <span class='ocr_line' id='line_1_16' title="bbox 134 2026 1665 2109; baseline -0.005 -20"><span class='ocrx_word' id='word_1_137' title='bbox 134 2033 260 2109; x_wconf 81' lang='lat' dir='ltr'>praetorii</span> <span class='ocrx_word' id='word_1_138' title='bbox 273 2033 457 2106; x_wconf 42' lang='lat' dir='ltr'>*prefecturre</span> <span class='ocrx_word' id='word_1_139' title='bbox 471 2030 607 2098; x_wconf 86' lang='lat' dir='ltr'>Palladio,</span> <span class='ocrx_word' id='word_1_140' title='bbox 624 2036 652 2086; x_wconf 87' lang='lat' dir='ltr'>ct</span> <span class='ocrx_word' id='word_1_141' title='bbox 672 2030 952 2102; x_wconf 85' lang='lat' dir='ltr'>magnificentissimo</span> <span class='ocrx_word' id='word_1_142' title='bbox 1001 2031 1079 2087; x_wconf 88' lang='lat' dir='ltr'>aliud</span> <span class='ocrx_word' id='word_1_143' title='bbox 1103 2031 1256 2102; x_wconf 88' lang='lat' dir='ltr'>disputare,</span> <span class='ocrx_word' id='word_1_144' title='bbox 1284 2033 1390 2101; x_wconf 86' lang='lat' dir='ltr'>praeter</span> <span class='ocrx_word' id='word_1_145' title='bbox 1422 2029 1497 2100; x_wconf 87' lang='lat' dir='ltr'>quod</span> <span class='ocrx_word' id='word_1_146' title='bbox 1527 2026 1665 2099; x_wconf 87' lang='lat' dir='ltr'>apostolic</span> 
     </span>
     <span class='ocr_line' id='line_1_17' title="bbox 132 2122 1665 2200; baseline -0.006 -17"><span class='ocrx_word' id='word_1_147' title='bbox 132 2128 267 2200; x_wconf 76' lang='lat' dir='ltr'>praelecto</span> <span class='ocrx_word' id='word_1_148' title='bbox 281 2126 359 2180; x_wconf 89' lang='lat' dir='ltr'>urbis</span> <span class='ocrx_word' id='word_1_149' title='bbox 370 2125 499 2192; x_wconf 85' lang='lat' dir='ltr'>Tatiano,</span> <span class='ocrx_word' id='word_1_150' title='bbox 513 2122 838 2194; x_wconf 86' lang='lat' dir='ltr'>ctmagnifieentissimo</span> <span class='ocrx_word' id='word_1_151' title='bbox 854 2128 882 2178; x_wconf 91' lang='lat' dir='ltr'>et</span> <span class='ocrx_word' id='word_1_152' title='bbox 895 2123 954 2194; x_wconf 86' lang='lat' dir='ltr'>gle·</span> <span class='ocrx_word' id='word_1_153' title='bbox 1002 2124 1094 2180; x_wconf 92' lang='lat' dir='ltr'>mium</span> <span class='ocrx_word' id='word_1_154' title='bbox 1116 2127 1167 2180; x_wconf 83' lang='grc'>318</span> <span class='ocrx_word' id='word_1_155' title='bbox 1187 2128 1350 2179; x_wconf 87' lang='lat' dir='ltr'>sanctorum</span> <span class='ocrx_word' id='word_1_156' title='bbox 1371 2123 1486 2178; x_wconf 83' lang='lat' dir='ltr'>Petrum</span> <span class='ocrx_word' id='word_1_157' title='bbox 1506 2136 1665 2176; x_wconf 85' lang='lat' dir='ltr'>consonans</span> 
     </span>
     <span class='ocr_line' id='line_1_18' title="bbox 132 2213 1665 2288; baseline -0.005 -12"><span class='ocrx_word' id='word_1_158' title='bbox 132 2217 437 2288; x_wconf 85' lang='lat' dir='ltr'>riesissimomagistro</span> <span class='ocrx_word' id='word_1_159' title='bbox 451 2216 539 2272; x_wconf 84' lang='lat' dir='ltr'>divini</span> <span class='ocrx_word' id='word_1_160' title='bbox 551 2215 636 2271; x_wconf 87' lang='grc'>0111011</span> <span class='ocrx_word' id='word_1_161' title='bbox 652 2215 825 2282; x_wconf 82' lang='lat' dir='ltr'>vincemalo,</span> <span class='ocrx_word' id='word_1_162' title='bbox 850 2219 879 2270; x_wconf 89' lang='lat' dir='ltr'>et</span> <span class='ocrx_word' id='word_1_163' title='bbox 891 2233 952 2270; x_wconf 87' lang='lat' dir='ltr'>ma·</span> <span class='ocrx_word' id='word_1_164' title='bbox 1003 2219 1099 2274; x_wconf 73' lang='lat' dir='ltr'>ctrina</span> <span class='ocrx_word' id='word_1_165' title='bbox 1122 2217 1268 2273; x_wconf 77' lang='lat' dir='ltr'>tradidisse</span> <span class='ocrx_word' id='word_1_166' title='bbox 1283 2217 1417 2284; x_wconf 85' lang='lat' dir='ltr'>noscitur,</span> <span class='ocrx_word' id='word_1_167' title='bbox 1440 2215 1511 2270; x_wconf 90' lang='lat' dir='ltr'>sicut</span> <span class='ocrx_word' id='word_1_168' title='bbox 1541 2213 1665 2269; x_wconf 84' lang='lat' dir='ltr'>sanctissi</span> 
     </span>
     <span class='ocr_line' id='line_1_19' title="bbox 134 2307 1665 2385; baseline -0.005 -18"><span class='ocrx_word' id='word_1_169' title='bbox 134 2311 368 2385; x_wconf 86' lang='lat' dir='ltr'>gnitlcentissimo</span> <span class='ocrx_word' id='word_1_170' title='bbox 388 2313 417 2365; x_wconf 87' lang='lat' dir='ltr'>et</span> <span class='ocrx_word' id='word_1_171' title='bbox 443 2307 643 2381; x_wconf 87' lang='lat' dir='ltr'>gloriosissima</span> <span class='ocrx_word' id='word_1_172' title='bbox 665 2309 802 2380; x_wconf 90' lang='lat' dir='ltr'>magistro</span> <span class='ocrx_word' id='word_1_173' title='bbox 823 2308 951 2377; x_wconf 81' lang='lat' dir='ltr'>Martiali,</span> <span class='ocrx_word' id='word_1_174' title='bbox 1002 2311 1113 2381; x_wconf 84' lang='lat' dir='ltr'>Leonis,</span> <span class='ocrx_word' id='word_1_175' title='bbox 1128 2312 1194 2382; x_wconf 87' lang='lat' dir='ltr'>quia</span> <span class='ocrx_word' id='word_1_176' title='bbox 1208 2309 1394 2381; x_wconf 82' lang='lat' dir='ltr'>apostolicum</span> <span class='ocrx_word' id='word_1_177' title='bbox 1408 2308 1551 2380; x_wconf 89' lang='lat' dir='ltr'>gubernat</span> <span class='ocrx_word' id='word_1_178' title='bbox 1561 2307 1665 2361; x_wconf 87' lang='lat' dir='ltr'>thronu</span> 
     </span>
     <span class='ocr_line' id='line_1_20' title="bbox 134 2400 1665 2477; baseline -0.005 -16"><span class='ocrx_word' id='word_1_179' title='bbox 134 2410 162 2462; x_wconf 89' lang='grc'>01</span> <span class='ocrx_word' id='word_1_180' title='bbox 176 2404 378 2477; x_wconf 86' lang='lat' dir='ltr'>gloriosissimo</span> <span class='ocrx_word' id='word_1_181' title='bbox 390 2407 420 2458; x_wconf 91' lang='lat' dir='ltr'>et</span> <span class='ocrx_word' id='word_1_182' title='bbox 441 2400 722 2473; x_wconf 83' lang='lat' dir='ltr'>magnificentissimo</span> <span class='ocrx_word' id='word_1_183' title='bbox 735 2401 836 2457; x_wconf 85' lang='lat' dir='ltr'>comite</span> <span class='ocrx_word' id='word_1_184' title='bbox 854 2401 951 2457; x_wconf 88' lang='lat' dir='ltr'>dome·</span> <span class='ocrx_word' id='word_1_185' title='bbox 1002 2410 1053 2460; x_wconf 87' lang='lat' dir='ltr'>ctae</span> <span class='ocrx_word' id='word_1_186' title='bbox 1066 2403 1211 2473; x_wconf 71' lang='lat' dir='ltr'>memoriae</span> <span class='ocrx_word' id='word_1_187' title='bbox 1233 2403 1396 2458; x_wconf 82' lang='lat' dir='ltr'>Flavianum</span> <span class='ocrx_word' id='word_1_188' title='bbox 1417 2401 1504 2472; x_wconf 80' lang='lat' dir='ltr'>regiae</span> <span class='ocrx_word' id='word_1_189' title='bbox 1525 2400 1603 2454; x_wconf 89' lang='lat' dir='ltr'>urbis</span> <span class='ocrx_word' id='word_1_190' title='bbox 1619 2401 1665 2458; x_wconf 84' lang='lat' dir='ltr'>Cor</span> 
     </span>
     <span class='ocr_line' id='line_1_21' title="bbox 133 2473 1665 2570; baseline -0.005 -15"><span class='ocrx_word' id='word_1_191' title='bbox 133 2500 268 2555; x_wconf 88' lang='lat' dir='ltr'>sticarum</span> <span class='ocrx_word' id='word_1_192' title='bbox 282 2495 412 2570; x_wconf 86' lang='lat' dir='ltr'>Speratio</span> <span class='ocrx_word' id='word_1_193' title='bbox 428 2499 457 2551; x_wconf 91' lang='lat' dir='ltr'>et</span> <span class='ocrx_word' id='word_1_194' title='bbox 477 2511 584 2566; x_wconf 86' lang='lat' dir='ltr'>magno</span> <span class='ocrx_word' id='word_1_195' title='bbox 598 2495 701 2550; x_wconf 90' lang='lat' dir='ltr'>comite</span> <span class='ocrx_word' id='word_1_196' title='bbox 723 2511 821 2550; x_wconf 90' lang='lat' dir='ltr'>rerum</span> <span class='ocrx_word' id='word_1_197' title='bbox 833 2473 990 2567; x_wconf 80' lang='lat' dir='ltr'>privata-B</span> <span class='ocrx_word' id='word_1_198' title='bbox 1001 2498 1136 2570; x_wconf 78' lang='lat' dir='ltr'>politanae</span> <span class='ocrx_word' id='word_1_199' title='bbox 1151 2496 1294 2568; x_wconf 89' lang='lat' dir='ltr'>quondam</span> <span class='ocrx_word' id='word_1_200' title='bbox 1308 2496 1473 2567; x_wconf 89' lang='lat' dir='ltr'>episcopum</span> <span class='ocrx_word' id='word_1_201' title='bbox 1486 2499 1627 2550; x_wconf 88' lang='lat' dir='ltr'>testantur</span> <span class='ocrx_word' id='word_1_202' title='bbox 1634 2492 1665 2549; x_wconf 88' lang='lat' dir='ltr'>lit</span> 
     </span>
     <span class='ocr_line' id='line_1_22' title="bbox 132 2586 1665 2662; baseline -0.005 -13"><span class='ocrx_word' id='word_1_203' title='bbox 132 2608 198 2648; x_wconf 89' lang='lat' dir='ltr'>rum</span> <span class='ocrx_word' id='word_1_204' title='bbox 211 2589 391 2656; x_wconf 88' lang='lat' dir='ltr'>Genetholio,</span> <span class='ocrx_word' id='word_1_205' title='bbox 406 2588 544 2662; x_wconf 90' lang='lat' dir='ltr'>appositis</span> <span class='ocrx_word' id='word_1_206' title='bbox 557 2587 642 2643; x_wconf 90' lang='lat' dir='ltr'>etiam</span> <span class='ocrx_word' id='word_1_207' title='bbox 659 2604 692 2642; x_wconf 84' lang='lat' dir='ltr'>ex</span> <span class='ocrx_word' id='word_1_208' title='bbox 706 2587 830 2660; x_wconf 88' lang='lat' dir='ltr'>glorioso</span> <span class='ocrx_word' id='word_1_209' title='bbox 839 2593 950 2656; x_wconf 87' lang='lat' dir='ltr'>senatu,</span> <span class='ocrx_word' id='word_1_210' title='bbox 1002 2589 1527 2654; x_wconf 81' lang='lat' dir='ltr'>onimadconllrmandamildem„non</span> <span class='ocrx_word' id='word_1_211' title='bbox 1537 2586 1665 2642; x_wconf 78' lang='lat' dir='ltr'>adcondc</span> 
     </span>
     <span class='ocr_line' id='line_1_23' title="bbox 132 2680 1665 2757; baseline -0.004 -16"><span class='ocrx_word' id='word_1_212' title='bbox 132 2687 161 2742; x_wconf 90' lang='lat' dir='ltr'>id</span> <span class='ocrx_word' id='word_1_213' title='bbox 174 2682 554 2755; x_wconf 85' lang='lat' dir='ltr'>est,maguificeutissimoet</span> <span class='ocrx_word' id='word_1_214' title='bbox 567 2680 769 2752; x_wconf 88' lang='lat' dir='ltr'>gloriosissimo</span> <span class='ocrx_word' id='word_1_215' title='bbox 781 2682 950 2752; x_wconf 76' lang='lat' dir='ltr'>expraefecto</span> <span class='ocrx_word' id='word_1_216' title='bbox 1002 2689 1091 2740; x_wconf 87' lang='lat' dir='ltr'>tutem</span> <span class='ocrx_word' id='word_1_217' title='bbox 1114 2685 1246 2757; x_wconf 86' lang='lat' dir='ltr'>exemplo</span> <span class='ocrx_word' id='word_1_218' title='bbox 1260 2683 1442 2754; x_wconf 90' lang='lat' dir='ltr'>imperatoris</span> <span class='ocrx_word' id='word_1_219' title='bbox 1460 2680 1637 2736; x_wconf 83' lang='lat' dir='ltr'>Constantini</span> <span class='ocrx_word' id='word_1_220' title='bbox 1660 2698 1665 2735; x_wconf 77' lang='grc' dir='ltr'>ι</span> 
     </span>
     <span class='ocr_line' id='line_1_24' title="bbox 132 2773 1665 2850; baseline -0.004 -17"><span class='ocrx_word' id='word_1_221' title='bbox 132 2777 258 2850; x_wconf 77' lang='lat' dir='ltr'>praetorii</span> <span class='ocrx_word' id='word_1_222' title='bbox 270 2777 362 2832; x_wconf 89' lang='lat' dir='ltr'>sexies</span> <span class='ocrx_word' id='word_1_223' title='bbox 377 2776 525 2831; x_wconf 82' lang='lat' dir='ltr'>exconsule</span> <span class='ocrx_word' id='word_1_224' title='bbox 542 2774 694 2843; x_wconf 89' lang='lat' dir='ltr'>ordinario,</span> <span class='ocrx_word' id='word_1_225' title='bbox 715 2777 744 2828; x_wconf 90' lang='lat' dir='ltr'>et</span> <span class='ocrx_word' id='word_1_226' title='bbox 757 2774 875 2845; x_wconf 89' lang='lat' dir='ltr'>patricio</span> <span class='ocrx_word' id='word_1_227' title='bbox 887 2775 950 2828; x_wconf 79' lang='lat' dir='ltr'>Flo·</span> <span class='ocrx_word' id='word_1_228' title='bbox 1001 2779 1076 2833; x_wconf 90' lang='lat' dir='ltr'>nodo</span> <span class='ocrx_word' id='word_1_229' title='bbox 1087 2777 1315 2849; x_wconf 81' lang='lat' dir='ltr'>excogitavimus,</span> <span class='ocrx_word' id='word_1_230' title='bbox 1336 2792 1373 2830; x_wconf 89' lang='lat' dir='ltr'>ue</span> <span class='ocrx_word' id='word_1_231' title='bbox 1387 2776 1418 2830; x_wconf 93' lang='lat' dir='ltr'>in</span> <span class='ocrx_word' id='word_1_232' title='bbox 1432 2779 1578 2846; x_wconf 87' lang='lat' dir='ltr'>posterum</span> <span class='ocrx_word' id='word_1_233' title='bbox 1593 2773 1665 2828; x_wconf 85' lang='lat' dir='ltr'>muli</span> 
     </span>
     <span class='ocr_line' id='line_1_25' title="bbox 132 2865 1665 2943; baseline -0.002 -18"><span class='ocrx_word' id='word_1_234' title='bbox 132 2870 226 2926; x_wconf 86' lang='lat' dir='ltr'>rentio</span> <span class='ocrx_word' id='word_1_235' title='bbox 240 2874 268 2924; x_wconf 87' lang='lat' dir='ltr'>et</span> <span class='ocrx_word' id='word_1_236' title='bbox 286 2867 569 2939; x_wconf 81' lang='lat' dir='ltr'>magnificentissimo</span> <span class='ocrx_word' id='word_1_237' title='bbox 589 2870 617 2921; x_wconf 91' lang='lat' dir='ltr'>et</span> <span class='ocrx_word' id='word_1_238' title='bbox 631 2865 834 2936; x_wconf 89' lang='lat' dir='ltr'>gloriosissimo</span> <span class='ocrx_word' id='word_1_239' title='bbox 851 2882 952 2923; x_wconf 90' lang='lat' dir='ltr'>excon·</span> <span class='ocrx_word' id='word_1_240' title='bbox 1001 2871 1061 2943; x_wconf 93' lang='lat' dir='ltr'>puli</span> <span class='ocrx_word' id='word_1_241' title='bbox 1075 2870 1301 2925; x_wconf 87' lang='lat' dir='ltr'>institutionibus</span> <span class='ocrx_word' id='word_1_242' title='bbox 1309 2868 1401 2939; x_wconf 88' lang='lat' dir='ltr'>pravis</span> <span class='ocrx_word' id='word_1_243' title='bbox 1412 2872 1532 2923; x_wconf 85' lang='lat' dir='ltr'>attracta</span> <span class='ocrx_word' id='word_1_244' title='bbox 1542 2866 1665 2922; x_wconf 85' lang='lat' dir='ltr'>inveniat</span> 
     </span>
     <span class='ocr_line' id='line_1_26' title="bbox 133 2958 1665 3044; baseline -0.002 -25"><span class='ocrx_word' id='word_1_245' title='bbox 133 2964 194 3019; x_wconf 88' lang='lat' dir='ltr'>sule</span> <span class='ocrx_word' id='word_1_246' title='bbox 207 2961 352 3018; x_wconf 86' lang='lat' dir='ltr'>ordinario</span> <span class='ocrx_word' id='word_1_247' title='bbox 365 2965 394 3015; x_wconf 87' lang='lat' dir='ltr'>et</span> <span class='ocrx_word' id='word_1_248' title='bbox 408 2958 528 3031; x_wconf 89' lang='lat' dir='ltr'>patricio</span> <span class='ocrx_word' id='word_1_249' title='bbox 541 2970 682 3026; x_wconf 88' lang='lat' dir='ltr'>senatore,</span> <span class='ocrx_word' id='word_1_250' title='bbox 695 2962 724 3013; x_wconf 89' lang='lat' dir='ltr'>et</span> <span class='ocrx_word' id='word_1_251' title='bbox 733 2959 953 3031; x_wconf 84' lang='lat' dir='ltr'>magnificentis-</span> <span class='ocrx_word' id='word_1_252' title='bbox 1001 2965 1085 3033; x_wconf 90' lang='lat' dir='ltr'>tiens,</span> <span class='ocrx_word' id='word_1_253' title='bbox 1098 2963 1181 3019; x_wconf 82' lang='lat' dir='ltr'>facile</span> <span class='ocrx_word' id='word_1_254' title='bbox 1189 2964 1266 3044; x_wconf 73' lang='lat' dir='ltr'>enim</span> <span class='ocrx_word' id='word_1_255' title='bbox 1275 2962 1441 3033; x_wconf 90' lang='lat' dir='ltr'>simplicitas</span> <span class='ocrx_word' id='word_1_256' title='bbox 1450 2959 1665 3033; x_wconf 89' lang='lat' dir='ltr'>quorumdamc</span> 
     </span>
     <span class='ocr_line' id='line_1_27' title="bbox 133 3051 1660 3127; baseline -0.004 -15"><span class='ocrx_word' id='word_1_257' title='bbox 133 3057 204 3112; x_wconf 91' lang='lat' dir='ltr'>simo</span> <span class='ocrx_word' id='word_1_258' title='bbox 224 3059 253 3110; x_wconf 89' lang='lat' dir='ltr'>et</span> <span class='ocrx_word' id='word_1_259' title='bbox 267 3052 471 3127; x_wconf 86' lang='lat' dir='ltr'>gloriosissimo</span> <span class='ocrx_word' id='word_1_260' title='bbox 484 3051 622 3122; x_wconf 89' lang='lat' dir='ltr'>magistro</span> <span class='ocrx_word' id='word_1_261' title='bbox 641 3051 790 3107; x_wconf 85' lang='lat' dir='ltr'>exconsule</span> <span class='ocrx_word' id='word_1_262' title='bbox 806 3052 952 3109; x_wconf 87' lang='lat' dir='ltr'>ordinario</span> <span class='ocrx_word' id='word_1_263' title='bbox 1001 3074 1050 3113; x_wconf 75' lang='lat' dir='ltr'>seu</span> <span class='ocrx_word' id='word_1_264' title='bbox 1065 3057 1149 3112; x_wconf 78' lang='lat' dir='ltr'>locuti</span> <span class='ocrx_word' id='word_1_265' title='bbox 1166 3074 1264 3111; x_wconf 76' lang='lat' dir='ltr'>sumus</span> <span class='ocrx_word' id='word_1_266' title='bbox 1278 3072 1367 3127; x_wconf 85' lang='lat' dir='ltr'>usque</span> <span class='ocrx_word' id='word_1_267' title='bbox 1391 3072 1466 3109; x_wconf 90' lang='lat' dir='ltr'>nunc</span> <span class='ocrx_word' id='word_1_268' title='bbox 1490 3055 1588 3109; x_wconf 87' lang='lat' dir='ltr'>delusa</span> <span class='ocrx_word' id='word_1_269' title='bbox 1606 3057 1660 3122; x_wconf 87' lang='lat' dir='ltr'>est,</span> 
     </span>
     <span class='ocr_line' id='line_1_28' title="bbox 131 3144 1665 3224; baseline -0.003 -18"><span class='ocrx_word' id='word_1_270' title='bbox 131 3149 252 3224; x_wconf 90' lang='lat' dir='ltr'>patricio</span> <span class='ocrx_word' id='word_1_271' title='bbox 263 3150 366 3213; x_wconf 83' lang='lat' dir='ltr'>Nemo,</span> <span class='ocrx_word' id='word_1_272' title='bbox 377 3144 961 3217; x_wconf 84' lang='lat' dir='ltr'>etmagnificentissimoetgloriosissimo</span> <span class='ocrx_word' id='word_1_273' title='bbox 1001 3150 1152 3206; x_wconf 81' lang='lat' dir='ltr'>manifeste</span> <span class='ocrx_word' id='word_1_274' title='bbox 1174 3151 1350 3206; x_wconf 85' lang='lat' dir='ltr'>diversorum</span> <span class='ocrx_word' id='word_1_275' title='bbox 1365 3149 1458 3220; x_wconf 86' lang='lat' dir='ltr'>pravis</span> <span class='ocrx_word' id='word_1_276' title='bbox 1476 3147 1612 3203; x_wconf 89' lang='lat' dir='ltr'>doctrinis</span> <span class='ocrx_word' id='word_1_277' title='bbox 1628 3147 1665 3203; x_wconf 78' lang='lat' dir='ltr'>dir</span> 
     </span>
     <span class='ocr_line' id='line_1_29' title="bbox 132 3237 1345 3315; baseline -0.004 -16"><span class='ocrx_word' id='word_1_278' title='bbox 132 3243 300 3315; x_wconf 79' lang='lat' dir='ltr'>expraeiecto</span> <span class='ocrx_word' id='word_1_279' title='bbox 315 3244 344 3295; x_wconf 92' lang='lat' dir='ltr'>et</span> <span class='ocrx_word' id='word_1_280' title='bbox 365 3237 515 3294; x_wconf 88' lang='lat' dir='ltr'>exconsule</span> <span class='ocrx_word' id='word_1_281' title='bbox 534 3237 678 3292; x_wconf 89' lang='lat' dir='ltr'>ordinario</span> <span class='ocrx_word' id='word_1_282' title='bbox 694 3241 724 3292; x_wconf 92' lang='lat' dir='ltr'>et</span> <span class='ocrx_word' id='word_1_283' title='bbox 743 3238 861 3309; x_wconf 88' lang='lat' dir='ltr'>patricio</span> <span class='ocrx_word' id='word_1_284' title='bbox 882 3240 949 3294; x_wconf 88' lang='lat' dir='ltr'>Pro·</span> <span class='ocrx_word' id='word_1_285' title='bbox 1001 3244 1123 3299; x_wconf 65' lang='lat' dir='ltr'>hareses</span> <span class='ocrx_word' id='word_1_286' title='bbox 1136 3246 1255 3299; x_wconf 77' lang='lat' dir='ltr'>ostensos</span> <span class='ocrx_word' id='word_1_287' title='bbox 1270 3248 1345 3298; x_wconf 73' lang='lat' dir='ltr'>scrut.</span> 
     </span>
     <span class='ocr_line' id='line_1_30' title="bbox 130 3330 1665 3410; baseline 0.001 -18"><span class='ocrx_word' id='word_1_288' title='bbox 130 3335 256 3409; x_wconf 83' lang='lat' dir='ltr'>tagenio,</span> <span class='ocrx_word' id='word_1_289' title='bbox 271 3338 300 3389; x_wconf 91' lang='lat' dir='ltr'>et</span> <span class='ocrx_word' id='word_1_290' title='bbox 314 3330 601 3406; x_wconf 82' lang='lat' dir='ltr'>magnificentissimo</span> <span class='ocrx_word' id='word_1_291' title='bbox 621 3334 650 3385; x_wconf 86' lang='lat' dir='ltr'>et</span> <span class='ocrx_word' id='word_1_292' title='bbox 667 3330 869 3403; x_wconf 90' lang='lat' dir='ltr'>gloriosissimo</span> <span class='ocrx_word' id='word_1_293' title='bbox 887 3349 949 3388; x_wconf 90' lang='lat' dir='ltr'>ma·</span> <span class='ocrx_word' id='word_1_294' title='bbox 1037 3336 1100 3410; x_wconf 86' lang='lat'>72</span> <span class='ocrx_word' id='word_1_295' title='bbox 1118 3337 1205 3392; x_wconf 87' lang='lat' dir='ltr'>Nobis</span> <span class='ocrx_word' id='word_1_296' title='bbox 1218 3339 1313 3392; x_wconf 85' lang='lat' dir='ltr'>autem</span> <span class='ocrx_word' id='word_1_297' title='bbox 1322 3353 1406 3391; x_wconf 90' lang='lat' dir='ltr'>omne</span> <span class='ocrx_word' id='word_1_298' title='bbox 1419 3335 1543 3391; x_wconf 89' lang='lat' dir='ltr'>studium</span> <span class='ocrx_word' id='word_1_299' title='bbox 1553 3333 1665 3393; x_wconf 78' lang='lat' dir='ltr'>adhibe</span> 
     </span>
     <span class='ocr_line' id='line_1_31' title="bbox 132 3425 1665 3503; baseline -0.002 -18"><span class='ocrx_word' id='word_1_300' title='bbox 132 3430 221 3503; x_wconf 88' lang='lat' dir='ltr'>gistro</span> <span class='ocrx_word' id='word_1_301' title='bbox 240 3427 408 3500; x_wconf 80' lang='lat' dir='ltr'>expraefecto</span> <span class='ocrx_word' id='word_1_302' title='bbox 427 3425 515 3493; x_wconf 89' lang='lat' dir='ltr'>Zoilo,</span> <span class='ocrx_word' id='word_1_303' title='bbox 540 3428 569 3480; x_wconf 93' lang='lat' dir='ltr'>et</span> <span class='ocrx_word' id='word_1_304' title='bbox 583 3439 689 3496; x_wconf 87' lang='lat' dir='ltr'>magno</span> <span class='ocrx_word' id='word_1_305' title='bbox 708 3427 736 3480; x_wconf 87' lang='lat' dir='ltr'>et</span> <span class='ocrx_word' id='word_1_306' title='bbox 758 3425 884 3496; x_wconf 89' lang='lat' dir='ltr'>glorioso</span> <span class='ocrx_word' id='word_1_307' title='bbox 900 3443 949 3483; x_wconf 85' lang='lat' dir='ltr'>ox·</span> <span class='ocrx_word' id='word_1_308' title='bbox 999 3436 1032 3486; x_wconf 89' lang='lat' dir='ltr'>ut</span> <span class='ocrx_word' id='word_1_309' title='bbox 1052 3430 1190 3502; x_wconf 90' lang='lat' dir='ltr'>populum</span> <span class='ocrx_word' id='word_1_310' title='bbox 1206 3433 1323 3501; x_wconf 90' lang='lat' dir='ltr'>propter</span> <span class='ocrx_word' id='word_1_311' title='bbox 1341 3427 1437 3484; x_wconf 74' lang='lat' dir='ltr'>veram</span> <span class='ocrx_word' id='word_1_312' title='bbox 1450 3432 1665 3499; x_wconf 74' lang='lat' dir='ltr'>sanctamque-s</span> 
     </span>
     <span class='ocr_line' id='line_1_32' title="bbox 129 3516 1665 3597; baseline -0.001 -20"><span class='ocrx_word' id='word_1_313' title='bbox 129 3522 265 3596; x_wconf 76' lang='lat' dir='ltr'>prefecto</span> <span class='ocrx_word' id='word_1_314' title='bbox 281 3520 361 3575; x_wconf 84' lang='lat' dir='ltr'>urbis</span> <span class='ocrx_word' id='word_1_315' title='bbox 381 3517 540 3591; x_wconf 80' lang='lat' dir='ltr'>Apollonio,</span> <span class='ocrx_word' id='word_1_316' title='bbox 556 3520 585 3573; x_wconf 90' lang='lat' dir='ltr'>et</span> <span class='ocrx_word' id='word_1_317' title='bbox 606 3516 888 3590; x_wconf 81' lang='lat' dir='ltr'>magnificentissimo</span> <span class='ocrx_word' id='word_1_318' title='bbox 906 3536 951 3575; x_wconf 89' lang='lat' dir='ltr'>ex·</span> <span class='ocrx_word' id='word_1_319' title='bbox 1000 3525 1124 3597; x_wconf 89' lang='lat' dir='ltr'>idipsum</span> <span class='ocrx_word' id='word_1_320' title='bbox 1140 3523 1309 3579; x_wconf 87' lang='lat' dir='ltr'>sentientem</span> <span class='ocrx_word' id='word_1_321' title='bbox 1318 3523 1367 3578; x_wconf 92' lang='lat' dir='ltr'>uni</span> <span class='ocrx_word' id='word_1_322' title='bbox 1382 3526 1466 3578; x_wconf 78' lang='lat' dir='ltr'>rectae</span> <span class='ocrx_word' id='word_1_323' title='bbox 1481 3522 1624 3593; x_wconf 88' lang='lat' dir='ltr'>applicare</span> <span class='ocrx_word' id='word_1_324' title='bbox 1635 3522 1665 3577; x_wconf 84' lang='lat' dir='ltr'>E(</span> 
     </span>
     <span class='ocr_line' id='line_1_33' title="bbox 130 3611 1665 3688; baseline 0 -18"><span class='ocrx_word' id='word_1_325' title='bbox 130 3615 286 3688; x_wconf 74' lang='lat' dir='ltr'>praeposito</span> <span class='ocrx_word' id='word_1_326' title='bbox 298 3613 377 3668; x_wconf 88' lang='lat' dir='ltr'>urbis</span> <span class='ocrx_word' id='word_1_327' title='bbox 391 3614 551 3680; x_wconf 80' lang='lat' dir='ltr'>Artaxerse,</span> <span class='ocrx_word' id='word_1_328' title='bbox 568 3611 686 3667; x_wconf 89' lang='lat' dir='ltr'>concilio</span> <span class='ocrx_word' id='word_1_329' title='bbox 699 3615 796 3667; x_wconf 84' lang='lat' dir='ltr'>autem</span> <span class='ocrx_word' id='word_1_330' title='bbox 808 3613 893 3668; x_wconf 88' lang='lat' dir='ltr'>totius</span> <span class='ocrx_word' id='word_1_331' title='bbox 907 3629 950 3668; x_wconf 91' lang='lat' dir='ltr'>or·</span> <span class='ocrx_word' id='word_1_332' title='bbox 1000 3617 1064 3672; x_wconf 91' lang='lat' dir='ltr'>ideo</span> <span class='ocrx_word' id='word_1_333' title='bbox 1076 3634 1173 3674; x_wconf 87' lang='lat' dir='ltr'>veram</span> <span class='ocrx_word' id='word_1_334' title='bbox 1183 3617 1270 3672; x_wconf 85' lang='lat' dir='ltr'>fidem</span> <span class='ocrx_word' id='word_1_335' title='bbox 1280 3617 1505 3687; x_wconf 88' lang='lat' dir='ltr'>catholicamque</span> <span class='ocrx_word' id='word_1_336' title='bbox 1517 3614 1604 3670; x_wconf 90' lang='lat' dir='ltr'>etiam</span> <span class='ocrx_word' id='word_1_337' title='bbox 1617 3630 1665 3686; x_wconf 73' lang='lat' dir='ltr'>exp</span> 
     </span>
     <span class='ocr_line' id='line_1_34' title="bbox 131 3704 1665 3779; baseline -0.001 -15"><span class='ocrx_word' id='word_1_338' title='bbox 131 3710 175 3764; x_wconf 92' lang='lat' dir='ltr'>bis</span> <span class='ocrx_word' id='word_1_339' title='bbox 185 3707 341 3764; x_wconf 89' lang='lat' dir='ltr'>secundnm</span> <span class='ocrx_word' id='word_1_340' title='bbox 349 3705 478 3761; x_wconf 83' lang='lat' dir='ltr'>divinum</span> <span class='ocrx_word' id='word_1_341' title='bbox 493 3708 670 3779; x_wconf 73' lang='lat' dir='ltr'>precaeptum</span> <span class='ocrx_word' id='word_1_342' title='bbox 682 3704 713 3759; x_wconf 88' lang='lat' dir='ltr'>iu</span> <span class='ocrx_word' id='word_1_343' title='bbox 727 3705 904 3761; x_wconf 86' lang='lat' dir='ltr'>Chalcedona</span> <span class='ocrx_word' id='word_1_344' title='bbox 913 3707 950 3762; x_wconf 89' lang='lat' dir='ltr'>ci·</span> <span class='ocrx_word' id='word_1_345' title='bbox 1000 3711 1125 3766; x_wconf 90' lang='lat' dir='ltr'>cundum</span> <span class='ocrx_word' id='word_1_346' title='bbox 1140 3712 1254 3765; x_wconf 84' lang='lat' dir='ltr'>Petrum</span> <span class='ocrx_word' id='word_1_347' title='bbox 1270 3709 1448 3773; x_wconf 78' lang='lat' dir='ltr'>doctrinam,</span> <span class='ocrx_word' id='word_1_348' title='bbox 1467 3707 1665 3763; x_wconf 87' lang='lat' dir='ltr'>concordantib</span> 
     </span>
     <span class='ocr_line' id='line_1_35' title="bbox 131 3798 1664 3874; baseline 0 -19"><span class='ocrx_word' id='word_1_349' title='bbox 131 3803 216 3860; x_wconf 89' lang='lat' dir='ltr'>vitate</span> <span class='ocrx_word' id='word_1_350' title='bbox 234 3803 421 3874; x_wconf 88' lang='lat' dir='ltr'>congregato,</span> <span class='ocrx_word' id='word_1_351' title='bbox 442 3799 545 3868; x_wconf 89' lang='lat' dir='ltr'>idest,</span> <span class='ocrx_word' id='word_1_352' title='bbox 569 3798 739 3854; x_wconf 84' lang='lat' dir='ltr'>Paschasino</span> <span class='ocrx_word' id='word_1_353' title='bbox 762 3801 792 3855; x_wconf 89' lang='lat' dir='ltr'>et</span> <span class='ocrx_word' id='word_1_354' title='bbox 813 3800 949 3856; x_wconf 83' lang='lat' dir='ltr'>Lucontio</span> <span class='ocrx_word' id='word_1_355' title='bbox 1000 3803 1110 3872; x_wconf 85' lang='lat' dir='ltr'>vestris,</span> <span class='ocrx_word' id='word_1_356' title='bbox 1129 3807 1223 3859; x_wconf 89' lang='lat' dir='ltr'>vestra</span> <span class='ocrx_word' id='word_1_357' title='bbox 1242 3807 1374 3874; x_wconf 87' lang='lat' dir='ltr'>properet</span> <span class='ocrx_word' id='word_1_358' title='bbox 1395 3801 1562 3867; x_wconf 86' lang='lat' dir='ltr'>reverentia,</span> <span class='ocrx_word' id='word_1_359' title='bbox 1591 3803 1625 3855; x_wconf 85' lang='lat' dir='ltr'>nt</span> <span class='ocrx_word' id='word_1_360' title='bbox 1644 3816 1664 3872; x_wconf 88' lang='lat' dir='ltr'>q</span> 
     </span>
     <span class='ocr_line' id='line_1_36' title="bbox 131 3893 1665 3968; baseline -0.003 -16"><span class='ocrx_word' id='word_1_361' title='bbox 131 3895 279 3968; x_wconf 87' lang='lat' dir='ltr'>episcopis,</span> <span class='ocrx_word' id='word_1_362' title='bbox 299 3898 329 3951; x_wconf 90' lang='lat' dir='ltr'>et</span> <span class='ocrx_word' id='word_1_363' title='bbox 348 3893 490 3949; x_wconf 81' lang='lat' dir='ltr'>bonifacio</span> <span class='ocrx_word' id='word_1_364' title='bbox 514 3893 691 3965; x_wconf 88' lang='lat' dir='ltr'>presbytero,</span> <span class='ocrx_word' id='word_1_365' title='bbox 719 3893 951 3949; x_wconf 83' lang='lat' dir='ltr'>convenientibus</span> <span class='ocrx_word' id='word_1_366' title='bbox 1000 3898 1115 3951; x_wconf 82' lang='lat' dir='ltr'>Nicaena</span> <span class='ocrx_word' id='word_1_367' title='bbox 1129 3897 1235 3967; x_wconf 84' lang='lat' dir='ltr'>synodo</span> <span class='ocrx_word' id='word_1_368' title='bbox 1249 3912 1339 3968; x_wconf 91' lang='lat' dir='ltr'>usque</span> <span class='ocrx_word' id='word_1_369' title='bbox 1358 3895 1387 3950; x_wconf 92' lang='lat' dir='ltr'>in</span> <span class='ocrx_word' id='word_1_370' title='bbox 1400 3897 1453 3951; x_wconf 89' lang='lat' dir='ltr'>hoc</span> <span class='ocrx_word' id='word_1_371' title='bbox 1471 3899 1610 3965; x_wconf 85' lang='lat' dir='ltr'>tempure,</span> <span class='ocrx_word' id='word_1_372' title='bbox 1632 3893 1665 3948; x_wconf 87' lang='lat' dir='ltr'>ab</span> 
     </span>
     <span class='ocr_line' id='line_1_37' title="bbox 131 3986 1665 4062; baseline -0.004 -17"><span class='ocrx_word' id='word_1_373' title='bbox 131 3989 232 4062; x_wconf 86' lang='lat' dir='ltr'>legatis</span> <span class='ocrx_word' id='word_1_374' title='bbox 254 3986 425 4043; x_wconf 79' lang='lat' dir='ltr'>venerabilis</span> <span class='ocrx_word' id='word_1_375' title='bbox 438 3989 467 4041; x_wconf 85' lang='lat' dir='ltr'>et</span> <span class='ocrx_word' id='word_1_376' title='bbox 489 3987 581 4041; x_wconf 85' lang='lat' dir='ltr'>sancti</span> <span class='ocrx_word' id='word_1_377' title='bbox 601 3986 806 4059; x_wconf 86' lang='lat' dir='ltr'>archiepiscopi</span> <span class='ocrx_word' id='word_1_378' title='bbox 825 3988 951 4057; x_wconf 81' lang='lat' dir='ltr'>antiquae</span> <span class='ocrx_word' id='word_1_379' title='bbox 1000 4006 1077 4057; x_wconf 87' lang='lat' dir='ltr'>roro,</span> <span class='ocrx_word' id='word_1_380' title='bbox 1089 4005 1155 4043; x_wconf 88' lang='lat' dir='ltr'>vera</span> <span class='ocrx_word' id='word_1_381' title='bbox 1168 3989 1238 4044; x_wconf 85' lang='lat' dir='ltr'>fides</span> <span class='ocrx_word' id='word_1_382' title='bbox 1251 3993 1294 4044; x_wconf 89' lang='lat' dir='ltr'>est</span> <span class='ocrx_word' id='word_1_383' title='bbox 1315 3988 1479 4044; x_wconf 90' lang='lat' dir='ltr'>huminibus</span> <span class='ocrx_word' id='word_1_384' title='bbox 1496 3987 1620 4059; x_wconf 90' lang='lat' dir='ltr'>cognita,</span> <span class='ocrx_word' id='word_1_385' title='bbox 1636 3987 1665 4041; x_wconf 71' lang='grc'>010</span> 
     </span>
     <span class='ocr_line' id='line_1_38' title="bbox 130 4078 1664 4154; baseline -0.003 -16"><span class='ocrx_word' id='word_1_386' title='bbox 130 4084 230 4138; x_wconf 83' lang='lat' dir='ltr'>Romae</span> <span class='ocrx_word' id='word_1_387' title='bbox 244 4078 357 4148; x_wconf 83' lang='lat' dir='ltr'>Leonis,</span> <span class='ocrx_word' id='word_1_388' title='bbox 372 4078 559 4134; x_wconf 85' lang='lat' dir='ltr'>conveniente</span> <span class='ocrx_word' id='word_1_389' title='bbox 582 4082 610 4132; x_wconf 90' lang='lat' dir='ltr'>et</span> <span class='ocrx_word' id='word_1_390' title='bbox 630 4082 724 4133; x_wconf 86' lang='lat' dir='ltr'>sancto</span> <span class='ocrx_word' id='word_1_391' title='bbox 744 4079 894 4133; x_wconf 82' lang='lat' dir='ltr'>Anatholis</span> <span class='ocrx_word' id='word_1_392' title='bbox 908 4096 951 4133; x_wconf 88' lang='lat' dir='ltr'>ar·</span> <span class='ocrx_word' id='word_1_393' title='bbox 1000 4082 1134 4153; x_wconf 88' lang='lat' dir='ltr'>perhanc</span> <span class='ocrx_word' id='word_1_394' title='bbox 1147 4087 1270 4137; x_wconf 86' lang='lat' dir='ltr'>sanctam</span> <span class='ocrx_word' id='word_1_395' title='bbox 1284 4082 1423 4154; x_wconf 83' lang='lat' dir='ltr'>synodum</span> <span class='ocrx_word' id='word_1_396' title='bbox 1442 4082 1568 4152; x_wconf 87' lang='lat' dir='ltr'>deposita</span> <span class='ocrx_word' id='word_1_397' title='bbox 1586 4080 1664 4134; x_wconf 90' lang='lat' dir='ltr'>nebu</span> 
     </span>
     <span class='ocr_line' id='line_1_39' title="bbox 131 4170 1665 4247; baseline 0.001 -19"><span class='ocrx_word' id='word_1_398' title='bbox 131 4173 311 4244; x_wconf 87' lang='lat' dir='ltr'>chiepiscopo</span> <span class='ocrx_word' id='word_1_399' title='bbox 329 4170 611 4241; x_wconf 81' lang='lat' dir='ltr'>magnificentissimo</span> <span class='ocrx_word' id='word_1_400' title='bbox 640 4174 667 4226; x_wconf 89' lang='grc'>01</span> <span class='ocrx_word' id='word_1_401' title='bbox 692 4171 950 4244; x_wconf 88' lang='lat' dir='ltr'>Constantinopoli·</span> <span class='ocrx_word' id='word_1_402' title='bbox 999 4176 1041 4230; x_wconf 87' lang='grc'>010</span> <span class='ocrx_word' id='word_1_403' title='bbox 1055 4174 1152 4247; x_wconf 90' lang='lat' dir='ltr'>paucis</span> <span class='ocrx_word' id='word_1_404' title='bbox 1166 4175 1257 4242; x_wconf 87' lang='lat' dir='ltr'>annis,</span> <span class='ocrx_word' id='word_1_405' title='bbox 1280 4181 1313 4230; x_wconf 91' lang='lat' dir='ltr'>ut</span> <span class='ocrx_word' id='word_1_406' title='bbox 1334 4175 1463 4247; x_wconf 89' lang='lat' dir='ltr'>superius</span> <span class='ocrx_word' id='word_1_407' title='bbox 1484 4174 1616 4242; x_wconf 91' lang='lat' dir='ltr'>diximus,</span> <span class='ocrx_word' id='word_1_408' title='bbox 1630 4190 1665 4229; x_wconf 90' lang='lat' dir='ltr'>ex</span> 
     </span>
     <span class='ocr_line' id='line_1_40' title="bbox 130 4263 1665 4339; baseline 0.001 -19"><span class='ocrx_word' id='word_1_409' title='bbox 130 4270 200 4321; x_wconf 87' lang='lat' dir='ltr'>tanc</span> <span class='ocrx_word' id='word_1_410' title='bbox 213 4281 293 4319; x_wconf 83' lang='lat' dir='ltr'>novae</span> <span class='ocrx_word' id='word_1_411' title='bbox 306 4264 413 4330; x_wconf 81' lang='lat' dir='ltr'>llomoe,</span> <span class='ocrx_word' id='word_1_412' title='bbox 436 4269 465 4318; x_wconf 86' lang='grc'>01</span> <span class='ocrx_word' id='word_1_413' title='bbox 483 4263 597 4334; x_wconf 86' lang='lat' dir='ltr'>reliquis</span> <span class='ocrx_word' id='word_1_414' title='bbox 615 4263 806 4332; x_wconf 84' lang='lat' dir='ltr'>sanctissimis,</span> <span class='ocrx_word' id='word_1_415' title='bbox 829 4269 858 4320; x_wconf 90' lang='lat' dir='ltr'>et</span> <span class='ocrx_word' id='word_1_416' title='bbox 870 4280 949 4320; x_wconf 85' lang='lat' dir='ltr'>reve·</span> <span class='ocrx_word' id='word_1_417' title='bbox 1001 4271 1029 4324; x_wconf 91' lang='lat' dir='ltr'>et</span> <span class='ocrx_word' id='word_1_418' title='bbox 1043 4268 1160 4324; x_wconf 85' lang='lat' dir='ltr'>avaritia</span> <span class='ocrx_word' id='word_1_419' title='bbox 1171 4269 1362 4339; x_wconf 88' lang='lat' dir='ltr'>quorumdam</span> <span class='ocrx_word' id='word_1_420' title='bbox 1383 4269 1441 4323; x_wconf 85' lang='lat' dir='ltr'>visa</span> <span class='ocrx_word' id='word_1_421' title='bbox 1453 4273 1496 4322; x_wconf 88' lang='grc'>001</span> <span class='ocrx_word' id='word_1_422' title='bbox 1506 4267 1620 4333; x_wconf 82' lang='lat' dir='ltr'>exoriri,</span> <span class='ocrx_word' id='word_1_423' title='bbox 1635 4283 1665 4321; x_wconf 91' lang='lat' dir='ltr'>se</span> 
     </span>
     <span class='ocr_line' id='line_1_41' title="bbox 131 4354 1665 4435; baseline 0.001 -21"><span class='ocrx_word' id='word_1_424' title='bbox 131 4357 305 4414; x_wconf 86' lang='lat' dir='ltr'>rendissimis</span> <span class='ocrx_word' id='word_1_425' title='bbox 320 4355 461 4411; x_wconf 84' lang='lat' dir='ltr'>sexcentis</span> <span class='ocrx_word' id='word_1_426' title='bbox 472 4354 592 4426; x_wconf 89' lang='lat' dir='ltr'>triginta</span> <span class='ocrx_word' id='word_1_427' title='bbox 604 4356 753 4428; x_wconf 87' lang='lat' dir='ltr'>episcopis.</span> <span class='ocrx_word' id='word_1_428' title='bbox 1000 4366 1101 4418; x_wconf 86' lang='lat' dir='ltr'>ventur</span> <span class='ocrx_word' id='word_1_429' title='bbox 1113 4378 1178 4435; x_wconf 75' lang='lat' dir='ltr'>quse</span> <span class='ocrx_word' id='word_1_430' title='bbox 1190 4365 1296 4417; x_wconf 89' lang='lat' dir='ltr'>statuta</span> <span class='ocrx_word' id='word_1_431' title='bbox 1308 4367 1383 4417; x_wconf 91' lang='lat' dir='ltr'>sunt.</span> <span class='ocrx_word' id='word_1_432' title='bbox 1397 4362 1457 4416; x_wconf 87' lang='lat' dir='ltr'>Erit</span> <span class='ocrx_word' id='word_1_433' title='bbox 1468 4361 1587 4433; x_wconf 84' lang='lat' dir='ltr'>quidem</span> <span class='ocrx_word' id='word_1_434' title='bbox 1606 4360 1665 4415; x_wconf 77' lang='lat' dir='ltr'>disi</span> 
     </span>
    </p>

    <p class='ocr_par' dir='ltr' id='par_1_6' title="bbox 119 4449 1665 5839">
     <span class='ocr_line' id='line_1_42' title="bbox 166 4449 1665 4528; baseline -0.002 -20"><span class='ocrx_word' id='word_1_435' title='bbox 166 4453 235 4508; x_wconf 85' lang='lat' dir='ltr'>Ecce</span> <span class='ocrx_word' id='word_1_436' title='bbox 250 4449 467 4507; x_wconf 84' lang='lat' dir='ltr'>advenientibus</span> <span class='ocrx_word' id='word_1_437' title='bbox 486 4449 620 4505; x_wconf 89' lang='lat' dir='ltr'>omuibus</span> <span class='ocrx_word' id='word_1_438' title='bbox 634 4453 700 4506; x_wconf 85' lang='lat' dir='ltr'>aute</span> <span class='ocrx_word' id='word_1_439' title='bbox 714 4452 951 4508; x_wconf 86' lang='lat' dir='ltr'>cancellossancti</span> <span class='ocrx_word' id='word_1_440' title='bbox 1000 4455 1105 4511; x_wconf 87' lang='lat' dir='ltr'>dentiae</span> <span class='ocrx_word' id='word_1_441' title='bbox 1117 4456 1193 4528; x_wconf 90' lang='lat' dir='ltr'>qnod</span> <span class='ocrx_word' id='word_1_442' title='bbox 1205 4456 1250 4526; x_wconf 90' lang='lat' dir='ltr'>pie</span> <span class='ocrx_word' id='word_1_443' title='bbox 1263 4456 1325 4510; x_wconf 86' lang='lat' dir='ltr'>lieri</span> <span class='ocrx_word' id='word_1_444' title='bbox 1337 4457 1466 4510; x_wconf 84' lang='lat' dir='ltr'>volumus</span> <span class='ocrx_word' id='word_1_445' title='bbox 1480 4455 1509 4508; x_wconf 89' lang='lat' dir='ltr'>in</span> <span class='ocrx_word' id='word_1_446' title='bbox 1524 4454 1665 4509; x_wconf 72' lang='lat' dir='ltr'>securata</span> 
     </span>
     <span class='ocr_line' id='line_1_43' title="bbox 130 4543 1665 4621; baseline 0 -19"><span class='ocrx_word' id='word_1_447' title='bbox 130 4546 226 4602; x_wconf 85' lang='lat' dir='ltr'>altaris</span> <span class='ocrx_word' id='word_1_448' title='bbox 251 4562 318 4601; x_wconf 90' lang='lat' dir='ltr'>cum</span> <span class='ocrx_word' id='word_1_449' title='bbox 344 4543 626 4615; x_wconf 79' lang='lat' dir='ltr'>magnificentissimo</span> <span class='ocrx_word' id='word_1_450' title='bbox 653 4548 682 4600; x_wconf 91' lang='lat' dir='ltr'>et</span> <span class='ocrx_word' id='word_1_451' title='bbox 709 4545 810 4602; x_wconf 90' lang='lat' dir='ltr'>eximio</span> <span class='ocrx_word' id='word_1_452' title='bbox 838 4549 949 4614; x_wconf 83' lang='lat' dir='ltr'>senatu,</span> <span class='ocrx_word' id='word_1_453' title='bbox 1000 4566 1064 4605; x_wconf 87' lang='lat' dir='ltr'>vare</span> <span class='ocrx_word' id='word_1_454' title='bbox 1079 4549 1250 4604; x_wconf 82' lang='lat' dir='ltr'>firmissime.</span> <span class='ocrx_word' id='word_1_455' title='bbox 1272 4551 1306 4604; x_wconf 81' lang='lat' dir='ltr'>nt</span> <span class='ocrx_word' id='word_1_456' title='bbox 1326 4553 1390 4621; x_wconf 90' lang='lat' dir='ltr'>post</span> <span class='ocrx_word' id='word_1_457' title='bbox 1414 4548 1490 4619; x_wconf 87' lang='lat' dir='ltr'>regis</span> <span class='ocrx_word' id='word_1_458' title='bbox 1518 4548 1578 4602; x_wconf 75' lang='lat' dir='ltr'>huc</span> <span class='ocrx_word' id='word_1_459' title='bbox 1600 4546 1665 4602; x_wconf 81' lang='lat' dir='ltr'>verb</span> 
     </span>
     <span class='ocr_line' id='line_1_44' title="bbox 129 4637 1665 4714; baseline 0 -20"><span class='ocrx_word' id='word_1_460' title='bbox 129 4639 298 4696; x_wconf 88' lang='lat' dir='ltr'>adveniente</span> <span class='ocrx_word' id='word_1_461' title='bbox 318 4637 405 4694; x_wconf 87' lang='lat' dir='ltr'>etiam</span> <span class='ocrx_word' id='word_1_462' title='bbox 424 4637 551 4708; x_wconf 86' lang='lat' dir='ltr'>piissimo</span> <span class='ocrx_word' id='word_1_463' title='bbox 570 4638 742 4709; x_wconf 84' lang='lat' dir='ltr'>imperatore</span> <span class='ocrx_word' id='word_1_464' title='bbox 763 4640 896 4695; x_wconf 83' lang='lat' dir='ltr'>llartiano</span> <span class='ocrx_word' id='word_1_465' title='bbox 920 4640 950 4695; x_wconf 90' lang='lat' dir='ltr'>iu</span> <span class='ocrx_word' id='word_1_466' title='bbox 1000 4643 1124 4714; x_wconf 90' lang='lat' dir='ltr'>episcopi</span> <span class='ocrx_word' id='word_1_467' title='bbox 1139 4643 1342 4699; x_wconf 82' lang='lat' dir='ltr'>clamaverunt.</span> <span class='ocrx_word' id='word_1_468' title='bbox 1361 4642 1495 4697; x_wconf 84' lang='lat' dir='ltr'>Martiano</span> <span class='ocrx_word' id='word_1_469' title='bbox 1512 4657 1587 4696; x_wconf 87' lang='lat' dir='ltr'>novo</span> <span class='ocrx_word' id='word_1_470' title='bbox 1609 4640 1665 4697; x_wconf 92' lang='lat' dir='ltr'>Con</span> 
     </span>
     <span class='ocr_line' id='line_1_45' title="bbox 130 4730 1665 4806; baseline 0.002 -18"><span class='ocrx_word' id='word_1_471' title='bbox 130 4732 292 4805; x_wconf 84' lang='lat' dir='ltr'>supradicta</span> <span class='ocrx_word' id='word_1_472' title='bbox 303 4731 482 4787; x_wconf 88' lang='lat' dir='ltr'>sanctissima</span> <span class='ocrx_word' id='word_1_473' title='bbox 491 4730 616 4787; x_wconf 85' lang='lat' dir='ltr'>basilica.</span> <span class='ocrx_word' id='word_1_474' title='bbox 630 4733 777 4788; x_wconf 70' lang='lat' dir='ltr'>Poeante</span> <span class='ocrx_word' id='word_1_475' title='bbox 786 4733 873 4789; x_wconf 90' lang='lat' dir='ltr'>etiam</span> <span class='ocrx_word' id='word_1_476' title='bbox 889 4735 948 4789; x_wconf 86' lang='lat' dir='ltr'>zelo</span> <span class='ocrx_word' id='word_1_477' title='bbox 998 4736 1077 4791; x_wconf 82' lang='lat' dir='ltr'>nolti</span> <span class='ocrx_word' id='word_1_478' title='bbox 1089 4736 1157 4790; x_wconf 89' lang='lat' dir='ltr'>anni</span> <span class='ocrx_word' id='word_1_479' title='bbox 1172 4736 1243 4806; x_wconf 89' lang='lat' dir='ltr'>regi,</span> <span class='ocrx_word' id='word_1_480' title='bbox 1258 4736 1334 4791; x_wconf 83' lang='lat' dir='ltr'>Multi</span> <span class='ocrx_word' id='word_1_481' title='bbox 1345 4736 1411 4790; x_wconf 90' lang='lat' dir='ltr'>anni</span> <span class='ocrx_word' id='word_1_482' title='bbox 1426 4734 1665 4805; x_wconf 78' lang='lat' dir='ltr'>reginae-Orthod</span> 
     </span>
     <span class='ocr_line' id='line_1_46' title="bbox 129 4823 1665 4899; baseline 0 -17"><span class='ocrx_word' id='word_1_483' title='bbox 129 4826 224 4882; x_wconf 81' lang='lat' dir='ltr'>divino</span> <span class='ocrx_word' id='word_1_484' title='bbox 239 4826 332 4882; x_wconf 83' lang='lat' dir='ltr'>calore</span> <span class='ocrx_word' id='word_1_485' title='bbox 346 4823 415 4879; x_wconf 86' lang='lat' dir='ltr'>ildei</span> <span class='ocrx_word' id='word_1_486' title='bbox 428 4840 548 4881; x_wconf 86' lang='lat' dir='ltr'>accensa</span> <span class='ocrx_word' id='word_1_487' title='bbox 559 4825 684 4898; x_wconf 87' lang='lat' dir='ltr'>piissima</span> <span class='ocrx_word' id='word_1_488' title='bbox 698 4829 727 4881; x_wconf 88' lang='lat' dir='ltr'>et</span> <span class='ocrx_word' id='word_1_489' title='bbox 736 4827 898 4882; x_wconf 83' lang='lat' dir='ltr'>fidelissima</span> <span class='ocrx_word' id='word_1_490' title='bbox 906 4845 949 4882; x_wconf 87' lang='lat' dir='ltr'>re·</span> <span class='ocrx_word' id='word_1_491' title='bbox 999 4830 1077 4886; x_wconf 88' lang='lat' dir='ltr'>anni.</span> <span class='ocrx_word' id='word_1_492' title='bbox 1099 4829 1227 4884; x_wconf 81' lang='lat' dir='ltr'>Martiani</span> <span class='ocrx_word' id='word_1_493' title='bbox 1244 4830 1377 4885; x_wconf 88' lang='lat' dir='ltr'>amatoris</span> <span class='ocrx_word' id='word_1_494' title='bbox 1399 4830 1500 4884; x_wconf 83' lang='lat' dir='ltr'>Christi</span> <span class='ocrx_word' id='word_1_495' title='bbox 1522 4844 1645 4899; x_wconf 90' lang='lat' dir='ltr'>regnum</span> <span class='ocrx_word' id='word_1_496' title='bbox 1662 4845 1665 4882; x_wconf 80' lang='lat'>1</span> 
     </span>
     <span class='ocr_line' id='line_1_47' title="bbox 129 4917 1664 4995; baseline 0.001 -20"><span class='ocrx_word' id='word_1_497' title='bbox 129 4919 206 4991; x_wconf 87' lang='lat' dir='ltr'>gina,</span> <span class='ocrx_word' id='word_1_498' title='bbox 221 4921 347 4990; x_wconf 80' lang='lat' dir='ltr'>Augusta</span> <span class='ocrx_word' id='word_1_499' title='bbox 360 4917 563 4989; x_wconf 87' lang='lat' dir='ltr'>pulcherrima,</span> <span class='ocrx_word' id='word_1_500' title='bbox 582 4923 710 4975; x_wconf 86' lang='lat' dir='ltr'>sanctam</span> <span class='ocrx_word' id='word_1_501' title='bbox 723 4920 864 4992; x_wconf 84' lang='lat' dir='ltr'>synodum</span> <span class='ocrx_word' id='word_1_502' title='bbox 877 4923 947 4976; x_wconf 90' lang='lat' dir='ltr'>allo·</span> <span class='ocrx_word' id='word_1_503' title='bbox 998 4928 1176 4995; x_wconf 85' lang='lat' dir='ltr'>permaneat,</span> <span class='ocrx_word' id='word_1_504' title='bbox 1190 4923 1272 4994; x_wconf 91' lang='lat' dir='ltr'>digni</span> <span class='ocrx_word' id='word_1_505' title='bbox 1287 4923 1451 4978; x_wconf 72' lang='lat' dir='ltr'>orthodoxa,</span> <span class='ocrx_word' id='word_1_506' title='bbox 1465 4922 1532 4976; x_wconf 83' lang='lat' dir='ltr'>ndei</span> <span class='ocrx_word' id='word_1_507' title='bbox 1549 4925 1664 4978; x_wconf 84' lang='lat' dir='ltr'>amator</span> 
     </span>
     <span class='ocr_line' id='line_1_48' title="bbox 128 5010 1664 5087; baseline 0.001 -19"><span class='ocrx_word' id='word_1_508' title='bbox 128 5019 194 5068; x_wconf 85' lang='lat' dir='ltr'>outa</span> <span class='ocrx_word' id='word_1_509' title='bbox 213 5016 256 5068; x_wconf 87' lang='lat' dir='ltr'>cst</span> <span class='ocrx_word' id='word_1_510' title='bbox 269 5012 330 5068; x_wconf 74' lang='lat' dir='ltr'>haec</span> <span class='ocrx_word' id='word_1_511' title='bbox 347 5027 355 5066; x_wconf 72' lang='grc' dir='ltr'><strong>ε</strong></span> <span class='ocrx_word' id='word_1_512' title='bbox 372 5011 442 5066; x_wconf 90' lang='lat' dir='ltr'>Cum</span> <span class='ocrx_word' id='word_1_513' title='bbox 458 5010 582 5082; x_wconf 87' lang='lat' dir='ltr'>primum</span> <span class='ocrx_word' id='word_1_514' title='bbox 598 5029 652 5085; x_wconf 92' lang='lat' dir='ltr'>per</span> <span class='ocrx_word' id='word_1_515' title='bbox 665 5013 833 5069; x_wconf 87' lang='lat' dir='ltr'>electionem</span> <span class='ocrx_word' id='word_1_516' title='bbox 848 5014 878 5069; x_wconf 90' lang='lat' dir='ltr'>in</span> <span class='ocrx_word' id='word_1_517' title='bbox 902 5031 946 5069; x_wconf 91' lang='lat' dir='ltr'>re·</span> <span class='ocrx_word' id='word_1_518' title='bbox 999 5017 1041 5072; x_wconf 89' lang='lat' dir='ltr'>Sit</span> <span class='ocrx_word' id='word_1_519' title='bbox 1053 5034 1069 5071; x_wconf 90' lang='lat' dir='ltr'>a</span> <span class='ocrx_word' id='word_1_520' title='bbox 1081 5017 1164 5072; x_wconf 89' lang='lat' dir='ltr'>nobis</span> <span class='ocrx_word' id='word_1_521' title='bbox 1177 5018 1275 5087; x_wconf 90' lang='lat' dir='ltr'>procul</span> <span class='ocrx_word' id='word_1_522' title='bbox 1292 5017 1406 5071; x_wconf 90' lang='lat' dir='ltr'>invidia.</span> <span class='ocrx_word' id='word_1_523' title='bbox 1420 5018 1454 5070; x_wconf 89' lang='lat' dir='ltr'>Et</span> <span class='ocrx_word' id='word_1_524' title='bbox 1465 5022 1528 5086; x_wconf 91' lang='lat' dir='ltr'>post</span> <span class='ocrx_word' id='word_1_525' title='bbox 1545 5015 1606 5070; x_wconf 82' lang='lat' dir='ltr'>hnc</span> <span class='ocrx_word' id='word_1_526' title='bbox 1619 5015 1664 5070; x_wconf 80' lang='lat' dir='ltr'>Eti</span> 
     </span>
     <span class='ocr_line' id='line_1_49' title="bbox 129 5104 1665 5181; baseline 0.001 -18"><span class='ocrx_word' id='word_1_527' title='bbox 129 5123 220 5179; x_wconf 91' lang='lat' dir='ltr'>gnum</span> <span class='ocrx_word' id='word_1_528' title='bbox 233 5106 268 5161; x_wconf 90' lang='lat' dir='ltr'>de</span> <span class='ocrx_word' id='word_1_529' title='bbox 286 5109 393 5162; x_wconf 81' lang='lat' dir='ltr'>secreto</span> <span class='ocrx_word' id='word_1_530' title='bbox 417 5104 466 5160; x_wconf 81' lang='grc'>1101</span> <span class='ocrx_word' id='word_1_531' title='bbox 489 5106 616 5176; x_wconf 87' lang='lat' dir='ltr'>provecti</span> <span class='ocrx_word' id='word_1_532' title='bbox 632 5123 731 5161; x_wconf 87' lang='lat' dir='ltr'>sumus</span> <span class='ocrx_word' id='word_1_533' title='bbox 755 5107 831 5164; x_wconf 89' lang='lat' dir='ltr'>inter</span> <span class='ocrx_word' id='word_1_534' title='bbox 853 5113 947 5164; x_wconf 87' lang='lat' dir='ltr'>tantas</span> <span class='ocrx_word' id='word_1_535' title='bbox 998 5110 1133 5166; x_wconf 76' lang='lat' dir='ltr'>dmeonns</span> <span class='ocrx_word' id='word_1_536' title='bbox 1145 5110 1465 5181; x_wconf 80' lang='lat' dir='ltr'>Constantinopolitanae</span> <span class='ocrx_word' id='word_1_537' title='bbox 1478 5126 1558 5164; x_wconf 86' lang='lat' dir='ltr'>novae</span> <span class='ocrx_word' id='word_1_538' title='bbox 1567 5109 1665 5164; x_wconf 75' lang='lat' dir='ltr'>Romae</span> 
     </span>
     <span class='ocr_line' id='line_1_50' title="bbox 126 5197 1665 5282; baseline 0.002 -27"><span class='ocrx_word' id='word_1_539' title='bbox 126 5200 255 5272; x_wconf 87' lang='lat' dir='ltr'>publicas</span> <span class='ocrx_word' id='word_1_540' title='bbox 270 5197 414 5265; x_wconf 84' lang='lat' dir='ltr'>utilitates,</span> <span class='ocrx_word' id='word_1_541' title='bbox 432 5198 543 5253; x_wconf 88' lang='lat' dir='ltr'>nullum</span> <span class='ocrx_word' id='word_1_542' title='bbox 557 5200 649 5271; x_wconf 91' lang='lat' dir='ltr'>magis</span> <span class='ocrx_word' id='word_1_543' title='bbox 663 5217 714 5255; x_wconf 91' lang='lat' dir='ltr'>nos</span> <span class='ocrx_word' id='word_1_544' title='bbox 729 5202 987 5282; x_wconf 75' lang='lat' dir='ltr'>constrinximusl)</span> <span class='ocrx_word' id='word_1_545' title='bbox 998 5205 1089 5260; x_wconf 89' lang='lat' dir='ltr'>cerins</span> <span class='ocrx_word' id='word_1_546' title='bbox 1102 5204 1280 5259; x_wconf 89' lang='lat' dir='ltr'>notariorum</span> <span class='ocrx_word' id='word_1_547' title='bbox 1291 5204 1381 5259; x_wconf 90' lang='lat' dir='ltr'>dixit:</span> <span class='ocrx_word' id='word_1_548' title='bbox 1396 5205 1469 5258; x_wconf 85' lang='lat' dir='ltr'>Nutu</span> <span class='ocrx_word' id='word_1_549' title='bbox 1485 5220 1617 5275; x_wconf 75' lang='lat' dir='ltr'>supernas</span> <span class='ocrx_word' id='word_1_550' title='bbox 1632 5220 1665 5276; x_wconf 89' lang='lat' dir='ltr'>gr</span> 
     </span>
     <span class='ocr_line' id='line_1_51' title="bbox 125 5292 1665 5370; baseline 0.001 -21"><span class='ocrx_word' id='word_1_551' title='bbox 125 5294 162 5350; x_wconf 91' lang='lat' dir='ltr'>ad</span> <span class='ocrx_word' id='word_1_552' title='bbox 176 5292 324 5366; x_wconf 89' lang='lat' dir='ltr'>negotium</span> <span class='ocrx_word' id='word_1_553' title='bbox 334 5307 422 5364; x_wconf 89' lang='lat' dir='ltr'>quam</span> <span class='ocrx_word' id='word_1_554' title='bbox 436 5296 543 5348; x_wconf 87' lang='lat' dir='ltr'>rectam</span> <span class='ocrx_word' id='word_1_555' title='bbox 555 5296 585 5349; x_wconf 89' lang='lat' dir='ltr'>et</span> <span class='ocrx_word' id='word_1_556' title='bbox 596 5310 693 5350; x_wconf 86' lang='lat' dir='ltr'>veram</span> <span class='ocrx_word' id='word_1_557' title='bbox 714 5295 799 5351; x_wconf 85' lang='lat' dir='ltr'>iidem</span> <span class='ocrx_word' id='word_1_558' title='bbox 814 5295 947 5352; x_wconf 87' lang='lat' dir='ltr'>Christia-</span> <span class='ocrx_word' id='word_1_559' title='bbox 996 5297 1257 5354; x_wconf 80' lang='lat' dir='ltr'>diviuoserenitatis</span> <span class='ocrx_word' id='word_1_560' title='bbox 1267 5304 1374 5368; x_wconf 78' lang='lat' dir='ltr'>vestrae,</span> <span class='ocrx_word' id='word_1_561' title='bbox 1385 5297 1516 5370; x_wconf 88' lang='lat' dir='ltr'>piissimi,</span> <span class='ocrx_word' id='word_1_562' title='bbox 1528 5297 1665 5369; x_wconf 73' lang='lat' dir='ltr'>quibusa&#39;</span> 
     </span>
     <span class='ocr_line' id='line_1_52' title="bbox 125 5387 1665 5465; baseline 0.001 -21"><span class='ocrx_word' id='word_1_563' title='bbox 125 5403 239 5456; x_wconf 89' lang='lat' dir='ltr'>uorum,</span> <span class='ocrx_word' id='word_1_564' title='bbox 256 5403 322 5460; x_wconf 84' lang='lat' dir='ltr'>quus</span> <span class='ocrx_word' id='word_1_565' title='bbox 340 5391 438 5441; x_wconf 88' lang='lat' dir='ltr'>sancta</span> <span class='ocrx_word' id='word_1_566' title='bbox 452 5391 482 5441; x_wconf 91' lang='lat' dir='ltr'>et</span> <span class='ocrx_word' id='word_1_567' title='bbox 499 5388 662 5443; x_wconf 84' lang='lat' dir='ltr'>veneranda</span> <span class='ocrx_word' id='word_1_568' title='bbox 678 5387 816 5457; x_wconf 87' lang='lat' dir='ltr'>consistit,</span> <span class='ocrx_word' id='word_1_569' title='bbox 835 5389 946 5444; x_wconf 91' lang='lat' dir='ltr'>indubi-</span> <span class='ocrx_word' id='word_1_570' title='bbox 994 5408 1119 5463; x_wconf 87' lang='lat' dir='ltr'>regnum</span> <span class='ocrx_word' id='word_1_571' title='bbox 1138 5408 1302 5448; x_wconf 89' lang='lat' dir='ltr'>concessum</span> <span class='ocrx_word' id='word_1_572' title='bbox 1319 5397 1370 5461; x_wconf 92' lang='lat' dir='ltr'>est,</span> <span class='ocrx_word' id='word_1_573' title='bbox 1389 5392 1585 5465; x_wconf 86' lang='lat' dir='ltr'>imperatores,</span> <span class='ocrx_word' id='word_1_574' title='bbox 1600 5390 1665 5446; x_wconf 69' lang='lat' dir='ltr'>circs</span> 
     </span>
     <span class='ocr_line' id='line_1_53' title="bbox 126 5479 1665 5558; baseline 0.003 -24"><span class='ocrx_word' id='word_1_575' title='bbox 126 5483 214 5536; x_wconf 82' lang='lat' dir='ltr'>latam</span> <span class='ocrx_word' id='word_1_576' title='bbox 227 5479 361 5536; x_wconf 90' lang='lat' dir='ltr'>omnibus</span> <span class='ocrx_word' id='word_1_577' title='bbox 370 5479 525 5534; x_wconf 88' lang='lat' dir='ltr'>declarare.</span> <span class='ocrx_word' id='word_1_578' title='bbox 536 5479 715 5536; x_wconf 78' lang='lat' dir='ltr'>Manifestum</span> <span class='ocrx_word' id='word_1_579' title='bbox 725 5485 769 5536; x_wconf 88' lang='lat' dir='ltr'>est</span> <span class='ocrx_word' id='word_1_580' title='bbox 779 5480 858 5537; x_wconf 88' lang='lat' dir='ltr'>enim</span> <span class='ocrx_word' id='word_1_581' title='bbox 868 5483 944 5554; x_wconf 86' lang='lat' dir='ltr'>quod</span> <span class='ocrx_word' id='word_1_582' title='bbox 994 5502 1062 5541; x_wconf 86' lang='lat' dir='ltr'>nem</span> <span class='ocrx_word' id='word_1_583' title='bbox 1083 5490 1224 5553; x_wconf 85' lang='lat' dir='ltr'>vestram,</span> <span class='ocrx_word' id='word_1_584' title='bbox 1250 5491 1426 5558; x_wconf 81' lang='lat' dir='ltr'>congregata</span> <span class='ocrx_word' id='word_1_585' title='bbox 1444 5485 1505 5540; x_wconf 82' lang='lat' dir='ltr'>haec</span> <span class='ocrx_word' id='word_1_586' title='bbox 1531 5487 1630 5540; x_wconf 87' lang='lat' dir='ltr'>sancta</span> <span class='ocrx_word' id='word_1_587' title='bbox 1657 5501 1665 5538; x_wconf 80' lang='lat' dir='ltr'>t</span> 
     </span>
     <span class='ocr_line' id='line_1_54' title="bbox 126 5573 1665 5653; baseline 0.005 -27"><span class='ocrx_word' id='word_1_588' title='bbox 126 5587 160 5628; x_wconf 94' lang='lat' dir='ltr'>ex</span> <span class='ocrx_word' id='word_1_589' title='bbox 180 5574 299 5629; x_wconf 76' lang='lat' dir='ltr'>aventin</span> <span class='ocrx_word' id='word_1_590' title='bbox 321 5573 365 5627; x_wconf 85' lang='lat' dir='ltr'>vel</span> <span class='ocrx_word' id='word_1_591' title='bbox 391 5587 464 5628; x_wconf 87' lang='lat' dir='ltr'>vana</span> <span class='ocrx_word' id='word_1_592' title='bbox 483 5573 576 5629; x_wconf 87' lang='lat' dir='ltr'>studio</span> <span class='ocrx_word' id='word_1_593' title='bbox 597 5574 627 5629; x_wconf 93' lang='lat' dir='ltr'>hi</span> <span class='ocrx_word' id='word_1_594' title='bbox 649 5573 698 5645; x_wconf 90' lang='lat' dir='ltr'>qni</span> <span class='ocrx_word' id='word_1_595' title='bbox 719 5575 944 5646; x_wconf 72' lang='lat' dir='ltr'>precedentibus</span> <span class='ocrx_word' id='word_1_596' title='bbox 993 5579 1080 5635; x_wconf 87' lang='lat' dir='ltr'>totins</span> <span class='ocrx_word' id='word_1_597' title='bbox 1093 5580 1193 5635; x_wconf 92' lang='lat' dir='ltr'>muudi</span> <span class='ocrx_word' id='word_1_598' title='bbox 1207 5580 1341 5652; x_wconf 92' lang='lat' dir='ltr'>synodus,</span> <span class='ocrx_word' id='word_1_599' title='bbox 1355 5579 1427 5635; x_wconf 84' lang='lat' dir='ltr'>sicut</span> <span class='ocrx_word' id='word_1_600' title='bbox 1439 5595 1503 5634; x_wconf 90' lang='lat' dir='ltr'>cum</span> <span class='ocrx_word' id='word_1_601' title='bbox 1518 5579 1665 5653; x_wconf 87' lang='lat' dir='ltr'>plurimar</span> 
     </span>
     <span class='ocr_line' id='line_1_55' title="bbox 122 5666 1664 5746; baseline 0.006 -28"><span class='ocrx_word' id='word_1_602' title='bbox 122 5666 299 5737; x_wconf 80' lang='lat' dir='ltr'>temporibus</span> <span class='ocrx_word' id='word_1_603' title='bbox 311 5668 424 5724; x_wconf 78' lang='grc'>(1100100</span> <span class='ocrx_word' id='word_1_604' title='bbox 437 5670 603 5742; x_wconf 88' lang='lat' dir='ltr'>sapuerunt,</span> <span class='ocrx_word' id='word_1_605' title='bbox 620 5670 650 5721; x_wconf 90' lang='grc'>01</span> <span class='ocrx_word' id='word_1_606' title='bbox 664 5666 824 5725; x_wconf 87' lang='lat' dir='ltr'>docueruut</span> <span class='ocrx_word' id='word_1_607' title='bbox 837 5672 942 5742; x_wconf 91' lang='lat' dir='ltr'>populo</span> <span class='ocrx_word' id='word_1_608' title='bbox 992 5673 1105 5728; x_wconf 88' lang='lat' dir='ltr'>dierum</span> <span class='ocrx_word' id='word_1_609' title='bbox 1118 5673 1273 5742; x_wconf 82' lang='lat' dir='ltr'>vocatione,</span> <span class='ocrx_word' id='word_1_610' title='bbox 1292 5677 1321 5728; x_wconf 90' lang='lat' dir='ltr'>et</span> <span class='ocrx_word' id='word_1_611' title='bbox 1336 5673 1433 5728; x_wconf 87' lang='lat' dir='ltr'>diviua</span> <span class='ocrx_word' id='word_1_612' title='bbox 1455 5673 1602 5746; x_wconf 86' lang='lat' dir='ltr'>diligentia</span> <span class='ocrx_word' id='word_1_613' title='bbox 1615 5687 1664 5729; x_wconf 89' lang='lat' dir='ltr'>om</span> 
     </span>
     <span class='ocr_line' id='line_1_56' title="bbox 119 5758 1665 5839; baseline 0.008 -30"><span class='ocrx_word' id='word_1_614' title='bbox 119 5761 205 5825; x_wconf 88' lang='lat' dir='ltr'>prout</span> <span class='ocrx_word' id='word_1_615' title='bbox 223 5758 263 5814; x_wconf 85' lang='grc'>010</span> <span class='ocrx_word' id='word_1_616' title='bbox 278 5761 394 5831; x_wconf 85' lang='lat' dir='ltr'>placuit,</span> <span class='ocrx_word' id='word_1_617' title='bbox 418 5777 475 5818; x_wconf 89' lang='lat' dir='ltr'>non</span> <span class='ocrx_word' id='word_1_618' title='bbox 495 5763 581 5833; x_wconf 90' lang='lat' dir='ltr'>prout</span> <span class='ocrx_word' id='word_1_619' title='bbox 596 5760 735 5827; x_wconf 83' lang='lat' dir='ltr'>convenit,</span> <span class='ocrx_word' id='word_1_620' title='bbox 759 5778 852 5836; x_wconf 85' lang='lat' dir='ltr'>nsque</span> <span class='ocrx_word' id='word_1_621' title='bbox 866 5765 941 5837; x_wconf 77' lang='lat' dir='ltr'>qtrod</span> <span class='ocrx_word' id='word_1_622' title='bbox 992 5767 1058 5822; x_wconf 91' lang='lat' dir='ltr'>dem</span> <span class='ocrx_word' id='word_1_623' title='bbox 1072 5767 1102 5821; x_wconf 91' lang='lat' dir='ltr'>in</span> <span class='ocrx_word' id='word_1_624' title='bbox 1115 5767 1260 5839; x_wconf 78' lang='lat' dir='ltr'>praeterito</span> <span class='ocrx_word' id='word_1_625' title='bbox 1272 5767 1417 5839; x_wconf 90' lang='lat' dir='ltr'>quomodo</span> <span class='ocrx_word' id='word_1_626' title='bbox 1432 5771 1527 5824; x_wconf 84' lang='lat' dir='ltr'>exorta</span> <span class='ocrx_word' id='word_1_627' title='bbox 1535 5770 1577 5822; x_wconf 87' lang='grc'>001</span> <span class='ocrx_word' id='word_1_628' title='bbox 1592 5768 1665 5822; x_wconf 82' lang='lat' dir='ltr'>contr</span> 
     </span>
    </p>
   </div>
   <div class='ocr_carea' id='block_1_6' title="bbox 0 0 1940 6150">
    <p class='ocr_par' dir='ltr' id='par_1_7' title="bbox 0 0 1940 6150">
     <span class='ocr_line' id='line_1_57' title="bbox 0 0 1940 6150; baseline 0 0"><span class='ocrx_word' id='word_1_629' title='bbox 0 0 1940 6150; x_wconf 95' lang='lat' dir='ltr'> </span> 
     </span>
    </p>
   </div>
  </div>
 </body>
</html>
