3870 6150
624 337 861 395 DECRETtLlUM
881 337 1075 394 casanello.
1639 341 1692 395 998

103 447 105 468 ¹
125 447 420 517 Encmplarcoastitati
430 447 502 515 (acti
513 461 531 502 o
544 445 654 502 Domino
668 446 826 518 Symmacho
836 459 866 532 Α
875 445 1011 518 praetorio
1025 449 1113 518 atque
1124 444 1260 517 patricius
1274 459 1364 518 agens
1385 444 1475 500 etiam
1488 443 1563 502 vices
1575 445 1693 518 praecel-

141 534 219 590 PMM
232 518 265 573 αθ
274 518 353 574 rebus
368 519 482 574 ⁸⁶⁶²&ae
496 519 697 575 mmmm·
874 539 1024 598 lautissimi
1037 538 1114 612 regis
1127 538 1262 595 Odoacris
1277 538 1397 595 Basilius
1411 536 1502 595 dixit:
1519 537 1693 612 Quanquam

103 633 151 703 vio,
172 633 234 689 viro
255 633 413 689 clarissimo
425 633 542 705 juniore
558 634 685 705 consule,
705 634 757 691 sub
779 634 826 690 die
874 634 960 690 studii
975 633 1066 690 nostri
1082 638 1111 689 et
1123 632 1274 706 religionis
1287 631 1410 701 intersit,
1424 631 1498 688 utin
1512 631 1694 706 episcopatus

103 745 109 782 s
132 725 236 783 lduum
257 727 462 783 Novembrium
483 727 513 783 in
527 728 644 784 basilica
658 728 733 784 beati
751 728 826 784 Petri
876 727 1016 784 electione
1030 726 1181 783 concordia
1198 725 1393 801 principalitar
1407 728 1535 783 servetur
1548 725 1693 795 Ecclesiae,

103 821 140 892 li,
155 821 298 876 residente
311 822 468 877 venerabili
479 822 540 878 viro
553 838 629 894 papa
644 822 825 894 Symmacho,
877 837 929 879 nec
944 837 998 895 per
1005 821 1184 877 occasionem
1195 819 1344 876 seditionis
1357 823 1445 876 status
1459 818 1601 876 civilitatis
1613 836 1694 877 voce·

103 931 146 971 xm
166 915 374 971 venerabilibus
388 917 455 971 viris
470 916 631 986 Laurentio,
646 915 764 972 Maximo
779 931 825 971 re·
876 918 925 970 tur
943 916 973 971 in
997 914 1127 983 dubium,
1149 920 1247 971 tamen
1260 914 1460 971 admonitione
1473 913 1628 970 beatissimi
1641 913 1694 970 viri

103 1008 168 1065 ibus
190 1010 340 1081 episcopis,
361 1010 448 1065 etiam
465 1013 558 1079 Petro,
574 1010 733 1077 Laurentio,
747 1010 826 1066 Emi-
875 1025 958 1082 papae
982 1009 1072 1066 nostri
1094 1008 1232 1082 Simplicii
1254 1025 1340 1080 quem
1364 1011 1431 1063 aute
1452 1009 1550 1064 oeulos
1577 1023 1695 1081 semper

108 1103 243 1175 Frigidio,
260 1103 352 1159 Felice
362 1104 507 1174 bassiano,
522 1104 685 1173 Cresconio,
700 1104 825 1160 Pacatia-
877 1103 981 1159 habere
992 1103 1142 1171 debemus,
1158 1103 1213 1159 hoc
1226 1102 1310 1158 uobis
1325 1101 1497 1158 meministis
1507 1101 1559 1156 snb
1574 1101 1696 1158 obtesta-

103 1198 222 1268 enigno,
242 1198 388 1265 Rusentio,
408 1198 585 1266 innocentio,
605 1199 727 1265 toarno,
744 1198 828 1254 Maxi·
874 1196 954 1254 tione
962 1197 1049 1254 inisse
1057 1197 1238 1268 mandatum,
1249 1199 1283 1252 ut
1292 1203 1396 1269 proeter
1404 1196 1496 1252 ullum
1504 1194 1656 1268 strepitum
1666 1200 1696 1251 at

106 1292 241 1364 tephano,
256 1294 377 1360 loanne,
391 1292 510 1360 Sereno,
526 1292 644 1361 Eulalia,
668 1291 826 1358 Proculeio,
876 1291 1049 1347 venerabilis
1071 1290 1202 1349 Ecclesia
1224 1290 1441 1358 detrimentum,
1465 1289 1488 1344 si
1510 1305 1577 1344 eum
1593 1289 1628 1345 de
1642 1287 1696 1344 hac

103 1391 179 1456 nato,
201 1386 360 1455 laurentio,
382 1387 543 1455 Eustochio,
568 1388 829 1457 Martiana-locun·
877 1388 940 1445 luce
962 1388 1085 1445 transire
1107 1388 1271 1460 contigerit,
1290 1404 1348 1443 non
1364 1387 1425 1443 sine
1440 1390 1539 1442 nostra
1554 1387 1694 1443 consulta-

103 1480 221 1547 andido,
244 1480 410 1547 Fortunato,
433 1481 535 1552 Felice,
551 1481 671 1549 Euticio,
687 1480 826 1552 llelpidio,
877 1483 955 1539 tione
979 1482 1131 1555 cujuslibet
1149 1481 1307 1538 celebretur
1320 1481 1431 1537 electio.
1449 1483 1560 1537 Etcum
1576 1482 1696 1554 legeret,

103 1597 115 1644 t,
141 1573 316 1642 innocentio,
345 1574 494 1642 Mercurio,
517 1574 633 1643 llilario,
663 1574 827 1644 Fortunato,
878 1576 1044 1633 Cresconius
1068 1576 1216 1649 episcopus
1238 1574 1361 1631 civitatis
1378 1573 1542 1631 Tudertinus
1565 1573 1697 1630 Ecclesiae

103 1666 179 1735 rdio,
195 1667 298 1734 Asello,
315 1668 490 1737 Innocentio,
507 1668 663 1739 Stephano,
680 1666 826 1735 Gerontio,
877 1686 998 1743 surgens
1025 1687 1040 1726 e
1066 1687 1201 1726 consessu
1225 1669 1294 1726 dixit
1319 1686 1326 1725 ε
1350 1669 1398 1724 Mic
1419 1669 1579 1741 perpendat
1600 1673 1698 1724 sancta

103 1760 170 1830 acio,
185 1761 285 1830 Vitate,
298 1761 433 1829 Memora,
449 1761 591 1829 Severino,
606 1760 722 1829 Hilario,
733 1762 826 1815 Vene-
878 1765 1013 1838 synodus,
1029 1771 1061 1821 ut
1076 1763 1274 1838 pretermissis
1287 1761 1430 1834 religiosis
1439 1761 1578 1834 personis,
1592 1761 1697 1834 quibus

119 1855 296 1924 innocentio,
322 1857 414 1922 Casto,
438 1856 583 1923 Colonico,
604 1855 722 1922 Silvine,
742 1855 826 1913 Maxi·
838 1841 867 1913 Β
878 1857 1005 1914 maxime
1020 1874 1087 1915 cura
1101 1862 1153 1928 est,
1169 1857 1204 1913 da
1219 1860 1300 1912 tanto
1321 1855 1457 1929 pontifice
1472 1855 1502 1910 in
1521 1872 1604 1911 suam
1617 1852 1695 1910 redi-

103 1965 136 2017 to,
159 1950 306 2018 arestone,
335 1948 460 2016 Severio,
492 1949 665 2022 Propinqua,
694 1948 822 2016 Martiuo,
878 1954 1154 2025 geretpotcstatem,
1171 1951 1247 2023 quod
1260 1953 1358 2006 contra
1376 1966 1501 2005 canones
1520 1965 1581 2006 esse
1603 1949 1694 2005 mani·

103 2042 170 2109 dno,
186 2041 364 2110 Sebastiano,
378 2043 517 2112 Romano,
533 2043 691 2112 Vindemia,
706 2042 827 2098 Dulcitio
877 2046 982 2103 testum
1002 2048 1055 2102 est.
1074 2048 1147 2101 ltem
1167 2044 1317 2101 Mormisda
1329 2044 1467 2100 diaconus
1480 2043 1560 2115 legit,
1577 2041 1696 2114 nequid

103 2151 132 2205 a,
156 2137 236 2206 Urso,
251 2137 401 2204 Mercurio,
415 2137 519 2207 Asello,
536 2135 683 2207 Servodei,
696 2134 825 2192 hdeoda·
877 2139 1051 2197 confusionis
1065 2143 1152 2213 atque
1163 2139 1307 2213 dispendii
1324 2137 1494 2195 venerabilis
1509 2136 1634 2194 Ecclesia
1648 2152 1695 2192 su·

103 2231 193 2299 iterio,
215 2229 393 2299 Martiniano,
417 2230 519 2298 Felice,
539 2229 672 2301 Eusebio,
689 2232 825 2302 Augusto,
877 2235 1010 2303 stinerat,
1035 2233 1178 2289 miramur
1204 2230 1404 2305 pretermissis
1428 2230 1511 2287 nobis
1536 2230 1696 2303 quidquam

103 2323 184 2390 ticio,
203 2323 370 2395 Crisogono,
387 2324 537 2395 Venantio,
554 2325 680 2393 Rustico,
695 2323 825 2392 salustio,
876 2328 963 2384 tuisse
990 2331 1133 2384 tentatum
1156 2344 1222 2382 cum
1248 2325 1396 2382 sacerdote
1417 2328 1516 2381 nostro
1543 2323 1695 2396 superstite

103 2417 269 2488 ,Amando,
285 2417 385 2472 Basilio
396 2421 424 2473 et
434 2417 574 2474 Florentio
587 2417 742 2491 episcopis;
759 2417 828 2472 resi·
876 2421 949 2477 nihil
963 2420 1107 2477 debuisset
1119 2436 1277 2476 assumere.
1294 2420 1387 2485 Quare
1406 2418 1429 2473 si
1452 2417 1635 2490 amplitudini
1648 2432 1696 2474 ve·

103 2527 144 2565 »us
157 2511 255 2566 etiam.
269 2511 407 2582 Projecto,
421 2511 550 2579 Martino,
571 2511 761 2583 Ephiphanio,
776 2511 826 2567 Se·
877 2522 941 2572 atrae
963 2515 1007 2572 vel
1028 2515 1173 2572 sanctitati
1192 2515 1288 2587 placet
1298 2511 1454 2569 incolumia
1472 2511 1569 2568 omnia
1581 2527 1646 2583 quoe
1660 2509 1697 2566 ad

102 2619 150 2671 no,
174 2603 320 2674 Servodei,
341 2605 503 2674 Octaviano,
526 2605 697 2678 Epiphanio,
711 2608 828 2662 Anasta·
876 2609 965 2666 suturi
978 2608 1113 2666 antistitis
1127 2607 1296 2665 electionem
1313 2605 1482 2679 respiciunt,
1495 2605 1631 2678 religiosa
1642 2604 1696 2661 ho·

103 2697 277 2766 bundantio,
296 2699 452 2770 vicomalo,
466 2699 599 2768 Paulino,
615 2699 737 2767 tuliano,
753 2699 826 2754 Mar·
876 2703 1026 2760 noratione
1041 2718 1196 2759 servemus.
1211 2703 1288 2758 lianc
1303 2701 1399 2773 legam
1419 2697 1579 2772 specialiter
1592 2698 1693 2771 prafe-

103 2792 825 2863 tgathone,Benedicta,crescentiano,Paschasio,
877 2801 984 2869 rantes,
995 2813 1083 2869 mam
1093 2796 1176 2853 nohis
1185 2794 1346 2852 haeredibus
1357 2811 1409 2867 pro
1417 2791 1696 2850 uostrisChristianae

103 2902 132 2954 o,
148 2885 264 2956 Severo,
281 2886 411 2954 Paulino,
425 2886 584 2955 Adeodato,
599 2889 718 2955 loanne,
733 2887 826 2942 Timo·
877 2892 982 2949 mentis
1003 2891 1154 2947 devotione
1176 2889 1331 2959 sancimus,
1347 2904 1384 2944 ne
1397 2904 1529 2960 unquam
1544 2886 1695 2959 praedium,

103 2979 261 3046 laurentio,
274 2980 389 3050 llilario,
403 2981 506 3049 Marco,
520 2981 672 3053 Stephano,
683 2980 826 3048 Binantio,
876 3003 927 3041 seu
940 2985 1077 3041 rusticum
1090 2983 1148 3039 sive
1161 2984 1314 3052 urbanum,
1325 2982 1370 3040 vel
1386 2984 1570 3051 ornamenta,
1583 2984 1634 3037 aut
1644 2980 1698 3036 mi·

103 3074 205 3138 ,Petro
227 3072 394 3145 crisogono,
411 3074 528 3129 littorio
548 3078 576 3129 et
594 3075 762 3146 crisogono,
786 3075 828 3129 Ti·
876 3080 992 3137 nistcria
1006 3079 1202 3148 ecclesiarum,
1218 3093 1283 3150 qua
1298 3093 1375 3133 nunc
1393 3081 1461 3132 sunt
1472 3076 1516 3132 vel
1529 3091 1565 3132 ex
1577 3074 1694 3148 quibus·

103 3166 149 3222 vel
163 3167 323 3234 Maximino,
340 3168 496 3223 Fortunato
510 3168 694 3241 presbyteris,
713 3167 828 3223 astanti·
877 3169 946 3225 libet
964 3168 1053 3225 titulis
1072 3167 1107 3224 ad
1122 3167 1307 3223 ecclesiarum
1317 3165 1385 3237 jura
1397 3169 1602 3238 pervenerunt,
1614 3164 1649 3222 ab
1662 3180 1696 3222 eo

103 3276 192 3334 noque
207 3260 385 3329 diaconibus,
400 3261 557 3328 Anastasio,
570 3262 728 3332 Mormisda,
740 3216 865 3318 loan—C
878 3263 927 3336 qui
939 3279 1015 3318 nnnc
1026 3261 1144 3317 antistes
1155 3261 1207 3316 sub
1218 3259 1358 3316 electione
1366 3258 1514 3315 communi
1524 3258 1612 3315 fuerit
1620 3258 1697 3315 ordi·

103 3392 106 3407 .
130 3354 264 3426 Agapito,
296 3354 493 3426 Symmachus,
521 3354 670 3427 episcopus
696 3354 828 3412 Ecclesiae
878 3357 990 3412 naudus
1003 3355 1100 3412 etillia
1114 3355 1163 3427 qui
1177 3354 1281 3410 iuturis
1303 3353 1415 3409 seculis
1430 3356 1603 3426 sequentur,
1625 3368 1696 3425 quo-

104 3448 203 3504 ltomae
216 3447 308 3504 dixit:
878 3466 991 3523 cunque
1014 3449 1097 3506 titulo
1117 3453 1203 3520 atque
1227 3450 1389 3504 commento
1414 3446 1542 3503 alienare
1562 3445 1696 3517 voluerit,

105 3542 248 3614 equidem
262 3541 425 3598 iratarnitas
438 3547 531 3599 vestra
543 3543 740 3599 ecclesiasticis
755 3544 827 3616 legi·
878 3545 1010 3600 inefficax
1031 3549 1118 3616 atque
1140 3542 1254 3598 irritum
1271 3540 1428 3615 judicetur,
1450 3540 1544 3612 sitque
1565 3538 1695 3608 facienti,

103 3635 226 3691 bsecuta.
243 3636 300 3693 Sub
319 3635 406 3691 divini
418 3637 522 3692 timore
534 3637 645 3708 judicii,
666 3653 731 3709 quae
745 3641 830 3693 eraut
879 3637 1077 3705 consentienti,
1092 3636 1300 3709 accipientique
1312 3636 1474 3691 anathema.
1485 3633 1625 3691 Maximus
1635 3634 1697 3708 epi-

103 3729 190 3784 renda
201 3729 343 3800 diffinivit,
360 3730 434 3785 etad
440 3731 560 3802 justitiae
570 3731 717 3787 cumulum
726 3731 830 3804 perdu-
879 3749 980 3805 scopus
993 3732 1124 3789 Pladanae
1147 3729 1279 3786 Ecclesia
1293 3728 1364 3786 dixit
1379 3745 1386 3784 :
1402 3728 1483 3784 Modo
1499 3732 1595 3784 sancta
1613 3744 1697 3801 syno-

103 3823 242 3879 iflcienter
260 3824 329 3879 dum
343 3824 474 3880 universa
488 3825 697 3896 complectitur,
715 3842 767 3882 nec
779 3826 828 3882 ad·
880 3827 933 3882 dus
947 3826 1083 3900 dignetur
1094 3824 1218 3895 edicere,
1231 3823 1311 3880 licuit
1321 3823 1394 3879 laico
1411 3821 1521 3879 homini
1543 3822 1699 3879 anathema

103 3932 138 3973 ne
153 3917 263 3990 indiget
274 3917 435 3989 plenitudo,
449 3918 574 3975 maxime
589 3918 624 3975 de
636 3919 745 3975 clericis
759 3935 830 3992 quos
879 3922 908 3977 in
925 3920 1024 3977 ordine
1045 3918 1234 3977 ecclesiastico
1254 3917 1372 3986 dictare
1390 3919 1441 3972 aut
1458 3916 1482 3971 si
1504 3916 1597 3988 potuit
1608 3916 1698 3973 laicus

103 4011 289 4067 damnationis
298 4012 412 4080 invasit,
424 4013 563 4084 etjugum
574 4012 730 4085 disciplinae
741 4014 830 4070 eccle·
879 4015 1018 4072 sacerdoti
1038 4015 1191 4071 anathema
1212 4013 1317 4083 dicere,
1333 4015 1363 4067 et
1374 4015 1474 4068 contra
1486 4027 1608 4067 canones
1621 4010 1698 4084 quod

103 4105 211 4161 miecit
219 4122 367 4178 respuere,
378 4122 450 4178 quos
460 4107 742 4179 proptereaschisma
750 4108 830 4165 iecis-
880 4110 905 4166 ei
926 4126 986 4166 non
1003 4109 1185 4181 competebat
1206 4106 1390 4163 constituere.
1418 4104 1504 4161 Dicite
1530 4104 1614 4161 nobis
1628 4100 1698 4177 quid

103 4197 194 4255 advos
206 4200 343 4270 constitit,
361 4201 464 4272 quibus
486 4201 713 4256 misericordiam
729 4207 829 4261 tamen
879 4203 994 4259 videtur
1006 4203 1042 4260 de
1056 4217 1103 4259 me
1115 4201 1196 4257 licuit
1206 4201 1278 4258 laico
1294 4202 1389 4274 legam
1402 4199 1482 4256 dare.
1497 4196 1603 4256 Sancta
1615 4214 1699 4271 syno-

114 4294 189 4349 lleus
208 4295 325 4351 mandat
342 4294 481 4350 universis
498 4295 637 4367 impendi,
656 4300 690 4352 ut
704 4297 831 4368 oportuit
879 4298 933 4354 dus
955 4296 1037 4368 dixit,
1060 4312 1120 4352 non
1144 4295 1236 4352 licuit.
1262 4296 1297 4351 Et
1315 4293 1430 4367 adjecit,
1451 4291 1515 4366 tege
1538 4291 1698 4366 sequentia.

104 4389 219 4460 egestis,
233 4388 256 4444 si
270 4387 375 4443 duritia
384 4390 477 4445 cordis
492 4404 592 4444 eorum
601 4406 661 4445 non
670 4389 723 4445 sibi
730 4390 829 4462 acqui·
879 4390 1029 4448 llormisda
1043 4390 1180 4447 diaconus
1192 4389 1271 4462 legit.
1286 4391 1322 4445 Et
1333 4388 1378 4445 his
1394 4385 1444 4460 qui
1456 4387 1598 4460 praedium
1612 4386 1697 4442 rusti·

103 4497 187 4537 snam
203 4482 272 4538 dum
281 4482 544 4539 coutemnitoblata
555 4481 691 4540 remedia.
704 4484 831 4550 Quorum
879 4485 1000 4541 cumval
1019 4483 1162 4539 urbanum
1180 4482 1254 4556 juris
1272 4479 1451 4538 ecelesiastici
1464 4479 1698 4536 suaritconsecu·

103 4591 145 4630 sus
163 4573 200 4630 ad
222 4576 414 4632 enarrandum
432 4576 548 4632 difficile
564 4582 721 4645 estunam
734 4583 937 4666 tamenntus,
950 4576 1307 4649 noveritsenuMalagevel
1317 4573 1697 4648 prascriptionemunitum,

104 4671 228 4725 occurrit
242 4671 402 4727 venerando
415 4671 508 4726 ordini
521 4675 615 4726 vestro
627 4671 761 4728 intimare
772 4690 830 4729 non
881 4671 932 4729 sed
943 4672 1001 4729 sive
1017 4670 1104 4743 isqui
1126 4669 1301 4738 alienaverit,
1316 4669 1374 4725 sive
1389 4684 1456 4724 eum
1471 4666 1520 4739 qui
1533 4666 1700 4738 Frequenter

103 4779 127 4820 o.
141 4764 282 4819 Dixerunt
296 4765 373 4819 inter
384 4765 440 4820 alia
451 4765 620 4836 scripturam
629 4764 786 4838 quamdam
796 4768 832 4823 il·
881 4766 1060 4824 etvoluntate
1070 4763 1210 4821 contraria
1219 4761 1360 4836 praedium
1370 4757 1699 4833 hujusmodialieuatum

103 4874 113 4912 s
136 4858 284 4914 memoriae
304 4858 437 4913 basilium
455 4859 536 4930 quasi
555 4876 610 4931 par
636 4861 832 4917 ecclesiasticae
881 4876 1013 4917 revocare
1028 4857 1191 4928 tentaverit,
1204 4857 1233 4913 id
1253 4871 1319 4912 cum
1338 4854 1477 4911 fructibus
1491 4852 1634 4924 restituat,
1649 4854 1699 4927 qui

103 4967 116 5006 a
138 4950 303 5006 substantiae
324 4951 535 5023 conscripsisse,
550 4952 580 5007 in
594 4969 651 5024 qua
663 4954 758 5009 nullus
773 4955 830 5010 lto·
882 4955 952 5012 illud
972 4953 1059 5010 luerit
1079 4953 1259 5009 consecutus.
1277 4951 1394 5006 Etcum
1413 4949 1524 5020 legeret
1537 4947 1700 5021 Stephanus

103 5044 250 5101 eEcclesire
260 5061 312 5100 nee
325 5045 464 5113 interfuit,
479 5062 531 5101 nec
541 5045 706 5119 subscripsit
715 5048 833 5104 antistes
882 5049 1033 5122 episeopus
1046 5047 1205 5102 Venusinus
1221 5043 1350 5101 Ecclesia
1369 5058 1501 5116 surgens,
1526 5057 1699 5112 accusessu,

103 5154 168 5195 uem
179 5139 321 5210 potuisset
330 5139 424 5194 sortiri
436 5139 782 5211 legitimamfirmitatcm.
793 5142 833 5199 Ne
882 5143 964 5213 dixit,
983 5142 1159 5216 perlegatur.
1178 5138 1328 5196 llormisda
1346 5138 1482 5195 Mmonus
1501 5137 1572 5210 legit
1587 5152 1594 5192 ε
1607 5137 1698 5201 Quam

104 5233 161 5288 nde
181 5233 336 5304 disputem,
354 5233 433 5289 unde
452 5237 546 5306 potest
566 5237 691 5291 vestrum
707 5235 834 5307 judicare
884 5238 973 5295 etiam
991 5252 1106 5309 paenam
1125 5233 1231 5307 placuit
1251 5233 1418 5306 accipientis
1438 5231 1567 5288 haeredes
1585 5228 1697 5301 prohae-

103 5325 172 5382 linm
191 5327 356 5398 requiratur
378 5330 406 5382 et
427 5324 574 5384 deleratur
594 5328 625 5384 in
650 5328 789 5399 medium,
803 5335 835 5385 ut
884 5332 1024 5404 redasque
1048 5329 1199 5403 respicere,
1223 5327 1254 5384 in
1274 5344 1330 5400 qua
1350 5344 1382 5383 re
1399 5325 1516 5383 cuilibet
1529 5321 1699 5379 clericorum

104 5420 833 5494 n'aagnoscatiscujusmodipossithabereconstan·
885 5423 1098 5482 contradicendi
1114 5423 1206 5480 libera
1219 5422 1256 5478 ait
1267 5422 1400 5491 facultas3
1416 5419 1548 5491 iniquum
1567 5420 1610 5472 est
1621 5415 1701 5472 onim

115 5513 220 5573 &ncta
233 5515 358 5586 synodus
372 5516 523 5587 respondit
540 5533 547 5572 :
564 5518 715 5573 Deleratur
729 5518 759 5573 in
778 5535 835 5574 me·
886 5525 915 5576 et
933 5519 1072 5592 sacrilegii
1091 5518 1191 5589 instar,
1217 5522 1248 5573 ut
1263 5532 1327 5589 quaa
1341 5514 1385 5572 rel
1399 5529 1452 5584 pro
1463 5511 1564 5579 salute,
1590 5510 1633 5565 vel
1648 5526 1701 5582 pro

103 5612 153 5679 ,nt
162 5609 323 5680 cujusmodi
336 5609 373 5665 sit
382 5610 473 5682 possit
485 5610 613 5682 agnosci.
629 5613 663 5668 Et
678 5611 747 5668 dum
763 5612 837 5669 dica·
886 5613 985 5687 requie
1003 5613 1166 5669 animarum
1190 5627 1306 5667 suarum
1331 5604 1525 5678 unusquisque
1549 5603 1703 5661 venerabili

103 5702 224 5760 ormisda
241 5703 377 5760 diacorum
391 5705 530 5761 recitavit.
885 5705 1016 5764 Ecclesia
1031 5721 1192 5780 pauperum
1208 5721 1293 5761 causa
1309 5698 1474 5769 contulerit,
1495 5699 1546 5754 aut
1562 5701 1640 5755 certe
1654 5713 1701 5755 re·

103 5814 125 5854 n
149 5798 181 5854 in
203 5814 295 5854 unum
313 5800 390 5871 apud
410 5799 529 5856 beatum
542 5801 659 5857 Petrum
672 5803 836 5874 apostolum
885 5800 1012 5876 liquerit,
1025 5800 1063 5856 ab
1075 5799 1120 5855 his
1137 5815 1210 5873 quos
1222 5797 1353 5854 maxime
1364 5808 1485 5850 servare
1496 5789 1733 5847 eonveneuax'xn

102 5893 180 5964 isset,
193 5891 321 5950 sublimis
333 5897 361 5949 et
374 5893 616 5951 eminentissimus
630 5895 674 5951 vir
683 5896 837 5970 prefectus
888 5896 1069 5957 alienitatem
1096 5893 1329 5954 transierantur.
1360 5887 1460 5945 rime
1492 5893 1692 5959 qrammi*
1716 5874 1765 5929 'W-
