3870 6150
585 250 822 311 becumine!
841 253 1037 312 COLLEC'llO.
1601 254 1653 323 ola

103 376 127 416 rs
150 359 337 432 maximeque
358 356 454 415 divina
477 363 564 432 atque
587 362 728 419 catholica
742 363 785 418 lex
797 363 978 448 Astituatur,
992 365 1021 417 et
1033 366 1131 434 postea
1144 379 1199 418 non
1213 363 1319 431 statim,
1335 362 1458 432 reddin,
1472 366 1502 419 et
1521 379 1573 436 per
1586 380 1652 437 spa-

103 452 118 509 i
130 453 259 510 debeat?
273 453 320 509 lit
342 453 420 509 enim
442 454 570 510 divinum
593 456 628 511 de
647 455 786 528 episcopis
835 456 909 511 tiosa
922 462 1053 529 tempora
1066 457 1123 511 suis
1136 459 1303 528 potestative
1319 457 1473 530 dispositis,
1485 457 1557 513 etad
1570 474 1653 513 suam

103 563 122 617 1,
133 547 211 612 «Qui
221 563 269 602 vos
280 547 380 618 tangit,
392 548 635 620 tangitpupillam
645 548 719 605 oculi
728 549 785 605 mei
834 551 1031 605 necessitatem
1045 551 1221 621 praeparatis,
1237 551 1271 605 ad
1286 555 1402 623 tempus
1417 550 1513 606 veniat
1528 551 1565 606 ad
1584 567 1651 606 cau-

115 640 154 712 8).
165 663 180 689 »
197 642 231 696 lit
245 641 269 695 si
284 641 437 696 saeculares
450 641 579 697 humana
591 643 787 716 multipliciter
835 660 904 713 snm,
924 651 961 710 et,
972 643 995 698 si
1006 644 1083 715 juste
1098 644 1188 698 visum
1203 643 1299 711 luerit,
1314 644 1523 701 accusatoribus
1537 661 1653 717 respon·

103 737 151 790 tur
165 734 297 791 homines
310 736 375 807 lege
391 741 418 791 et
432 736 634 807 requisitiones
647 741 732 809 atque
745 736 787 791 in·
835 736 901 791 deat
912 737 979 792 suis.
996 737 1070 793 ltulli
1088 737 1187 792 infami
1203 740 1288 809 atque
1311 737 1449 810 sacrilego
1468 737 1503 792 de
1523 753 1650 811 quocun·

103 828 272 885 imultorum
281 829 425 884 mensium
435 831 631 885 conceduntur
638 829 785 903 neinJ'uste
835 830 984 902 queliceat
994 830 1109 902 negotio
1123 831 1258 886 adversus
1269 830 1436 902 religiosum
1455 831 1650 888 Christianum

103 938 151 991 ur,
160 925 268 994 quanto
277 923 367 995 magis
380 923 521 995 episcopis
532 925 582 996 qui
595 923 785 996 proximiores
834 923 966 995 quamvis
974 923 1261 996 humilisservilisque
1269 941 1393 995 persona
1400 924 1446 994 sit,
1456 924 1652 981 testimonium

105 1022 157 1085 ,et
169 1033 256 1088 super
276 1018 328 1071 hos
349 1016 495 1072 constituti
517 1017 661 1090 positique
676 1017 706 1073 in
726 1035 783 1074 eae·
835 1017 937 1086 dicere,
954 1034 1006 1074 nec
1021 1018 1056 1073 de
1072 1018 1197 1091 qualibet
1209 1034 1249 1084 re,
1264 1006 1458 1089 inscriptione,
1473 1018 1585 1074 actione
1602 1022 1653 1073 aut

103 1108 140 1166 tia
148 1126 213 1181 qnae
223 1109 380 1181 impensius
391 1110 579 1182 ponderanda
590 1117 642 1180 est,
653 1114 785 1183 tempora
834 1111 1026 1167 Christianum
1041 1111 1191 1184 impetere.
1205 1111 1232 1167 Si
1242 1111 1393 1184 episcopus
1403 1110 1530 1182 legitime
1542 1127 1655 1167 accusa·

103 1203 227 1259 cedenda
248 1204 339 1259 multo
362 1204 512 1275 ampliora,
527 1221 564 1260 ne
585 1204 784 1277 aquibusdam
834 1211 926 1275 tus,et
939 1205 1103 1278 supradicto
1118 1204 1219 1260 ordine
1233 1205 1268 1260 ad
1278 1205 1431 1260 concilium
1445 1203 1654 1260 canonicecon·

103 1310 124 1352 u
135 1302 186 1351 aut
200 1297 409 1368 opprimantur,
426 1299 472 1352 vel
487 1297 581 1354 subito
600 1298 782 1355 damnentur.
834 1299 1059 1368 1111111111111,
1076 1299 1181 1372 absque
1201 1299 1256 1354 ulla
1269 1298 1458 1370 trepidatione
1473 1295 1514 1353 iris
1528 1298 1652 1367 debebit,

104 1406 137 1446 ns
152 1406 231 1462 ergo,
242 1391 287 1461 adj
293 1395 394 1445 uvante
406 1392 464 1446 lieo
476 1395 506 1446 et
515 1396 613 1448 sancto
628 1393 709 1449 Petro
717 1411 785 1466 apo·
835 1399 864 1448 et
876 1393 899 1448 si
912 1393 953 1449 ira
966 1409 1024 1449 non
1037 1393 1174 1464 potuerit,
1187 1409 1240 1465 per
1253 1409 1284 1447 se
1298 1393 1427 1464 legatum
1451 1392 1487 1447 ad
1509 1392 1652 1464 synodum

103 1499 205 1556 rquem
215 1484 391 1554 apostolatus
404 1487 434 1539 et
445 1486 662 1558 episcopatusin
673 1487 784 1543 Christo
833 1485 936 1542 mittat.
959 1486 1048 1542 Nullae
1063 1501 1192 1542 111111
1213 1485 1357 1558 jndicibus
1381 1485 1575 1541 ecelesiasticis
1599 1501 1651 1541 au·

103 1577 222 1645 ordiam,
240 1578 375 1649 quoniam
397 1578 492 1650 plures
505 1596 580 1650 saepe
602 1584 785 1637 emerserunt
834 1579 949 1636 diantur
960 1595 1025 1652 quae
1040 1580 1152 1652 legibus
1166 1596 1225 1634 non
1239 1579 1430 1649 continentur,
1444 1580 1487 1634 vel
1506 1594 1571 1651 quae
1583 1595 1650 1652 pro-

103 1684 136 1726 ue
149 1651 178 1724 in
193 1670 365 1742 quibusdam
379 1687 440 1726 non
454 1677 535 1727 erant
547 1689 647 1742 cause,
662 1674 711 1729 sed
726 1674 782 1730 cri·
833 1672 931 1729 hibitae
950 1689 1010 1730 1111
1024 1676 1190 1729 111111111.
1205 1673 1235 1730 si
1258 1672 1322 1745 quis
1336 1673 1419 1728 aliter
1432 1689 1489 1728 non
1503 1672 1651 1744 acquieve-

103 1762 139 1818 iia
152 1763 244 1834 magis
267 1768 297 1818 nt
311 1764 507 1836 comperimus
526 1765 678 1839 iniquitate
697 1761 881 1839 quamBrit,
901 1767 956 1822 nisi
982 1771 1014 1823 ut
1039 1766 1204 1840 episcopum
1229 1770 1342 1822 accuset
1365 1783 1450 1838 supra
1477 1771 1572 1821 taxato
1599 1766 1653 1821 hoc

122 1854 259 1911 iratribus
278 1860 344 1911 sunt
368 1857 519 1930 imposita.
537 1860 570 1914 Et
585 1865 618 1915 ut
631 1859 666 1915 de
681 1865 784 1917 caetero
834 1867 931 1917 tenore
953 1876 1038 1934 agere
1059 1859 1183 1929 debebit,
1202 1860 1269 1932 quia
1290 1859 1372 1916 aliter
1396 1862 1457 1914 rata
1478 1876 1536 1915 non
1560 1863 1653 1931 potest

103 1947 125 2004 lo
136 1949 184 2015 sit,
200 1951 316 2005 natalia
331 1950 491 2019 deveniant,
506 1952 629 2024 capitula
649 1954 783 2026 quaedum
834 1953 974 2011 accusabo
990 1954 1110 2010 existere
1127 1972 1134 2009 :
1149 1959 1216 2009 tunc
1229 1953 1324 2027 primo
1339 1953 1461 2009 accusati
1474 1969 1588 2008 causam
1603 1969 1651 2007 ac-

109 2042 248 2115 palribus,
264 2047 323 2098 tam
344 2044 373 2099 in
395 2045 510 2101 Nicena
531 2047 639 2118 synodo
651 2064 737 2120 quam
752 2055 781 2105 et
834 2051 945 2104 cusator
956 2047 1032 2121 apud
1048 2047 1184 2121 primates
1197 2047 1333 2103 canonice
1349 2046 1469 2117 deferat,
1480 2062 1561 2102 neca
1576 2061 1652 2102 com-

103 2135 148 2193 ade
169 2137 323 2193 constituta
343 2155 496 2210 ponamus,
510 2140 613 2211 quibus
635 2141 736 2199 1111111
755 2146 785 2199 et
834 2141 971 2197 munione
993 2140 1178 2214 prohibeatur
1200 2143 1358 2210 aecusatus,
1373 2139 1428 2195 nisi
1444 2139 1480 2195 ad
1494 2139 1651 2195 electorum

103 2228 302 2300 linostrilulti,
312 2231 426 2287 insidias
436 2232 617 2291 inimicorum
627 2235 782 2292 auxiliante
831 2235 973 2306 judicium
986 2234 1122 2291 canoniae
1135 2239 1303 2289 convocatus
1315 2233 1390 2289 inira
1405 2239 1464 2289 tres
1478 2237 1527 2288 aut
1544 2249 1594 2289 sex
1607 2235 1652 2289 vel

103 2324 216 2380 valeant
238 2325 369 2394 evadere,
385 2331 414 2382 et
432 2333 519 2398 prout
541 2327 679 2384 Dominus
700 2346 783 2402 posse
833 2329 928 2401 plures
940 2345 1063 2398 menses,
1080 2344 1133 2400 pro
1146 2328 1205 2383 suis
1219 2327 1359 2383 rationem
1374 2325 1538 2383 redditurus
1552 2326 1652 2384 venire

103 2418 278 2490 paucioribus
291 2423 437 2475 tantorum
456 2421 599 2477 malorum
612 2421 705 2478 verbis
717 2423 781 2480 imi·
834 2423 989 2494 distulerit,
1004 2422 1080 2496 quod
1096 2423 1118 2477 si
1128 2422 1249 2494 probare
1264 2421 1388 2494 potuerit
1401 2421 1475 2494 quod
1486 2437 1545 2477 nou
1554 2422 1652 2476 nolue-

103 2510 314 2582 mpendium,et
322 2512 442 2568 strictim
452 2515 783 2586 quaeinvoluminelitte·
833 2516 879 2584 iit,
894 2516 944 2571 sed
968 2532 1025 2571 nou
1050 2515 1177 2588 potuerit
1194 2514 1299 2585 venire,
1313 2514 1385 2569 nihil
1406 2513 1431 2569 ei
1452 2513 1577 2570 nocebit.
1603 2513 1653 2569 1111

103 2607 234 2660 utranam
247 2605 451 2678 comperimus,
468 2610 665 2678 retractemus,
681 2616 710 2666 et
728 2611 782 2666 alia
832 2626 897 2664 1111
910 2609 997 2681 quivi
1012 2614 1062 2665 111
1078 2608 1178 2664 timore
1193 2625 1209 2663 a
1224 2608 1291 2663 sede
1306 2606 1415 2679 pulsus,
1428 2612 1477 2663 aut
1492 2607 1550 2662 suis
1565 2607 1651 2663 rebus

103 2697 249 2754 ¹instantis
262 2701 401 2773 temporis
423 2702 595 2770 necessaria,
607 2706 691 2774 prout
707 2704 781 2775 peti·
833 2703 1003 2775 exspoliatus
1023 2702 1119 2773 fuerit,
1134 2703 1189 2758 nisi
1213 2701 1292 2773 prius
1314 2704 1431 2756 vocetur
1451 2699 1488 2757 ad
1510 2701 1651 2773 synodum

103 2807 175 2847 mus.
189 2793 237 2848 Est
250 2809 375 2865 namque
389 2795 529 2867 synodicis
542 2795 690 2853 decretum
704 2797 782 2853 insti·
831 2813 917 2869 quam
930 2797 957 2853 ci
969 2797 1066 2853 omnia
1079 2797 1190 2869 legibus
1202 2788 1446 2867 redintegrentur,
1460 2797 1489 2850 et
1500 2793 1609 2849 tamdiu
1620 2793 1650 2848 iu

103 2901 186 2941 nemo
201 2887 365 2959 episcopum
386 2905 476 2960 penes
489 2890 638 2946 saculares
660 2891 782 2948 arbitros
831 2890 899 2946 sede
909 2890 1023 2963 propria
1035 2890 1149 2963 pacifice
1163 2894 1192 2944 et
1202 2888 1369 2962 potestative
1381 2891 1483 2943 cuncta
1496 2887 1650 2960 disponens

103 2979 150 3036 sed
161 2981 238 3052 apud
254 2997 384 3037 summos
399 2983 546 3054 primates.
562 2983 591 3040 Si
606 2984 669 3056 quis
683 2984 782 3041 advar-
831 2984 963 3052 resideat,
986 2984 1123 3057 quamdin
1145 2983 1278 3055 expulsus
1305 2982 1349 3038 111
1371 2982 1532 3054 expoliatus
1552 2997 1650 3038 111111

103 3088 182 3145 lpum
198 3091 313 3130 causam
324 3076 465 3146 habuerit,
481 3094 538 3132 non
551 3078 632 3150 prius
644 3077 713 3135 alios
723 3078 781 3151 api·
830 3079 904 3135 visus
918 3083 961 3134 est
973 3079 1067 3134 rebus.
1081 3078 1152 3135 Cum
1166 3081 1263 3133 autem
1281 3075 1318 3132 ad
1335 3075 1477 3148 judicium
1490 3075 1610 3147 venerit,
1625 3074 1648 3131 si

103 3166 203 3224 111111
220 3185 288 3224 eum
310 3174 434 3238 accuset,
450 3187 536 3243 quam
557 3171 739 3228 familiariter
754 3174 779 3229 ei
830 3174 993 3230 1111111111
1007 3188 1121 3228 necesse
1134 3171 1231 3238 fuerit,
1242 3170 1365 3225 inducie
1378 3170 1443 3226 1111
1456 3169 1651 3242 petentiapa·

103 3261 171 3317 iicet
183 3262 342 3334 querelam,
358 3267 387 3319 et
401 3264 437 3320 ab
451 3281 485 3320 eo
499 3265 664 3338 autjustam
678 3283 779 3322 emen·
829 3268 921 3322 tribus
931 3265 1091 3322 constitutae
1100 3263 1207 3337 absque
1220 3263 1427 3336 impedimento
1441 3261 1648 3331 concedantur,

103 3359 175 3411 rant
187 3357 387 3413 rationabilem
401 3358 543 3431 percipiat
558 3361 778 3430 excusationem,
830 3365 859 3416 et
869 3360 1010 3433 judicesa
1028 3375 1058 3414 se
1072 3357 1152 3414 electi
1168 3356 1340 3425 tribuantur,
1353 3356 1428 3412 utin
1440 3355 1503 3411 loco
1517 3356 1592 3411 unde
1606 3360 1649 3411 ast

103 3464 134 3505 os
154 3449 312 3507 instruente
325 3452 449 3508 varitate
464 3469 471 3508 ε
489 3473 504 3503 «
520 3453 549 3509 si
572 3455 732 3526 peccaverit
749 3455 779 3510 in
828 3455 876 3510 ille
891 3454 940 3527 qui
959 3457 1117 3519 accusatur,
1135 3454 1185 3505 aut
1207 3451 1231 3505 si
1252 3450 1319 3505 alibi
1344 3449 1465 3520 alicujus
1486 3449 1648 3504 temeraria.

102 3544 779 3620 11111111111111111111111111111111111
829 3546 1021 3604 multitudinis
1042 3546 1100 3601 vim
1124 3544 1270 3614 metuerit,
1291 3544 1386 3599 locum
1407 3542 1462 3598 sibi
1486 3558 1649 3614 congruum

103 3636 116 3692 1
144 3640 172 3693 te
197 3655 255 3694 non
284 3640 417 3710 audierit,
433 3641 538 3696 adhibe
565 3641 637 3698 dvaos
655 3643 700 3698 vel
722 3645 779 3698 tres
829 3643 926 3714 eligat,
935 3640 1104 3714 quoabsqua
1114 3639 1217 3694 timore
1230 3652 1308 3705 suos,
1317 3636 1341 3693 11
1354 3634 1506 3692 necessitas
1515 3652 1647 3708 exposce·

103 3733 112 3787 t
132 3731 156 3786 si
172 3748 230 3787 non
244 3749 291 3787 vos
307 3733 441 3805 audierit,
455 3734 500 3789 dic
524 3736 654 3791 Ecclesiae
670 3737 776 3807 (llottb.
828 3737 875 3804 rit,
891 3738 976 3791 testes
987 3733 1093 3790 habere
1105 3736 1135 3788 et
1156 3732 1262 3804 absque
1274 3728 1485 3802 impedimento
1500 3745 1582 3785 suam
1598 3745 1645 3784 ca·

103 3826 155 3897 11),
172 3848 185 3876 a
207 3825 236 3880 id
255 3833 308 3896 est,
324 3844 424 3883 accusa
448 3845 514 3884 eum
538 3830 649 3900 publice
670 3837 698 3887 at
719 3849 778 3889 non
828 3828 929 3886 nonice
942 3827 1114 3886 sententiam
1128 3826 1211 3881 linire
1225 3825 1325 3895 valeat,
1340 3823 1407 3896 quia
1420 3823 1513 3879 multa
1523 3838 1576 3895 per
1583 3821 1647 3879 sub·

103 3920 220 3993 reliqna.
235 3921 264 3976 Si
278 3921 342 3994 quis
355 3921 524 3994 episcopum
538 3928 602 3995 post
615 3924 675 3980 haec
686 3926 779 3999 elego·
827 3923 987 3996 reptionem
1006 3922 1102 3978 venire
1122 3920 1224 3976 solent.
1251 3919 1287 3975 Ut
1305 3916 1473 3975 testificandi
1494 3917 1540 3972 111
1562 3931 1646 3973 accu-

103 4029 153 4083 rre,
168 4014 287 4069 summis
298 4015 467 4087 primatibus
487 4016 684 4089 episcoporum
697 4036 778 4077 suam
827 4018 909 4087 sandi
921 4016 1036 4074 licentia
1048 4015 1206 4087 denegatur
1216 4012 1265 4085 qui
1278 4010 1445 4068 Christianos
1459 4010 1607 4083 religionis
1618 4016 1648 4067 at

103 4122 212 4176 ausam,
228 4113 257 4164 et
274 4125 333 4164 non
356 4109 552 4178 saecularibus,
566 4112 614 4184 qui
629 4113 723 4186 magis
741 4113 777 4170 ad
828 4111 953 4168 nominis
966 4111 1147 4184 dignitatem,
1163 4111 1191 4164 et
1209 4123 1268 4162 suae
1283 4106 1365 4179 legis,
1378 4106 1423 4160 vel
1445 4103 1489 4160 sui
1508 4103 1646 4177 propositi

103 4215 170 4257 uam
191 4201 228 4256 ad
242 4202 385 4273 iudicium
407 4220 456 4259 eos
477 4210 620 4276 revocent,
636 4209 669 4261 ut
682 4207 775 4263 chari·
826 4222 969 4277 normam,
982 4209 1032 4262 aut
1044 4202 1216 4276 regulariter
1228 4199 1372 4274 prohibita
1381 4197 1568 4272 neglexerint.
1579 4198 1647 4254 1111-

103 4293 193 4351 mibus
203 4299 232 4351 et
240 4296 276 4351 ab
290 4296 424 4352 omnibus
437 4297 622 4357 custodiatur.
633 4300 661 4356 Si
671 4301 775 4372 prima·
825 4307 888 4357 tum
901 4299 1047 4372 derogatio
1059 4298 1192 4372 prevalet
1203 4293 1319 4369 quando
1338 4294 1492 4366 derogator
1508 4292 1644 4362 creditur,

103 4390 194 4444 stores
207 4390 406 4462 episcoporum
427 4409 492 4448 cum
509 4393 549 4449 eis
568 4393 718 4466 pacificare
732 4395 774 4451 11·
825 4394 890 4450 ideo
917 4393 1001 4449 variis
1025 4389 1278 4448 detrectationibus
1304 4393 1390 4460 atqua
1415 4385 1643 4443 accusationibus

103 4481 242 4538 rminime
256 4485 412 4557 potuerint,
424 4490 493 4542 tunc
505 4492 635 4560 tempore
645 4488 774 4560 legitimo
786 4513 814 4588 D
826 4505 884 4544 non
896 4487 978 4542 decet
991 4485 1156 4541 labefactari
1170 4484 1334 4555 primatem,
1351 4480 1401 4536 sed
1423 4478 1515 4551 magis
1528 4481 1644 4551 patrum

103 4577 229 4649 ynodum
253 4579 386 4634 canonice
411 4584 596 4636 convocatam
620 4598 677 4637 111
700 4583 775 4639 inira
825 4581 932 4654 regulis
951 4579 1089 4648 roborari,
1105 4593 1158 4635 nee
1174 4576 1255 4632 facile
1276 4577 1327 4631 aut
1343 4572 1539 4628 indifferenter
1556 4571 1643 4627 susci-

113 4671 248 4744 tempora
290 4672 426 4729 canonice
457 4678 620 4745 convocent,
651 4680 680 4731 et
715 4693 774 4734 uon
824 4692 893 4749 pare
908 4673 1105 4730 accusationes
1117 4673 1284 4744 praesumat,
1299 4668 1410 4724 dicente
1425 4665 1642 4722 Dominotllon

103 4780 137 4820 un
149 4765 191 4820 eis
203 4783 255 4837 per
268 4767 371 4840 scripta
384 4768 553 4840 significent,
566 4770 645 4843 quod
661 4771 701 4825 eis
721 4787 773 4842 op·
824 4769 958 4841 suscipias
972 4782 1070 4823 vocem
1082 4763 1237 4833 mendacii;
1257 4762 1306 4819 sed
1324 4760 1404 4834 prius
1417 4761 1538 4834 probare
1557 4760 1644 4817 debet

103 4862 125 4913 11
145 4858 181 4913 ad
203 4861 417 4930 responsionem
439 4863 591 4935 preparati
610 4864 773 4920 adveniant.
824 4863 1015 4936 suspicionem
1027 4864 1056 4916 et
1069 4874 1185 4916 causam
1199 4861 1250 4912 aut
1262 4872 1318 4929 quo
1330 4855 1426 4911 animo
1439 4854 1492 4910 hoc
1504 4854 1602 4925 faciat,
1613 4859 1642 4911 et

103 4955 147 5006 sut
166 4951 193 5006 vi
219 4958 269 5008 aut
294 4955 396 5009 timore
421 4955 515 5026 ejecti,
536 4962 585 5012 aut
607 4957 665 5012 suis
689 4958 775 5013 reb'us
824 4944 1009 5031 postmodum
1032 4953 1186 5026 smoipere,
1201 4951 1267 5024 quia
1288 4949 1414 5006 veritatis
1434 4948 1642 5021 professionem

103 5043 107 5098 i
119 5045 237 5113 tuerint,
247 5063 299 5102 nec
312 5048 449 5104 canonice
464 5051 574 5105 evocari
583 5051 620 5106 ad
633 5052 775 5124 synodum
824 5045 1232 5125 propinquitatis,inimicitiae,
1240 5044 1361 5113 timoris,
1368 5043 1551 5113 amoris,odii
1559 5047 1588 5100 et
1596 5060 1643 5100 eu·

103 5154 154 5195 nee
176 5142 348 5211 respondere
372 5143 483 5198 aemulis
497 5144 599 5199 debent
620 5150 774 5217 antequam
823 5145 950 5218 piditatis
962 5143 1082 5199 intentio
1095 5141 1234 5213 impedire
1247 5143 1277 5194 et
1289 5139 1405 5194 adversa
1418 5137 1555 5194 fratribus
1567 5136 1640 5191 irro-

113 5235 311 5304 restituantur,
335 5240 364 5290 et
387 5253 439 5291 sua
463 5238 503 5292 eis
527 5238 621 5292 omnia
645 5239 776 5312 legaliter
824 5255 893 5312 gara
913 5239 995 5294 solet.
1010 5238 1139 5293 Persona
1159 5233 1353 5290 accusantium
1373 5232 1443 5288 tales
1457 5247 1518 5286 esse
1533 5229 1640 5286 debent

103 5343 125 5384 r.
153 5327 182 5384 Si
203 5329 268 5401 quis
288 5330 484 5402 episcoporum
506 5332 594 5387 suerit
614 5333 671 5386 suis
688 5332 775 5389 rebus
825 5349 947 5406 quarum
967 5329 1039 5389 fides
1061 5335 1090 5386 et
1109 5328 1284 5385 conversatio
1300 5326 1398 5382 civita
1419 5322 1593 5397 probabilius
1611 5327 1640 5377 et

103 5438 140 5493 rs,
152 5426 203 5477 aut
216 5439 234 5478 a
248 5440 298 5478 sua
321 5425 438 5479 ecclesia
453 5425 480 5479 vi
493 5429 543 5480 aut
558 5427 659 5482 timore
675 5427 773 5500 expul·
824 5427 932 5500 absque
959 5423 1182 5498 reprehensione
1201 5421 1248 5490 sit,
1271 5424 1300 5476 et
1324 5435 1390 5492 quae
1417 5415 1496 5472 omni
1522 5418 1640 5470 careant

103 5515 110 5570 l
130 5517 208 5572 omni
230 5517 392 5573 Christiano
412 5519 523 5575 nomini
548 5525 590 5575 est
612 5521 774 5593 inimicum,
824 5519 994 5593 suspicione,
1010 5518 1077 5592 quia
1090 5523 1119 5574 et
1132 5518 1187 5572 hoc
1198 5522 1227 5572 ta
1243 5515 1392 5587 1111111111,
1409 5512 1441 5564 11
1459 5508 1532 5564 bene
1555 5507 1639 5576 nosti,

104 5611 117 5664 1
136 5608 219 5666 decet
240 5611 440 5684 episcoporum
463 5615 641 5685 propositum
662 5632 776 5689 semper
824 5599 1640 5686 inNicaenasynodoproptermalorumbominumintesta·

103 5708 155 5760 1111
169 5703 282 5775 cedere,
302 5709 332 5761 ut
345 5707 442 5763 omnia
455 5724 519 5780 quae
534 5708 630 5764 ablata
642 5713 708 5765 suut
723 5726 773 5784 po·
824 5709 933 5764 tionem
954 5707 989 5762 ab
1010 5706 1141 5762 omnibus
1167 5695 1466 5763 (1111111111111,11111
1487 5710 1641 5768 pravorum

103 5812 127 5854 11
142 5797 274 5873 legaliter
288 5800 452 5872 reddantur,
469 5809 497 5858 et
517 5803 621 5877 presul
638 5803 773 5877 1111111-
825 5801 979 5859 hominum
998 5799 1108 5855 insidiis
1121 5799 1177 5853 sint
1191 5797 1252 5851 11111
1271 5792 1327 5848 alia
1348 5787 1521 5864 quamplura
1538 5787 1641 5850 dotata.
