3870 6150
614 235 850 293 lllltlttlJTlllt'lt
871 243 898 290 tlt
907 239 1062 293 nnllltln.
1616 255 1667 305 :lto

103 365 120 403 e
143 345 254 403 clericis
282 350 311 401 et
336 346 483 402 monachis
513 346 800 416 excommunicandis,
813 359 842 433 Α
887 352 931 404 25.
949 348 1029 412 Quod
1044 366 1100 404 non
1116 356 1248 422 oporteat
1259 355 1324 424 post
1336 354 1446 411 obitum
1458 356 1584 429 episcopi
1594 361 1667 414 onti-

103 443 152 496 iter
160 441 334 495 voluntatem
345 439 386 493 sui
400 439 524 511 episcopi
532 439 567 494 ad
578 439 680 495 urbem
691 441 802 513 regiam
851 443 1003 503 nationem
1014 443 1129 498 alterins
1141 445 1256 501 differre
1272 447 1403 520 episcopi.

886 540 931 592 26.
947 536 987 591 De
1011 539 1172 606 aeconomis,
1190 539 1219 595 id
1233 545 1274 596 est
1288 541 1534 615 dispensatoribus
1548 544 1668 618 siugulis

104 628 161 684 uod
182 644 240 682 non
262 626 344 682 liceat
366 626 539 683 monasteria
562 644 625 698 quae
641 632 802 685 consecrata
852 629 982 687 Ecclesiis
994 629 1143 687 habendis.
1657 645 1660 650 ·

103 723 223 779 versoria
236 720 382 778 saecularia
397 720 470 777 sieri.
887 726 931 779 27.
945 712 986 782 Be
1000 722 1045 779 bis
1059 723 1108 797 qui
1122 724 1174 780 sibi
1188 726 1302 799 rapiunt
1315 745 1426 787 uxores.

641 887 990 898 m———n--a-

218 1061 464 1142 INCIPIUNT
501 1062 722 1144 DECRETA
759 1064 964 1145 CONClLlI
1001 1066 1433 1150 CHALCEDONENSIS.

569 1247 676 1327 (Arene
691 1249 828 1313 Domini
839 1254 910 1325 tet,
931 1252 965 1315 in
981 1251 1084 1328 Asia.)

720 1429 926 1445 *a*

103 1571 145 1627 las
156 1572 262 1627 sanctis
275 1571 402 1626 Patribus
415 1571 443 1626 in
457 1587 629 1644 unaquaque
640 1574 748 1645 synodo
759 1587 842 1660 usss
853 1576 1082 1650 sunt,subJ'ectos
1091 1595 1151 1636 esse
1162 1580 1266 1636 debere
1276 1579 1410 1652 episcopo
1418 1584 1448 1637 et
1455 1580 1543 1653 quieti
1551 1596 1667 1652 operam

103 1681 129 1722 re
142 1666 276 1737 prolatas,
292 1665 442 1737 proprium
458 1666 544 1723 robur
557 1668 685 1724 obtinere
699 1669 801 1725 statui·
852 1671 931 1740 dare,
946 1674 1032 1745 atque
1044 1673 1192 1729 ohservare
1210 1674 1320 1746 jejunia
1342 1676 1370 1730 et
1389 1673 1529 1730 orationes
1551 1674 1581 1729 in
1602 1674 1669 1730 loeis

109 1770 113 1775 ·
853 1765 995 1838 inquibus
1010 1767 1097 1822 semel
1111 1769 1168 1823 ileo
1183 1782 1213 1823 se
1226 1767 1401 1824 devoverunt
1412 1771 1624 1840 permanentes,
1639 1771 1669 1821 et

112 1855 177 1928 quis
197 1855 397 1928 episcoporum
412 1861 527 1929 accepta
546 1859 669 1929 pecunia
684 1858 800 1914 ordina·
852 1876 945 1932 neque
959 1861 1174 1917 communicare
1189 1861 1393 1918 ecclesiastices
1411 1877 1503 1933 neque
1517 1860 1667 1916 seculares

103 1948 214 2017 iecerit,
228 1953 256 2004 et
271 1950 323 2004 snb
333 1951 456 2021 pretium
472 1950 622 2006 deduxerit
631 1951 803 2024 impretiahi·
852 1953 963 2025 aliquas
976 1958 1128 2010 attrectare
1140 1955 1263 2010 actiones
1277 1953 1471 2026 relinquentes
1483 1952 1600 2025 proprie
1609 1970 1668 2008 mo·

103 2043 180 2100 ‚tiam
196 2046 281 2114 alque
298 2044 471 2100 ordinaverit
486 2061 538 2117 per
550 2044 684 2116 pecunias
697 2046 802 2116 episco-
852 2047 985 2118 nasteria,
1000 2047 1056 2104 nisi
1071 2048 1146 2104 forte
1158 2048 1319 2121 jubeantur
1332 2051 1450 2119 propter
1463 2049 1600 2118 urgentes
1615 2062 1664 2100 ne—

103 2137 697 2210 vecocpiscopnm‚sivepresbyterum,sive
707 2139 800 2195 diaeo·
852 2140 995 2197 cessitates
1010 2142 1045 2196 ab
1060 2141 1148 2213 ipsius
1170 2141 1289 2197 civitatis
1313 2141 1463 2214 episcopm
1478 2144 1506 2195 et
1520 2139 1666 2195 neminem

103 2234 139 2286 ,ut
163 2247 364 2302 quemcunque
394 2233 480 2286 alium
504 2233 552 2303 qni
580 2237 803 2288 connumeratur
852 2252 1000 2290 servorum
1014 2236 1118 2308 suscipi
1134 2236 1163 2291 iu
1174 2235 1382 2291 monasterinm
1393 2234 1470 2289 utsit
1481 2251 1546 2289 cum
1557 2234 1598 2289 eis
1608 2250 1667 2288 mo-

103 2324 201 2393 ericos,
217 2328 266 2379 aut
278 2329 391 2396 acccepta
407 2327 528 2396 pecunie
540 2327 713 2382 ordinaverit
725 2343 800 2382 nico·
851 2330 969 2399 nachus,
984 2330 1039 2384 nisi
1056 2346 1121 2385 cum
1137 2329 1251 2384 Domini
1267 2329 1375 2401 proprii
1392 2328 1575 2398 conscientia,
1590 2344 1664 2400 prae·

106 2460 113 2485 ‚
140 2418 169 2472 id
192 2424 236 2473 est
264 2419 443 2474 defensorem
473 2420 531 2474 sive
553 2421 800 2492 paramonarium,
851 2421 1669 2479 tereuntemverohaecdccrevimusextracommunionem

103 2528 148 2584 [ue
159 2528 228 2583 ergo
243 2512 303 2567 huc
314 2512 466 2568 meditatus
480 2513 575 2581 inerit,
587 2514 644 2568 sive
657 2514 801 2569 convictus
852 2533 924 2584 esse,
948 2532 983 2573 ne
1008 2533 1115 2572 nomen
1144 2517 1257 2572 Domini
1284 2517 1505 2588 blasphemetur.
1530 2514 1669 2573 Convenit

105 2621 154 2678 pse
178 2605 293 2677 quidem
317 2606 419 2661 subeat
435 2607 540 2677 gradus
561 2608 604 2662 sui
627 2608 757 2678 periculi,
773 2612 802 2662 ct
853 2626 921 2680 ergo
931 2610 1051 2664 civitatis
1063 2610 1196 2681 episeopo
1211 2626 1311 2665 curam
1325 2608 1601 2680 sollicitudinemque
1615 2623 1666 2663 ne-

103 2698 247 2754 ordinatus
261 2699 356 2767 inerit,
372 2700 483 2754 nullum
503 2700 607 2755 habeat
627 2702 752 2756 fructum
768 2718 800 2755 ex
852 2703 1001 2758 cessariam
1017 2703 1199 2758 monasteriis
1216 2703 1363 2759 exhibere.

103 2793 148 2848 odi
161 2792 351 2848 mercimonio
361 2793 542 2848 etcreatione
553 2794 700 2866 probrosa,
710 2795 757 2849 sed
766 2795 802 2850 sit
887 2798 917 2850 V.
932 2797 1051 2868 Propter
1065 2812 1111 2851 eos
1126 2797 1273 2868 episcopos
1299 2797 1356 2852 sire
1377 2795 1494 2853 elericos
1515 2796 1565 2869 qui
1578 2796 1614 2850 de
1628 2796 1665 2850 ci-

108 2890 135 2940 et
147 2885 294 2955 dignitatis
315 2891 344 2940 el
365 2886 563 2941 sollicitudinis
578 2888 639 2957 ejus
650 2904 736 2960 quam
751 2905 802 2960 per
851 2891 936 2946 vitate
956 2891 992 2947 ad
1011 2889 1154 2946 civitatem
1176 2894 1335 2959 transeunt,
1357 2890 1464 2962 placuit
1486 2889 1668 2945 definitiones

103 2995 123 3033 rs
137 2979 261 3045 intravit,
275 2980 323 3033 sed
339 2984 367 3034 et
380 2979 426 3034 ille
441 2980 560 3052 quitum
581 2981 711 3053 turpibus
725 2986 754 3036 ct
768 2960 840 3036 il-C
855 2985 961 3040 detnsa
981 2984 1084 3040 sanctis
1098 2984 1227 3040 Patribus
1249 2985 1355 3040 babere
1376 2984 1525 3057 propriam
1548 2983 1666 3039 tirmite-

103 3075 254 3128 rtercessor
267 3073 408 3145 apparuit,
423 3073 563 3146 siquidem
578 3074 696 3131 clericus
707 3075 802 3146 fuerit,
854 3079 924 3130 tem.
1471 3076 1481 3091 ⁸

103 3166 151 3222 nio
167 3166 295 3221 discedet
318 3165 419 3238 gradu.
434 3168 462 3224 Si
476 3185 543 3223 vero
556 3169 643 3224 laicus
666 3169 722 3224 sive
738 3185 801 3224 mo·
888 3169 931 3223 Vl.
949 3169 1098 3223 Neminem
1116 3157 1244 3222 absolute
1267 3168 1391 3223 ordinari
1407 3167 1606 3239 presbyterum
1626 3167 1668 3221 vel

105 3261 200 3327 merit,
219 3262 370 3315 anathema
384 3263 428 3316 sit.
854 3262 1015 3331 diaconum,
1035 3277 1088 3317 uec
1111 3261 1268 3333 quemlibet
1289 3262 1318 3316 in
1340 3260 1529 3317 ecclesiastica
1553 3259 1668 3316 ordina·

103 3355 208 3411 ervenit
225 3355 255 3409 in
270 3360 397 3411 sanctam
413 3357 556 3428 synodum
572 3357 683 3429 quiade
697 3356 803 3428 hisqui
853 3355 931 3411 tione
945 3355 1141 3422 constitutum,
1156 3355 1212 3411 nisi
1232 3355 1381 3411 manifeste
1403 3355 1433 3410 in
1457 3354 1579 3410 Ecclesia
1600 3352 1668 3408 civi·

103 3455 376 3517 lconnumerantur,
390 3449 506 3523 quidam
521 3455 638 3523 propter
653 3451 745 3522 turpis
757 3450 801 3504 ln-
854 3449 927 3517 tatis,
941 3449 1000 3505 sive
1013 3449 1208 3521 possessionis,
1222 3454 1272 3506 aut
1289 3450 1319 3504 in
1341 3448 1488 3520 martyrio,
1501 3447 1591 3502 autin
1607 3462 1668 3501 mo-

103 3543 166 3599 dam
181 3544 321 3615 majorum
337 3544 546 3615 possessionum
559 3545 761 3599 conductiones
775 3549 803 3599 et
853 3544 976 3598 nasterio
988 3543 1034 3598 hic
1047 3544 1097 3614 qui
1109 3544 1257 3599 ordinatur
1266 3547 1410 3599 mereatur
1424 3539 1608 3597 ordinationis
1618 3556 1669 3613 pu-

106 3640 254 3693 saeculeres
278 3638 444 3710 suscipiunt,
467 3643 495 3693 et
518 3639 624 3709 seipsos
646 3638 764 3710 quidem
786 3655 804 3692 a
852 3636 1145 3692 blicarevocabulum.
1159 3639 1265 3693 Eomm
1282 3635 1331 3708 qui
1344 3635 1473 3691 absolute
1489 3634 1667 3702 ordinantur,

103 3731 152 3786 riis
165 3732 268 3786 sanctis
282 3749 335 3803 per
345 3731 483 3787 desidiam
500 3736 643 3803 separant,
655 3732 690 3786 ad
705 3731 803 3787 domos
853 3729 980 3785 decrevit
991 3735 1088 3785 sancta
1105 3730 1229 3802 synodus
1241 3745 1362 3785 vacuam
1378 3729 1483 3783 habere
1497 3743 1601 3782 manus
1613 3726 1668 3781 im·

103 3825 278 3881 vaecularium
292 3830 467 3880 concurrunt
481 3830 510 3880 et
521 3825 745 3881 substantiarum
760 3842 803 3881 eo
853 3824 1032 3895 positionem,
1046 3828 1075 3879 et
1099 3825 1209 3879 nullum
1234 3824 1288 3879 lale
1310 3823 1417 3878 iactum
1436 3821 1528 3876 valere
1542 3820 1577 3875 ad
1593 3820 1667 3891 inju-

103 3917 285 3974 bernationes
299 3919 424 3973 avaritia
447 3936 533 3975 causa
557 3919 725 3991 suscipiunt.
747 3921 801 3975 De·
854 3918 924 3972 nom
936 3916 1055 3990 ejusqui
1069 3934 1136 3973 eum
1149 3915 1299 3972 ordinavit.

103 4029 152 4085 rgo
161 4018 256 4068 sancta
264 4016 293 4068 et
303 4029 411 4083 magna
424 4012 714 4084 synodusmeminem
725 4014 803 4068 dein·
889 4011 943 4066 Vll.
959 4012 1013 4066 lios
1026 4012 1076 4084 qui
1089 4011 1178 4067 semel
1192 4010 1221 4065 in
1241 4010 1316 4065 clero
1330 4008 1420 4064 taxati
1433 4007 1559 4074 fuerunt,
1570 4007 1628 4061 sive
1639 4007 1669 4060 in

103 4128 177 4179 ram,
192 4112 245 4166 hoe
258 4115 310 4179 est,
325 4127 383 4166 non
394 4111 568 4183 episcopum,
583 4112 641 4166 sive
655 4111 802 4178 clericum,
854 4103 1032 4160 monasteriis
1054 4105 1193 4177 deputati,
1217 4102 1405 4171 decrevimus,
1419 4117 1513 4173 neque
1534 4099 1571 4154 ad
1592 4098 1668 4153 mili-

103 4206 221 4260 uachum
236 4207 392 4261 conducere
408 4206 610 4277 possessiones,
628 4210 678 4260 aut
692 4205 804 4260 misceri
854 4198 935 4268 tiam,
945 4213 1038 4271 neque
1053 4199 1089 4254 ad
1099 4198 1221 4254 honores
1231 4197 1381 4253 soeculares
1392 4193 1499 4250 venire·
1510 4195 1563 4249 Eos
1574 4195 1670 4248 autem

105 4298 168 4354 ibus
177 4300 433 4370 procurationibus,
442 4298 494 4354 nisi
506 4301 580 4354 iorte
589 4299 638 4370 qui
648 4299 758 4371 legibus
767 4299 803 4354 ad
854 4292 903 4365 qui
915 4293 971 4349 hoc
983 4292 1044 4348 ausi
1057 4293 1176 4348 suerunt
1187 4292 1279 4347 iacere
1295 4294 1324 4346 et
1337 4292 1503 4345 nouaclum
1518 4286 1561 4342 rei
1577 4286 1669 4359 peani-

103 4409 130 4447 m
144 4393 246 4447 tutelas
267 4397 394 4461 aetatum,
409 4393 466 4447 sive
481 4394 641 4448 curationes
654 4392 802 4448 inexcusa-
853 4391 915 4442 tere
929 4387 1089 4455 maluerint,
1103 4390 1135 4442 ut
1153 4386 1189 4440 ad
1213 4386 1266 4441 hoc
1289 4384 1366 4440 idem
1388 4384 1577 4449 revertantur,
1594 4381 1670 4451 quod

103 4485 261 4552 trahuntur,
278 4492 328 4542 aut
343 4487 388 4541 cui
406 4487 495 4559 ipsius
513 4486 631 4542 civitatis
654 4487 804 4558 episcopus
854 4485 920 4536 ante
933 4481 1083 4537 obtentum
1102 4479 1151 4535 [lei
1169 4481 1381 4552 proposuerunt
1401 4475 1455 4530 sibi
1478 4473 1669 4530 anathemati-

103 4580 240 4636 sticamm
251 4597 345 4636 rerum
357 4580 533 4636 commiserit
544 4581 750 4652 gubernacula,
760 4580 805 4635 vel
855 4573 923 4629 zati.

103 4690 190 4741 rrum,
202 4676 251 4729 aut
259 4674 411 4730 viduarum
424 4691 488 4746 quoe
501 4673 658 4730 indefensae
671 4677 747 4742 sunt,
756 4677 806 4728 aut
891 4668 956 4723 Vlll.
965 4667 1064 4724 Clerici
1076 4667 1105 4722 in
1114 4666 1266 4739 parochiis,
1277 4662 1456 4720 monasteriis
1469 4666 1519 4718 aut
1529 4659 1673 4733 martyriis

103 4785 367 4841 personarumque}
388 4769 513 4824 maxime
527 4766 804 4823 ecclesiasticoindi·
855 4761 1012 4829 constituti,
1021 4761 1073 4815 sub
1085 4762 1225 4836 potestate
1236 4755 1673 4830 sintejusquiineaestcivitate
1764 4830 1769 4839 ι

103 4860 256 4930 iminiculo,
270 4866 389 4934 propter
402 4863 534 4918 timorem
545 4861 603 4916 [lei.
618 4862 645 4918 Si
661 4861 725 4933 quis
738 4876 805 4917 vero
856 4855 1003 4927 episcopus
1013 4854 1171 4910 secundum
1181 4852 1363 4909 traditionem
1373 4855 1533 4907 sanctorum
1543 4851 1671 4915 Petrum,

104 4973 182 5012 essus
196 4956 283 5011 suern
297 4959 411 5024 statuta,
426 4955 594 5029 correptioni
612 4955 805 5011 ecclesiasticae
858 4966 908 5005 nee
917 4944 1607 5022 perpresumptionemrecedantasuoepiscopo.
1618 4943 1672 4997 Eos

103 5055 140 5107 at.
856 5059 923 5098 vcro
939 5043 988 5113 qui
1004 5042 1066 5097 ausi
1079 5040 1195 5097 fuerunt
1208 5040 1369 5098 rescindere
1383 5038 1546 5112 hujusmodi
1558 5037 1671 5092 institu-

103 5144 136 5200 tri
149 5161 216 5199 vere
233 5149 261 5198 et
276 5161 346 5215 pure
362 5143 517 5200 solitariam
531 5143 642 5215 eligunt
656 5142 755 5210 vitem,
767 5142 806 5197 di·
858 5137 966 5192 tionem
982 5152 1153 5209 quocunque
1166 5137 1263 5205 modo,
1273 5136 1318 5192 vel
1330 5134 1353 5190 si
1366 5133 1513 5190 noluerint
1526 5131 1672 5203 subjacere

103 5242 117 5292 t
134 5237 316 5294 convenienti
338 5239 456 5293 honore.
482 5237 553 5302 Quia
575 5241 669 5292 tamen
690 5235 806 5307 quidam
857 5231 974 5303 proprio
989 5231 1134 5304 episeopo,
1148 5230 1171 5285 si
1181 5230 1299 5303 quidem
1312 5227 1417 5284 fuerint
1429 5226 1595 5297 clerici,pro
1610 5238 1672 5293 per·

103 5332 121 5388 ri
142 5332 245 5388 habitu
261 5335 374 5387 utentes
390 5331 585 5386 indifferenter
603 5347 655 5403 per
669 5330 805 5397 civitates,
858 5341 991 5381 sonarum
1008 5324 1189 5380 ordinatione
1211 5324 1373 5396 subjaceant
1387 5315 1672 5377 condemnationibus

114 5429 143 5482 et
152 5426 328 5484 monasteria
342 5426 448 5497 seipsos
460 5425 575 5496 propria
585 5422 807 5496 praesumptione
857 5435 1012 5476 canonum.
1023 5418 1051 5475 Si
1058 5434 1123 5473 vero
1135 5417 1267 5474 monaehi
1281 5434 1332 5473 seu
1344 5415 1407 5472 laici
1419 5412 1534 5478 tuerint,
1544 5422 1671 5464 commn-

103 5520 200 5585 ndant‚
216 5520 322 5591 placuit
346 5519 504 5586 neminem,
523 5524 572 5573 aut
594 5517 743 5588 aedificare,
758 5520 809 5572 aut
857 5513 941 5569 aione
954 5513 1110 5586 priventur.

102 5630 161 5670 iere
184 5614 370 5683 monasteria,
392 5619 441 5668 ant
461 5613 576 5668 oratorii
602 5613 721 5667 domum
743 5611 807 5666 sine
895 5609 935 5663 li.
953 5607 982 5664 Si
999 5606 1119 5663 clericus
1141 5607 1274 5662 adversus
1295 5603 1429 5659 clericum
1455 5597 1557 5654 habeat
1581 5610 1671 5666 negoe

103 5707 158 5765 ulia
168 5708 256 5780 ipsius
268 5708 388 5763 civitatis
399 5708 534 5779 episcopi.
551 5709 605 5762 Eos
618 5722 685 5761 vcro
696 5703 744 5779 qui
755 5721 809 5777 per
858 5702 939 5771 tium,
947 5716 1005 5757 non
1017 5701 1162 5774 relinquat
1174 5716 1257 5756 sunm
1270 5697 1433 5770 episcopum
1445 5690 1518 5747 etad
1528 5688 1671 5745 saecularia

103 5819 111 5853 v
135 5802 263 5858 civitates
285 5819 332 5856 sen
358 5803 548 5874 possessiones
576 5801 604 5854 in
628 5799 807 5857 monasteriis
854 5795 961 5867 judicia
975 5798 1133 5863 concurrat,
1146 5794 1196 5851 sed
1205 5792 1283 5864 prius
1296 5787 1443 5860 negotium
1458 5784 1584 5858 agitetur
1595 5783 1670 5858 apud
