3870 6150
210 283 291 335 ses.
648 274 792 331 menan.
812 246 955 330 susac.
975 269 1208 328 tx.-1stuoa1
1225 232 1438 327 usacmoms
1840 269 1889 322 set

209 385 263 442 bus
276 400 325 441 eos
336 383 434 440 retulit
444 387 539 440 restra
548 383 662 440 dilectio
671 383 791 455 jactare.
809 382 875 438 ideo
889 382 1022 439 Acacium
1034 392 1063 465 Α
1073 379 1172 435 stituta
1183 380 1346 433 temerasse.
1358 377 1418 432 Non
1428 380 1524 432 summ
1534 389 1585 431 nos
1597 374 1669 430 latet
1679 373 1711 429 in
1720 376 1891 446 tempestate

209 495 268 535 noo
278 483 377 550 putare
380 478 445 550 jure
451 477 632 545 damnatum,
640 477 780 549 quodnon
792 476 906 547 speciali
917 476 1025 548 synodo
1075 470 1278 544 persecutionis
1290 471 1401 528 Ariana
1415 469 1553 541 plurimos
1566 467 1715 540 pontifices
1728 468 1765 524 de
1778 467 1890 531 exsiliis,

210 573 339 627 videatur
356 572 442 628 luisse
456 572 592 643 dejectus,
607 577 636 626 at
649 572 766 643 insuper
778 570 953 626 dementiam
968 588 1025 626 suae
1074 581 1144 637 pace
1157 564 1278 633 reddita,
1293 564 1465 636 respirantes
1478 579 1532 633 per
1544 565 1636 618 certas
1648 561 1814 633 provincias
1827 578 1890 616 wn-

210 665 345 720 vanitatis
359 665 553 721 accumulatur
569 665 717 736 pueriliter
730 665 865 732 diceutes,
882 664 1025 736 praecipua
1075 658 1201 731 gregalis
1220 674 1317 713 secum
1327 657 1463 712 iratribus
1476 656 1614 712 Ecclesiae
1622 655 1823 727 composuisse
1835 659 1890 709 tur-

209 759 373 830 pontificem
387 758 474 831 regies
487 757 617 814 civitatis.
631 759 811 830 Quapropter
821 757 971 813 stultitiam
980 774 1025 812 re·
1074 753 1165 808 betas.
1177 752 1236 807 Non
1248 756 1344 808 minen
1358 751 1456 806 utilius
1465 749 1565 822 synodi
1575 749 1699 804 Nicaenae
1709 748 1853 820 quidquid
1862 748 1891 803 de

210 859 345 924 spuentes
355 851 486 908 inanium
497 852 688 924 querelarum,
701 868 868 922 percurrere
877 868 927 907 vos
939 867 1024 922 opor·
1075 845 1132 900 lide
1146 852 1174 901 et
1187 844 1390 900 communione
1403 843 1543 899 catholica
1554 842 1740 908 definierant,
1758 841 1890 897 immuta·

210 948 261 1013 tet,
275 946 311 1001 ab
329 946 397 1017 ipsis
415 945 506 1001 beatis
519 945 656 1017 apostolis
667 951 696 999 et
708 944 885 1001 considerare
900 946 1024 1017 pruden-
1076 944 1150 1007 rent,
1171 956 1224 995 nec
1246 955 1317 993 nora
1330 953 1503 1009 quemquam
1519 936 1691 1009 prolapsum
1709 935 1890 990 damnatione

210 1045 264 1106 ter,
279 1039 418 1110 quoniam
433 1040 529 1093 Patres
544 1038 632 1093 nostri
653 1038 793 1106 catholici,
807 1038 936 1093 videlicet
951 1037 1027 1093 docti
1076 1033 1276 1105 percellerent.
1291 1031 1347 1088 Sed
1360 1031 1434 1085 illius
1448 1034 1558 1086 terrore
1567 1029 1688 1098 decreti,
1700 1028 1759 1083 uisi
1768 1028 1892 1100 resipuie

211 1127 361 1199 pontifices
382 1127 411 1180 in
428 1143 601 1198 unaquaque
624 1126 724 1181 heresi
749 1126 877 1198 quolibet
895 1130 1026 1198 tempore
1076 1122 1674 1198 sent,judicarentdamnatosesse,quibus
1682 1124 1890 1185 convenienter,

211 1221 353 1286 suscitata,
367 1219 510 1291 quidquid
525 1237 577 1291 pro
591 1221 658 1288 tide,
676 1236 727 1291 pru
738 1221 866 1286 veritate,
883 1238 933 1291 pro
946 1236 1025 1275 eom·
1077 1225 1109 1274 ut
1121 1218 1230 1274 dictum
1244 1225 1295 1287 est,
1310 1235 1344 1273 ex
1356 1220 1476 1289 palerna
1486 1215 1639 1273 traditione
1654 1216 1821 1288 perpensis,
1836 1233 1892 1271 ron·

210 1314 348 1368 munione
360 1313 501 1368 catholica
513 1317 600 1384 atque
612 1315 766 1384 apostolica
778 1314 937 1368 secundum
952 1314 1026 1370 Scri·
1076 1312 1191 1368 fidimus
1197 1312 1272 1384 qnod
1283 1311 1445 1382 nultnsjam
1452 1312 1587 1365 veraciter
1593 1309 1779 1367 Christianus
1786 1310 1892 1380 ignoret

211 1413 359 1480 pturarnm
368 1407 510 1462 tramitem
520 1405 811 1478 praedicationemque
822 1408 965 1479 majorum
974 1408 1028 1462 fac·
1078 1407 1299 1478 uniuscujusque
1315 1406 1415 1477 synodi
1430 1405 1626 1470 constitutum,
1642 1402 1715 1475 quid
1733 1403 1891 1458 universalis

210 1504 241 1555 ta
254 1501 339 1556 semel
353 1501 576 1572 congregatione
586 1505 752 1567 sanxerunt,
767 1501 964 1556 inconvulsum
978 1518 1026 1557 vo·
1078 1500 1205 1556 Ecclesia
1228 1499 1357 1572 probavit
1379 1514 1518 1566 assensus,
1537 1497 1646 1552 nullam
1666 1497 1766 1569 magis
1789 1498 1891 1569 assequi

212 1595 328 1649 luerunt
336 1594 467 1666 deinceps
478 1594 592 1648 tirmum
603 1600 813 1663 constare;nec
826 1594 962 1649 incadem
973 1595 1028 1650 bac
1077 1594 1172 1649 sedem
1186 1609 1245 1663 prta
1266 1597 1375 1648 caeteris
1387 1597 1519 1662 oportere
1533 1607 1620 1663 quam
1637 1590 1781 1662 primam,
1795 1607 1856 1663 quse
1869 1597 1893 1645 et

212 1704 298 1742 causa
308 1688 403 1743 denno
419 1703 484 1758 quas
499 1687 616 1759 praefixa
635 1687 758 1756 fuerant,
772 1688 919 1743 retractari
933 1689 1025 1760 quali·
1078 1703 1314 1760 unamquamque
1335 1684 1476 1758 synodum
1491 1701 1541 1739 sua
1552 1685 1727 1740 auctoritate
1740 1685 1891 1749 conlirmat,

211 1780 261 1835 bot
274 1780 381 1835 recenti
404 1780 629 1852 presumptione
645 1780 837 1851 permiserint,
855 1781 1027 1853 sapientissi-
1039 1765 1067 1838 B
1079 1785 1109 1836 et
1120 1781 1288 1836 continuata
1303 1779 1498 1836 moderatione
1511 1778 1643 1845 custodit,
1658 1794 1714 1850 pro
1731 1794 1785 1833 suo
1797 1778 1892 1833 sedicet

211 1889 258 1928 me
277 1872 470 1945 providentes,
486 1874 622 1945 qnoniam
639 1874 661 1928 si
676 1874 791 1929 decreta
801 1874 955 1930 salubriter
967 1875 1026 1930 cui·
1077 1875 1249 1947 principatu,
1273 1889 1358 1945 quem
1381 1873 1480 1928 beatus
1507 1874 1604 1928 Petrus
1625 1872 1778 1943 apostolus
1791 1871 1892 1928 homin

211 1983 299 2039 qnam
319 1968 415 2022 liceret
433 1967 537 2022 iterare
560 1968 674 2023 nullum
688 1970 788 2023 contra
800 1968 929 2039 singulos
941 1985 1026 2039 quos·
1077 1984 1146 2024 voce
1160 1970 1347 2039 praeceptum.
1365 1965 1486 2022 Ecclesia
1496 1965 1687 2020 nihilominus
1696 1965 1891 2038 subsequente,

210 2077 266 2132 qne
281 2077 397 2132 prorsus
410 2077 522 2116 errores
531 2061 629 2116 stabile
639 2062 802 2133 persisteret
813 2062 944 2117 Ecclesia
957 2078 1026 2118 con·
1077 2065 1107 2118 ct
1119 2061 1210 2117 tenuit
1223 2077 1346 2132 semper,
1358 2062 1388 2115 et
1400 2060 1513 2115 retinet.
1527 2060 1591 2114 liae
1601 2059 1675 2114 dum
1688 2059 1812 2115 Aeacius
1821 2059 1891 2114 sertis

211 2153 352 2219 stitutum,
366 2170 398 2209 ac
412 2169 499 2225 super
513 2154 617 2209 iisdem
630 2154 775 2210 furoribus
791 2155 920 2211 recidivis
934 2155 1028 2211 omnis
1077 2155 1263 2228 comperisset
1282 2154 1392 2209 incidiis
1413 2170 1430 2209 a
1453 2154 1568 2209 veritate
1586 2152 1752 2226 apostolica
1779 2153 1891 2208 deviasse

211 2248 326 2318 integra
338 2246 467 2303 delinitio
478 2248 652 2312 turbaretur.
667 2249 738 2303 Nam
752 2247 774 2302 si
787 2247 926 2304 limitibus
939 2248 1028 2305 etiam
1077 2249 1184 2305 diutius
1199 2249 1253 2304 ista
1267 2265 1325 2303 non
1339 2247 1468 2314 credens,
1477 2246 1583 2319 quippe
1592 2262 1682 2318 quem
1693 2254 1889 2302 noveratexse

210 2341 337 2412 prretixis
363 2341 521 2413 positarum
544 2342 632 2398 semel
657 2343 837 2414 synodalium
861 2344 1026 2415 regularum
1077 2346 1204 2397 calorem
1229 2359 1305 2414 saepe
1331 2341 1498 2397 necessarie
1526 2338 1728 2411 dispositionis
1753 2357 1784 2396 se
1804 2347 1890 2396 contm

211 2450 270 2490 non
284 2437 380 2490 essent
392 2435 469 2490 elisa
480 2441 572 2508 pestes
584 2436 737 2508 resumptis
753 2437 954 2493 certaminibus
963 2455 1028 2497 cone
1077 2437 1225 2492 haereticos
1246 2435 1395 2500 exstitisse,
1418 2451 1469 2507 per
1483 2433 1646 2490 triennium
1662 2435 1727 2490 iera
1743 2433 1840 2491 litteris
1852 2433 1888 2489 de

209 2531 255 2584 tra
268 2528 488 2586 tundamentum
502 2545 563 2586 sese
578 2530 704 2586 veritatis
715 2533 857 2599 attollere,
875 2538 904 2586 et
916 2530 1026 2604 simpli·
1077 2531 1196 2586 stinatus
1210 2530 1344 2585 eumdem
1359 2544 1479 2585 monere
1494 2543 1551 2583 non
1567 2527 1691 2594 destitit,
1707 2527 1785 2584 sicut
1797 2544 1844 2600 per
1853 2526 1887 2582 di·

210 2623 255 2678 cia
267 2637 391 2696 quaeque
404 2622 488 2678 corda
502 2627 662 2696 percutere.
678 2624 753 2688 Ouid
767 2625 857 2694 lieret,
872 2625 894 2680 si
908 2625 1028 2682 subinde
1076 2640 1173 2680 versos
1197 2623 1283 2678 missa
1300 2621 1478 2687 familiariter
1497 2621 1604 2694 scripta
1617 2624 1780 2677 testantur.
1800 2620 1887 2687 nebu

210 2716 253 2772 fas
278 2721 351 2772 esset
376 2716 493 2787 perfidis
518 2717 592 2771 inire
616 2717 793 2773 concilium?
812 2719 882 2774 Cum
894 2720 1029 2790 quelibet
1077 2717 1124 2773 ille
1139 2717 1206 2773 dum
1221 2717 1348 2788 primum
1372 2721 1510 2787 tanquam
1522 2715 1620 2771 debito
1632 2715 1765 2784 silentio,
1777 2715 1885 2771 nihilne

212 2809 252 2864 illi
266 2809 417 2865 manifesta
431 2809 469 2864 sit
481 2809 594 2879 veritas,
611 2827 762 2883 nunquam
780 2811 853 2866 desit
868 2812 947 2885 quod
959 2829 1027 2884 per·
1077 2811 1220 2884 spondere
1232 2815 1417 2882 proponeret,
1427 2808 1545 2865 tandem
1560 2808 1723 2880 aliquando
1733 2808 1885 2865 missistttte

212 2901 320 2959 niciosa
332 2901 482 2975 depromat
494 2902 601 2958 salsitas
616 2904 732 2960 tametsi
743 2904 855 2960 ratione
871 2906 914 2961 vel
929 2911 1027 2962 aucto·
1078 2905 1118 2961 ris
1132 2905 1290 2977 profitetur,
1305 2904 1355 2959 sed
1370 2903 1560 2959 Alexandrino
1575 2903 1663 2959 Petro
1677 2919 1772 2975 quam
1783 2903 1885 2975 expetita

212 2995 296 3050 ritate
310 2993 453 3064 delicians,
473 2996 534 3051 sola
546 2999 641 3052 umen
654 2997 811 3053 intentione
830 3015 889 3054 non
904 2999 1027 3055 caedens.
1078 2998 1240 3071 apostolica
1262 2998 1341 3054 Sedis
1365 2996 1534 3053 anctoritate
1547 2999 1704 3053 exsecutor
1717 2996 1780 3070 ipse
1793 3009 1884 3069 quoque

212 3089 280 3155 Qua
294 3089 418 3160 majores
434 3088 525 3145 nostri
542 3089 637 3146 divina
658 3090 845 3162 inspiratione
863 3098 1026 3162 cernentes,
1038 3136 1067 3213 c
1079 3093 1274 3160 damnaverat,
1288 3092 1395 3163 absque
1424 3090 1506 3147 Sedis
1523 3089 1693 3163 apostoliam
1710 3090 1811 3147 notitia
1823 3105 1883 3145 eon·

212 3183 371 3240 necessarie
391 3187 598 3254 praecaverunt,
624 3200 660 3239 ne
681 3188 779 3240 contra
794 3202 1029 3260 unamquamque
1079 3187 1216 3243 munione
1238 3185 1420 3258 permistum,
1441 3183 1516 3239 beati
1535 3187 1635 3239 autern
1651 3184 1736 3240 Petri
1751 3184 1883 3254 sedesque

213 3276 346 3333 haeresim
356 3276 433 3349 quod
447 3283 510 3332 acta
519 3279 608 3332 semel
620 3278 744 3350 synodus
755 3295 807 3352 pro
819 3279 886 3349 flde,
896 3296 1028 3336 commu·
1078 3279 1304 3336 Alexandrinum
1312 3280 1463 3334 Petrumse
1473 3277 1883 3334 tantummododamuassenou

212 3372 308 3438 niune,
330 3373 359 3425 et
377 3369 496 3426 veritate
517 3370 659 3427 catholica
681 3375 768 3444 atque
786 3373 944 3445 apostolica
963 3390 1027 3446 pro·
1080 3374 1166 3429 etiam
1176 3373 1289 3428 solvisse
1300 3374 1429 3440 noverat,
1440 3387 1497 3427 non
1508 3369 1629 3443 recepit,
1638 3376 1732 3445 atque
1741 3372 1884 3441 ideonepu

213 3464 378 3537 mulgasset,
399 3480 459 3519 uon
478 3463 605 3521 sinerent
620 3465 699 3520 novis
719 3466 782 3537 post
802 3467 864 3522 hae
883 3467 1028 3523 recitatio-
1080 3465 1177 3541 239
1186 3465 1437 3524 AcacinminPetri
1447 3465 1621 3520 consortium
1633 3463 1882 3536 decantantem

215 3557 299 3612 nibm
321 3558 437 3625 mutari,
461 3573 498 3612 ne
522 3558 616 3629 pravis
635 3558 746 3614 occasio
764 3559 1030 3633 praebendumque
1080 3576 1285 3634 quoqueasua
1295 3559 1498 3616 commuuione
1508 3557 1651 3614 submovit
1661 3563 1693 3614 et
1703 3553 1882 3627 multismudis

213 3649 419 3707 medicinaliter
434 3650 549 3707 inerant
563 3655 671 3707 statuta
689 3653 831 3724 pulsandi,
845 3655 895 3709 sed
914 3660 1030 3711 auctore
1080 3655 1339 3726 transgressionem
1352 3671 1369 3709 e
1382 3670 1434 3709 sna
1452 3653 1583 3708 societate
1605 3651 1675 3709 facit
1694 3652 1828 3709 alienum.
1846 3648 1881 3704 ttic

214 3743 364 3816 cujuslibet
382 3744 502 3799 insanire
523 3761 555 3800 aa
571 3745 678 3816 pariter
692 3763 786 3802 errore
801 3747 936 3803 damnato
949 3748 1029 3803 sulii·
1080 3748 1104 3805 si
1116 3747 1289 3804 examinatio
1308 3748 1446 3821 qnmttur
1461 3746 1523 3818 jam
1538 3746 1650 3818 judicio
1671 3763 1737 3803 nou
1750 3746 1802 3802 erit
1816 3758 1880 3815 opus,

214 3854 277 3894 cere
284 3837 463 3909 judicarunt,
474 3843 507 3893 nt
520 3838 649 3911 quisquis
661 3839 816 3912 aliquando
830 3841 915 3913 hujus
925 3842 1031 3897 erroris
1080 3846 1230 3916 postquam
1243 3841 1345 3897 litteris
1357 3841 1414 3896 suis
1423 3841 1484 3913 ipse
1492 3839 1638 3896 confessus
1646 3844 1704 3896 est.
1716 3840 1745 3898 si
1754 3837 1881 3896 eumuna·

214 3931 440 3987 communicator
456 3932 600 4001 existeret,
626 3932 777 4005 principali
792 3934 936 3990 sententia
949 3936 1029 3991 dam·
1079 3938 1118 3992 tis
1131 3936 1243 4008 pondus
1258 3935 1413 4007 inquiritur
1428 3933 1671 3990 Chalcedonensis
1687 3933 1790 4007 synodi
1802 3936 1881 3987 bnon

216 4025 339 4081 nationis
363 4024 425 4095 ejus
450 4028 524 4081 esset
545 4025 707 4094 obstrictus,
727 4026 866 4099 qnoniam
881 4029 1031 4086 manifeste
1080 4029 1155 4085 illius
1172 4027 1345 4084 delinitionis
1364 4026 1509 4083 exsecutio
1527 4026 1687 4100 reperitur,
1704 4043 1762 4100 quo
1776 4018 1881 4082 damuati

217 4118 337 4191 quilibet
352 4117 397 4173 rel
409 4117 584 4190 professione
604 4135 653 4174 sua
667 4120 712 4174 vel
728 4121 930 4178 communione
943 4122 1033 4194 possit
1080 4123 1137 4180 illic
1152 4121 1258 4179 erroris
1275 4122 1502 4177 communicator
1519 4120 1649 4186 affectus,
1663 4121 1785 4192 prastias
1796 4116 1881 4174 unite

216 4210 360 4283 cognosci.
384 4211 417 4267 Et
439 4215 470 4266 ut
493 4210 638 4267 brevitatis
658 4227 741 4268 causa
764 4214 861 4286 priora
874 4219 1031 4284 taceamne,
1082 4217 1176 4275 minus
1197 4215 1340 4289 particeps
1366 4213 1561 4272 damnationis
1585 4213 1744 4285 existeret,
1767 4209 1882 4287 quoniam

217 4319 281 4376 qua
294 4302 414 4375 diligens
424 4303 576 4375 inquisitor
583 4304 665 4360 facile
677 4306 783 4379 poterit
795 4305 965 4381 investigare
979 4310 1031 4367 Sa·
1083 4312 1158 4370 idem
1169 4314 1229 4388 ipse
1243 4311 1387 4383 errorqui
1400 4310 1491 4366 semel
1505 4311 1623 4366 estcum
1634 4323 1690 4365 suo
1699 4304 1882 4366 amoenae

216 4396 336 4452 bellium
344 4396 634 4470 damnavitsynodus,
646 4414 723 4455 nnnc
732 4400 787 4457 fuit
795 4417 920 4473 necasse,
930 4406 1033 4476 atejus
1083 4413 1168 4466 natus
1194 4411 1225 4466 in
1251 4406 1390 4483 participe
1415 4402 1669 4497 quolibctfipravss
1697 4395 1885 4461 muniunt

217 4495 370 4548 sectatores
385 4492 482 4564 postea
501 4492 714 4565 damnarentur,
729 4493 856 4568 singulas
870 4495 975 4553 viritim
989 4505 1231 4584 sy-Dsffeetum,
1252 4509 1280 4559 et
1300 4499 1525 4558 exsecrationem
1544 4495 1589 4552 sui
1612 4500 1711 4569 gestat
1732 4502 1762 4555 st
1783 4504 1886 4571 penam

218 4587 306 4643 nodos
321 4585 470 4654 celebrari,
485 4585 535 4643 sed
549 4603 608 4659 pro
619 4592 720 4645 tenore
734 4590 945 4646 constitutionis
959 4592 1033 4647 anti·
1085 4599 1147 4663 Quo
1156 4604 1258 4656 tenore
1265 4593 1521 4654 Timotheusetiam
1530 4595 1619 4664 atque
1627 4590 1694 4664 ipse
1700 4587 1887 4651 nexuimus

217 4697 293 4753 quae,
309 4685 427 4736 cunctos
440 4681 487 4754 qui
500 4681 543 4736 vel
557 4681 705 4752 pravitatis
714 4683 788 4739 illius
799 4686 843 4740 vel
856 4687 1036 4744 communie
1084 4694 1193 4760 Petrus,
1204 4688 1499 4764 quisecundamcerta
1512 4684 1613 4742 sedem
1622 4685 1757 4744 tannim
1765 4682 1887 4745 adobrui·

218 4775 263 4831 nis
289 4774 419 4831 exstitere
437 4775 601 4848 participes,
623 4776 790 4833 universalis
819 4781 940 4836 Ecclesia
964 4781 1036 4837 dixit
1084 4785 1142 4842 non
1163 4785 1266 4858 repetit
1285 4781 1437 4856 asynodo,
1453 4779 1503 4837 sed
1516 4766 1890 4837 cerasuntensium&

219 4883 280 4922 esse
293 4868 468 4924 resistendos.
485 4869 530 4925 Sic
543 4875 661 4942 propter
670 4871 861 4944 blasphemias
870 4875 929 4930 Arii
943 4876 1036 4931 torma
1086 4879 1159 4936 sedis
1175 4879 1345 4952 apostolica,
1360 4876 1421 4949 ipso
1434 4889 1550 4948 qnoque
1565 4871 1671 4931 sendo
1686 4872 1848 4947 postulante
1857 4864 1890 4922 nl

219 4960 286 5017 lidei
320 4960 588 5033 communionisque
615 4964 762 5020 catholica
787 4965 900 5024 Nicaeno
928 4970 1037 5042 prolata
1085 4976 1258 5047 exsequente
1273 4971 1430 5045 probantur
1443 4965 1658 5026 essedamnati.
1676 4966 1892 5033 Quodsiatrau

218 5059 372 5121 conventu,
387 5053 506 5110 Amanus
523 5071 634 5126 omnes,
651 5059 695 5113 rel
710 5060 837 5133 quisquis
853 5062 884 5117 in
896 5063 971 5120 hanc
985 5080 1035 5136 pe·
1085 5067 1174 5124 errori
1194 5068 1238 5122 vel
1260 5062 1484 5138 praevaricationi
1505 5059 1771 5131 communicarent,
1794 5058 1894 5116 ausu

220 5152 294 5206 stem
306 5148 364 5204 sive
378 5163 528 5217 consensu,
542 5149 599 5206 sire
611 5153 815 5210 communione
828 5155 965 5214 deciderit
974 5158 1036 5214 sine
1086 5163 1203 5220 forsitan
1216 5161 1328 5218 dicatur
1336 5159 1495 5234 oportuisse
1503 5161 1650 5226 constare,
1664 5151 1893 5228 breviterpoel*

219 5239 420 5299 retractatione
428 5241 1035 5320 conclusit.SicEnnomium,llacedonium,
1087 5274 1151 5313 mus
1165 5257 1202 5312 ad
1216 5256 1270 5312 ism
1284 5269 1465 5328 responsum,
1484 5255 1539 5308 Aut
1550 5251 1630 5307 enim
1644 5249 1705 5324 ἱρῇ
1723 5251 1841 5309 pomp
1851 5246 1892 5302 pe

220 5336 381 5393 Nestorium
391 5334 516 5407 synodus
525 5337 612 5391 semel
624 5342 706 5409 gesta
713 5340 908 5398 condemnans
918 5345 1037 5401 ulterius
1086 5357 1163 5407 trum
1179 5349 1307 5423 legitime
1331 5348 1526 5420 veraciterque
1541 5348 1719 5419 purgatum,
1736 5351 1767 5402 ,ς
1783 5343 1819 5400 ,1)
1829 5335 1892 5398 ,ml

221 5431 257 5486 ed
270 5447 343 5486 nova
356 5429 475 5485 concilia
484 5429 574 5485 veniri
584 5448 640 5486 noo
653 5432 736 5501 sinat,
750 5435 800 5490 scd
814 5437 1037 5511 universusquo·
1087 5442 1467 5515 contagionehaereticornm
1477 5440 1530 5495 rite
1540 5435 1891 5510 demtumffiemetoue

221 5542 334 5597 cunque
348 5525 435 5581 modo
449 5524 478 5578 in
492 5524 543 5579 has
555 5525 750 5597 blasphemias
764 5530 920 5588 recidentes
934 5533 1036 5592 tradito
1088 5537 1243 5594 manicavit
1253 5537 1382 5605 acacius,
1399 5536 1424 5591 si
1435 5536 1498 5607 ejus
1510 5533 1796 5591 communicatorem
1807 5528 1891 5603 pulsnt

222 5618 275 5674 sibi
290 5618 380 5674 limito
393 5617 533 5689 synodali,
552 5618 687 5675 refutavit
699 5622 823 5678 Ecclesia
837 5642 891 5681 nec
911 5643 1036 5699 unquam
1086 5631 1406 5704 acaciumsliquetenua
1416 5620 1889 5697 excusandum,autsiutmaqisest

221 5714 298 5767 ¹0⁰l0
319 5710 435 5779 ῦθὸβίῦθθ
454 5712 637 5770 manile-ilum
658 5718 709 5783 est,
728 5717 856 5790 qualibet
868 5721 1036 5778 necessitate
1087 5742 1185 5781 verum
1195 5725 1396 5782 convenienter
1408 5729 1495 5796 atque
1504 5720 1639 5796 legitime
1647 5721 1887 5788 eamme

208 5808 332 5879 cogente
355 5805 437 5864 novis
459 5807 578 5867 ausibus
597 5826 662 5887 qua
680 5809 794 5871 lucrant
807 5813 957 5874 salubriter
972 5833 1036 5874 con·
1086 5819 1217 5876 haverint
1231 5819 1387 5893 expiatum.
