3870 6150
578 237 811 298 carcereum!
830 239 1024 298 ccctacvvc.
1601 237 1652 295 650

106 346 301 402 sacerdotibus
325 345 514 402 detractiones
534 345 641 419 irroget
656 366 662 403 :
678 353 785 421 quanto
797 363 825 435 Α
836 350 1031 406 definitionem
1048 348 1107 403 sinc
1118 345 1238 421 circadam
1252 347 1415 405 nocumenti
1427 347 1651 422 praesumptione

104 439 280 496 causationes
303 457 415 496 nou-ex
436 441 530 497 radice
550 441 696 497 charitatis
718 459 785 515 pro·
836 442 1649 516 ntiqueconservarent,quociamdicitsacrumeloquium:

103 533 230 603 uiescitc,
252 534 395 606 inquiunt,
420 541 447 591 et
469 535 557 589 nolite
581 536 713 608 persequi
738 554 787 593 ecs
837 537 993 593 Concilium
1015 536 1123 592 bouum
1139 537 1315 592 conservabit
1329 542 1357 593 te
1371 541 1401 592 et
1414 553 1498 591 mens
1511 536 1650 592 bonacu-

103 629 158 684 ecte
170 628 227 682 [teo
247 628 420 696 ministram,
436 644 558 700 quorum
570 629 745 685 orationibus
759 635 788 686 et
836 631 940 686 stadici
952 634 989 686 te.
1004 631 1066 685 Noc
1082 630 1161 685 enim
1186 629 1220 685 dc
1243 630 1366 686 fontibus
1388 629 1538 686 salutiferis
1564 629 1650 710 spiri·

103 720 171 776 bella
184 721 319 777 sedantur
340 725 369 776 et
388 721 581 777 recedentium
595 724 681 778 allec
696 739 785 795 ange·
837 724 952 780 lualiter
966 724 1001 780 ad
1015 723 1229 797 inquisitionem
1242 726 1355 779 aeternae
1366 724 1432 780 vita
1446 724 1652 796 proceduntta·

103 814 234 870 velluntur
256 814 395 882 incursus,
412 815 517 887 quique
530 832 628 871 omncs
643 816 787 874 daemones
836 819 877 873 les
890 816 1080 874 accusationes
1092 823 1120 873 et
1134 816 1333 885 detractiones,
1349 821 1434 888 atquc
1448 818 1514 874 ideo
1533 834 1649 890 compc-

103 908 159 981 cpti
180 914 248 964 sicut
270 925 386 980 precum
407 909 572 964 assiduitate
596 910 784 966 confundunt.
836 915 932 967 tenter
953 927 1005 967 nos
1026 911 1125 967 beatus
1146 911 1248 966 Paulus
1263 911 1419 966 admonens
1432 910 1481 966 ait.
1496 929 1511 963 ιι
1524 912 1586 966 Νοιι
1600 912 1650 968 da-

103 1019 227 1074 ncmquc
240 1019 297 1057 non
312 1003 364 1058 sub
377 1006 500 1073 angusto
514 1009 656 1075 tempore,
671 1003 719 1059 sed
733 1003 785 1060 sub
835 1006 904 1061 here
914 1005 978 1077 plus
987 1021 1087 1077 sapere
1097 1021 1184 1078 quam
1196 1007 1310 1077 oportet
1319 1019 1427 1076 sapere,
1441 1003 1491 1059 sed
1505 1020 1605 1076 sapere
1615 1005 1651 1060 ad

103 1095 167 1150 vatic
189 1095 377 1151 concedendae
391 1100 467 1163 sunt,
484 1099 517 1150 ut
535 1097 655 1153 accusati
669 1113 699 1152 se
710 1113 784 1171 prm·
836 1098 1017 1153 sobrietatem
1034 1099 1119 1169 (Rom.
1135 1113 1184 1165 ιιι,
1205 1097 1272 1169 tt.»
1296 1097 1326 1152 ln
1350 1096 1513 1153 defiuitione
1537 1097 1652 1170 pietatis

103 1192 121 1244 rt
140 1189 290 1245 universos
311 1189 569 1245 communicatores
586 1190 617 1245 in
636 1191 786 1262 provinciis
835 1191 1095 1264 perduranteszqui
1110 1190 1185 1247 enim
1197 1191 1270 1247 hunc
1284 1194 1651 1265 proeterevrntncntautcm

103 1283 246 1351 cnvenire,
261 1287 290 1338 et
303 1286 390 1338 testes
403 1299 576 1356 praeparare,
587 1290 672 1354 atque
689 1291 786 1339 contra
835 1285 894 1341 tasi
907 1290 973 1342 sunt
996 1284 1159 1341 decidentes
1171 1302 1188 1341 a
1200 1283 1431 1341 corroboratione
1446 1301 1507 1354 suu,
1520 1284 1570 1341 sed
1582 1284 1651 1341 insi-

103 1391 183 1433 resse
192 1376 317 1449 pleniter
325 1393 438 1432 armare
453 1377 574 1432 valeant.
585 1375 697 1433 ludices
707 1377 784 1433 enim
834 1379 949 1451 pientire
973 1394 1032 1434 suae
1054 1378 1270 1451 dereliquerant
1290 1377 1454 1435 hominibus
1472 1378 1650 1447 memoriam,

103 1471 189 1525 vtcres
211 1470 281 1525 tales
296 1485 357 1524 esse
371 1469 487 1538 debent,
510 1471 558 1542 qui
577 1471 655 1525 omni
669 1474 786 1527 careant
834 1478 866 1528 ut
881 1472 925 1528 his
938 1472 1083 1546 inquibus
1098 1476 1294 1545 peccaverunt,
1309 1472 1430 1529 minime
1442 1472 1530 1529 latere
1545 1472 1650 1546 potuis·

103 1579 128 1618 ra
146 1569 175 1619 et
190 1580 225 1618 ex
240 1563 334 1618 radice
355 1564 498 1619 charitatis
520 1580 600 1620 suam
622 1564 785 1622 desiderent
834 1569 905 1634 sent,
920 1565 1011 1638 gloria
1023 1566 1099 1621 euim
1114 1571 1143 1621 et
1152 1565 1328 1623 contumelia
1340 1565 1370 1621 in
1384 1565 1500 1639 loquela
1512 1569 1540 1621 et
1556 1565 1586 1622 in
1600 1565 1652 1622 lin·

110 1657 295 1712 sententiam.
307 1658 355 1711 llis
365 1674 435 1728 ergo
448 1662 506 1713 tam
516 1658 648 1729 legaliter
660 1676 746 1733 quam
756 1665 785 1714 et
834 1659 1022 1731 guahcminis
1034 1675 1115 1715 casus
1130 1659 1204 1714 illius
1217 1664 1274 1728 est;
1288 1658 1412 1731 ideoque
1426 1659 1596 1715 conveniens
1609 1665 1651 1716 est

107 1733 909 1822 prolatis,etiamomniumClvristiancrumreve-l3banc
934 1752 1050 1825 quidam
1079 1752 1268 1809 ostensionem
1296 1752 1510 1825 reprehensioni
1535 1752 1650 1809 illorum

103 1844 283 1915 congaudere
298 1844 488 1916 deposcimus,
508 1845 647 1916 spirituali
661 1846 782 1902 interce·
833 1845 1057 1902 nostrisactibus
1070 1847 1202 1902 inseriae
1217 1845 1334 1901 ulterius
1340 1846 1401 1918 jam
1410 1845 1478 1901 talia
1490 1844 1648 1918 patiamini,

103 1937 219 1993 lectione
239 1943 267 1993 ct
288 1938 391 1993 timore
406 1938 551 1994 [lominica
569 1956 621 2011 per
636 1956 720 2011 quem
733 1940 785 1995 hu·
834 1939 1040 1996 seminantibus
1054 1940 1108 1995 illis
1122 1939 1230 1995 zizania
1242 1941 1272 1994 et
1285 1938 1425 2007 scandala,
1445 1939 1496 1995 sed
1514 1939 1607 1996 letari
1619 1939 1650 1996 in

103 2036 230 2087 movetur
243 2031 369 2098 offensio,
391 2038 419 2087 et
440 2033 622 2088 ecelesiarum
636 2033 783 2089 edificatio
833 2033 934 2089 officiis
947 2038 975 2090 et
984 2033 1166 2105 dogmatibus
1180 2033 1279 2089 vestris
1292 2032 1470 2089 mereamini.
1485 2033 1576 2106 igitur
1588 2049 1651 2089 eru-

103 2125 333 2192 uruuiversis,ut
344 2126 435 2197 magis
446 2126 567 2181 universi
578 2125 614 2180 ad
624 2126 784 2182 aedificatio·
833 2127 959 2196 bescent,
968 2127 1037 2183 talia
1045 2133 1074 2183 et
1083 2126 1249 2197 hujusmodi
1257 2126 1426 2199 blasphema
1437 2127 1604 2183 subtrahere
1612 2127 1651 2183 fe

103 2234 162 2274 rum
172 2219 302 2274 laborent
315 2235 401 2290 quam
411 2219 445 2274 ad
457 2220 683 2287 damnationem,
693 2237 783 2293 quum
834 2220 952 2290 stinent,
964 2220 988 2276 si
997 2221 1145 2276 noluerint
1159 2237 1176 2275 a
1190 2219 1357 2277 sacerdotali
1371 2225 1469 2276 uestro
1479 2221 1598 2292 collegio
1609 2237 1651 2276 se·

103 2328 178 2366 nus:
198 2314 257 2366 vln
272 2313 325 2367 hcc
339 2317 515 2384 cognoscent
529 2329 629 2369 omnes
645 2315 713 2385 quia
726 2315 784 2371 mei
835 2315 960 2386 gregari,
976 2318 1034 2371 eta
1048 2314 1135 2370 totius
1156 2313 1307 2370 Christiani
1330 2314 1428 2387 pcpuli
1452 2314 1583 2370 societate
1606 2314 1651 2370 di·

103 2404 176 2479 ipuli
200 2406 224 2460 si
240 2406 423 2461 dilectionem
448 2406 606 2462 habueritis
626 2407 783 2464 adinvicem
833 2408 898 2463 velli
913 2425 920 2464 ε
936 2408 1002 2465 licet
1022 2424 1149 2480 namque
1173 2409 1208 2464 de
1228 2409 1272 2462 his
1296 2408 1377 2480 plura
1396 2413 1424 2463 et
1441 2408 1651 2480 pernecessaria

106 2514 125 2568 r,
140 2500 196 2568 31).
212 2521 226 2548 ιι
253 2500 314 2554 tam
339 2500 416 2555 enim
438 2501 560 2556 formam
580 2501 714 2556 dedimus
727 2508 785 2559 eta
835 2518 898 2572 quae
922 2501 958 2556 in.
980 2501 1102 2557 decretis
1126 2501 1203 2557 Sedis
1227 2501 1386 2572 apostolicae
1410 2505 1439 2557 et
1459 2501 1495 2557 ab
1515 2501 1652 2572 apostolis

103 2592 224 2648 secribus
237 2594 339 2648 nostris
352 2593 450 2649 datam
469 2610 529 2649 esse
543 2595 737 2667 cognovimus,
753 2599 785 2651 ut
835 2610 992 2667 eorumque
1016 2595 1222 2650 successoribus
1243 2595 1358 2664 nostris,
1381 2594 1512 2651 videlicet
1535 2594 1649 2667 praede-

103 2702 121 2742 e
143 2702 205 2741 esse
227 2687 376 2759 agnoverit
396 2687 598 2757 Christianum,
611 2688 680 2745 illud
693 2696 785 2746 servet
835 2689 991 2744 sessoribus
1004 2692 1113 2745 statuta
1124 2688 1318 2756 inveniuntur,
1327 2688 1421 2744 dicere
1432 2692 1460 2745 et
1471 2689 1651 2744 conscribere

112 2785 248 2857 apostolis
274 2785 400 2841 noscitur
420 2802 481 2841 essa
506 2785 724 2856 contradictum,
741 2787 783 2843 di·
834 2783 1035 2855 pctuissemus,
1051 2787 1147 2838 tamen
1165 2781 1268 2837 melius
1284 2782 1365 2837 nobis
1381 2783 1473 2837 visum
1487 2785 1530 2837 est
1542 2787 1574 2838 ut
1588 2780 1650 2854 epi·

103 2881 190 2934 cstclc
203 2879 287 2935 Paulo
303 2897 310 2934 t
328 2901 342 2930 «
358 2879 384 2935 si
400 2879 463 2952 quis
482 2880 560 2935 vobis
573 2880 786 2937 annuntiaverit
835 2875 1651 2948 stclamcraticneclaudamuslleuscmnipotensetunus

103 2972 167 3043 [uod
188 2973 344 3044 accepistis,
360 2973 513 3029 anathema
528 2974 563 3029 sit
577 2973 648 3044 (Gal.
665 2991 684 3042 1,
707 2976 752 3046 9);
768 2996 782 3026 ιι
834 2971 1001 3043 unigenitus
1023 2970 1110 3025 filius
1131 2976 1160 3025 et
1180 2970 1308 3026 Salvator
1326 2975 1423 3025 noster
1436 2970 1514 3024 lesus
1525 2968 1652 3025 Christus

107 3065 188 3120 enim
212 3066 260 3122 Ilei
285 3067 370 3121 Filius
388 3066 525 3123 hanricus
545 3070 643 3123 noster
657 3068 783 3124 humano
835 3064 889 3119 hcc
903 3064 982 3119 vobis
996 3062 1101 3120 tribuat
1122 3064 1349 3131 incitamentum,
1364 3065 1398 3118 ut
1409 3062 1542 3119 omnibus
1553 3062 1650 3118 fratri-

103 3160 193 3232 rcpria
206 3161 334 3231 passione
345 3162 465 3216 salutern
475 3161 672 3233 plenissimam
682 3163 783 3220 conde
833 3159 887 3213 bus
911 3161 939 3213 et
958 3156 1129 3230 coepiscopis
1143 3157 1246 3213 nostris
1260 3156 1478 3229 quibuscunque
1492 3155 1650 3213 tribulatio·

103 3255 182 3309 tncs
204 3253 347 3310 liberaret.
373 3256 406 3310 Et
430 3255 452 3309 si
475 3255 547 3310 Deus
568 3254 712 3312 intantum
732 3273 783 3312 ncs
833 3251 917 3306 nibus
940 3251 1134 3307 laborantibus
1156 3249 1222 3305 totis
1243 3250 1398 3305 succuratis
1421 3249 1528 3304 viribus
1542 3253 1571 3305 et
1585 3265 1650 3306 cum

103 3351 119 3402 c
130 3346 217 3403 etiam
231 3347 344 3419 proprio
360 3348 430 3404 Filio
442 3364 501 3403 non
513 3354 653 3420 parceret,
667 3350 716 3405 sed
730 3367 783 3423 pro
833 3345 873 3401 eis
886 3345 1090 3417 compatientes
1102 3360 1216 3400 cnvcevn
1232 3343 1359 3415 ejusdem
1375 3343 1487 3400 Domini
1501 3342 1650 3399 Salvatcris

103 3440 195 3497 mibus
218 3441 298 3496 illum
323 3441 459 3509 traderet,
479 3446 510 3496 ut
525 3459 576 3497 ncs
591 3443 734 3510 liberaret,
753 3448 783 3500 ut
833 3440 960 3513 portetis,
976 3442 1008 3494 ut
1018 3439 1077 3493 veri
1091 3437 1179 3510 ipsius
1194 3437 1324 3508 discipuli
1344 3452 1441 3492 coram
1457 3436 1589 3491 omnibus
1603 3452 1652 3508 ap-

111 3550 169 3590 ncn
185 3535 331 3607 diligimus
343 3536 455 3606 fratres,
467 3542 516 3591 aut
525 3553 573 3591 eos
585 3541 693 3592 temere
703 3537 781 3608 judi·
832 3532 965 3604 pareatis,
979 3534 1013 3587 ut
1025 3536 1054 3587 et
1068 3548 1117 3587 vos
1129 3538 1157 3587 et
1170 3531 1219 3603 qui
1230 3530 1374 3586 vobiscum
1386 3534 1453 3585 sunt
1462 3529 1508 3584 hic
1523 3535 1552 3584 et
1563 3529 1592 3584 in
1606 3529 1650 3585 fu·

104 3644 153 3684 um
170 3629 322 3700 praedictus
336 3629 411 3684 dicat
424 3630 585 3701 Apostolus,
603 3650 617 3679 a
632 3628 723 3685 Nolite
732 3631 781 3702 ju·
832 3631 897 3681 turo
913 3625 1080 3697 possideatis
1095 3624 1222 3693 meliora,
1251 3645 1265 3673 v
1285 3640 1348 3696 quaa
1373 3624 1471 3678 oculus
1489 3638 1548 3679 non
1570 3623 1649 3693 vidit,

103 3721 205 3789 vicem,
220 3723 269 3778 sed
285 3723 339 3777 hcc
357 3722 450 3794 magis
466 3722 601 3793 judicate,
616 3738 653 3778 ne
667 3723 782 3794 ponatis
832 3735 886 3775 nec
899 3718 976 3773 auris
991 3717 1107 3785 audivit,
1124 3734 1175 3773 nec
1188 3717 1219 3773 ic
1243 3732 1291 3772 cor
1307 3716 1432 3772 hominis
1450 3714 1647 3788 ascenderunt,

103 3815 168 3871 dum
177 3816 258 3871 fratri
267 3816 310 3870 vel
322 3816 512 3870 scandalum?
527 3834 541 3867 c
556 3816 641 3886 (Ram.
658 3832 714 3887 xiv,
728 3818 781 3889 13.)
832 3828 896 3884 quae
909 3809 1082 3884 preparavit
1094 3812 1166 3866 Deus
1183 3809 1368 3882 diligentibus
1381 3825 1410 3863 se
1426 3810 1450 3880 (l
1458 3808 1518 3865 Gor.
1533 3826 1563 3880 ιι,
1580 3811 1616 3878 tlh
1632 3831 1646 3858 ιι

103 3909 136 3964 lli
154 3909 203 3980 qui
224 3909 326 3964 fratres
337 3910 470 3981 diligunt,
486 3925 519 3963 ex
532 3910 590 3965 Deo
605 3910 664 3964 nati
676 3915 743 3966 sunt
755 3915 783 3966 et
831 3920 885 3978 per
898 3903 1054 3959 Dominum
1071 3906 1200 3958 nostrum
1213 3904 1310 3958 lesum
1329 3901 1483 3971 Christum,
1499 3917 1649 3975 perquem

103 4015 182 4073 eum,
197 4002 266 4075 quid
289 4019 357 4073 ergo
377 4006 462 4058 erunt
482 4003 522 4057 illi
543 4004 592 4076 qni
615 4020 662 4059 ecs
683 4020 780 4076 perse·
832 4003 860 4053 et
878 4014 945 4053 cum
958 4013 1016 4070 quo
1029 3995 1222 4070 omnipotenti
1236 3997 1293 4051 lleo
1306 3997 1381 4051 Patri
1397 3995 1488 4068 gloria
1500 3995 1530 4050 in
1544 3995 1648 4051 saecula

108 4095 384 4164 eteosdetrahendc,
396 4096 594 4164 machinando,
607 4096 780 4167 accusando,
831 4091 1010 4148 saeulmum.
1024 4093 1124 4147 Amen.
1145 4090 1244 4146 Valere
1257 4105 1306 4145 vos
1326 4092 1403 4162 cptc,
1421 4090 1524 4145 fratres
1541 4088 1647 4144 charis-

103 4194 124 4244 to
134 4188 269 4244 damnate
284 4190 440 4244 moliuntur
451 4189 465 4243 ‘l
478 4190 506 4244 Si
521 4190 562 4244 illi
575 4189 624 4244 tilii
638 4190 698 4260 Dei,
714 4207 780 4262 pra·
832 4185 908 4240 simi.
929 4186 999 4240 [tata
1018 4185 1082 4240 tdus
1101 4182 1264 4251 Februarii,
1284 4183 1389 4255 Agaric
1408 4188 1437 4240 et
1453 4183 1564 4239 tuliano
1581 4182 1649 4239 viris

103 4300 109 4336 ι
122 4283 153 4338 hi
168 4283 219 4338 filii
231 4283 421 4348 suntdiaboti,
437 4284 485 4355 qui
498 4299 611 4355 semper
625 4304 639 4333 ι
654 4284 780 4340 sicutleo
832 4278 997 4335 clarissimis
1008 4277 1181 4334 consulibus.

103 4376 333 4448 arcuitquaerens
341 4393 427 4448 quern
439 4377 554 4432 devoret
564 4378 586 4446 (l
594 4379 666 4433 Petr.
681 4393 709 4447 v,
720 4377 756 4448 Bt,
765 4399 779 4427 ιι

103 4469 331 4541 einsequuntur,
349 4473 380 4523 ut
392 4471 513 4541 perdant
530 4489 537 4524 ι
553 4471 601 4542 qui
616 4486 684 4525 vero
698 4471 820 4545 adju·1)

103 4578 147 4619 res
168 4563 316 4634 refugiunt
337 4563 432 4634 majus
452 4567 636 4635 peccatorum
649 4580 720 4619 onus
732 4580 778 4620 ac·
866 4561 948 4617 Facrx
961 4561 1067 4615 sanctie
1079 4560 1245 4615 universalis
1254 4558 1385 4615 Ecclesia
1397 4575 1480 4632 papa,
1496 4563 1585 4632 atqua
1595 4577 1649 4635 per

106 4662 135 4712 et
149 4654 334 4711 fraternitatis
356 4656 455 4711 solatio
477 4657 517 4711 rol
541 4657 680 4726 existunt;
698 4674 778 4724 «vra,
832 4655 952 4726 gratiam
976 4653 1024 4709 Dei
1047 4652 1233 4708 catholicaeet
1248 4653 1410 4725 apostolieae
1425 4653 1555 4709 Ecclesia
1570 4653 1648 4710 urbis

103 4748 224 4821 opheta,
241 4750 289 4820 qni
302 4756 402 4821 potum
415 4749 463 4803 dat
478 4748 569 4804 amico
585 4766 646 4819 suc,
663 4751 780 4805 mittens
831 4749 930 4803 Romae
945 4746 1106 4820 episcopus,
1124 4763 1181 4801 una
1204 4762 1270 4801 cum
1291 4751 1389 4802 scuctc
1410 4745 1531 4803 concilio
1551 4753 1648 4804 nostro

113 4844 226 4911 (aucae.
243 4859 272 4908 ιι,
292 4845 342 4911 ts).
360 4862 374 4894 ιι
389 4844 421 4897 Et
436 4842 539 4896 iterum
555 4843 780 4914 sapientissimus
830 4840 1135 4897 reverendissimorum
1151 4839 1332 4896 sacerdotum
1352 4840 1408 4896 huc
1421 4840 1569 4896 nobiscum
1584 4857 1649 4898 con·

1033 4430 1069 4483 lle
1080 4430 1253 4497 oppressione
1266 4427 1444 4482 Ananorum.

103 4936 162 5006 ait,
175 4958 189 4986 ιι
200 4936 340 5000 Quoniam
351 4935 533 5007 quiloquitur
546 4936 654 5008 iniqua,
663 4953 722 4992 non
733 4953 781 5009 pc
830 4935 1005 4991 venientium
1024 4934 1055 4990 in
1067 4934 1283 4990 confirmatione
1296 4933 1490 5006 piissimorum
1503 4935 1647 4992 catholicae

103 5046 130 5097 e,
148 5046 184 5085 ue
200 5029 346 5100 praeteriet
366 5030 448 5084 illum
463 5030 616 5101 corripiens
638 5029 780 5101 judicium
830 5030 961 5085 Ecclesia
975 5029 1141 5102 dogmatum
1152 5032 1181 5083 et
1192 5027 1367 5084 relevatione
1378 5031 1646 5101 oppressorumfra-

103 5126 128 5193 tt.
138 5146 153 5174 ιι
167 5126 200 5180 ln
215 5124 437 5195 cogitationibus
447 5141 516 5196 erge
529 5125 609 5196 impii
624 5124 781 5198 iuterroga-
830 5129 908 5180 trum
919 5122 1154 5195 coepiscoporum
1162 5122 1294 5178 videlicet
1307 5127 1470 5180 nostrerum
1478 5122 1527 5195 qui
1538 5128 1646 5179 rectam

103 5233 259 5274 ermcuum
277 5221 373 5272 actem
388 5218 463 5272 illius
477 5219 510 5274 ad
526 5219 616 5273 Deum
632 5219 782 5291 perveniet
831 5217 934 5272 Nicreni
948 5216 1062 5272 concilii
1083 5220 1183 5273 tenent
1197 5215 1294 5284 fidem,
1319 5222 1347 5272 et
1369 5217 1472 5272 fratres
1496 5233 1554 5273 non
1572 5215 1645 5271 infe-

103 5310 335 5382 tccrreptionem
345 5310 531 5382 iniquitatum
545 5311 628 5379 illius,
644 5312 781 5384 quoniam
831 5314 915 5379 stent,
931 5310 1072 5366 universis
1085 5310 1280 5383 spiritualibus
1290 5309 1427 5366 fratribus
1440 5309 1543 5365 nostris
1557 5313 1586 5363 et
1599 5325 1644 5363 re·

115 5403 199 5461 audit
212 5406 318 5472 omnia,
335 5409 363 5460 et
377 5407 516 5460 tumultus
536 5407 781 5462 murmurantium
830 5404 914 5476 liquis
939 5406 967 5458 in
991 5403 1157 5460 sacerdotali
1184 5402 1305 5475 collegio
1326 5404 1447 5459 Domino
1466 5401 1645 5470 consecratis,

103 5498 240 5564 cardetum
256 5499 317 5553 haee
331 5499 409 5553 enim
424 5499 446 5554 si
459 5499 593 5571 amplecti
614 5499 779 5570 voluissent,
832 5502 917 5570 atque
940 5497 1019 5554 omni
1040 5497 1210 5570 plenitudini
1233 5497 1362 5552 Ecclesiae
1385 5494 1532 5551 catholicae
1556 5495 1647 5566 gratia

103 5595 121 5648 vt
135 5598 205 5648 sanc
218 5609 302 5648 sensu
316 5593 351 5648 ad
362 5594 518 5664 reprobum
532 5609 648 5648 sensum
661 5593 781 5649 minime
831 5591 909 5646 vobis
922 5597 950 5647 et
965 5606 1018 5664 pax
1032 5591 1239 5664 multiplicetur
1253 5591 1282 5646 in
1296 5586 1499 5646 confortatione
1512 5591 1542 5643 et
1555 5588 1645 5642 sancti

103 5701 135 5755 tr,
145 5685 260 5759 sedper
271 5687 323 5741 Dei
338 5687 471 5742 timorem
487 5703 653 5743 sermonum
663 5703 781 5743 sucrum
831 5684 951 5758 Spiritus
965 5685 1181 5755 commuuione,
1195 5689 1337 5758 quatenus
1360 5682 1390 5737 in
1410 5697 1445 5737 co
1465 5680 1646 5753 proficientes

103 5784 155 5838 vtes
177 5777 348 5848 custodiam,
376 5780 454 5861 piam
479 5787 643 5837 sanctorum
665 5781 780 5843 Petrum
830 5796 845 5839 c
860 5778 951 5860 gloria
963 5779 994 5835 in
1008 5780 1130 5862 gloriam
1146 5798 1159 5837 ι
1173 5773 1509 5842 virtutecauccntiemus
1523 5776 1646 5863 ejusqui
