3870 6150
135 244 188 299 aaa
370 274 373 280 ⁴
455 230 459 237 '
526 231 529 235 ’
587 237 729 295 monuo.
750 236 795 296 no
815 235 1376 295 snc.1x.-1sro0u1uuucnroms
1774 237 1825 296 rot

133 357 161 405 et
183 351 226 404 vir
243 352 374 419 peccator
387 346 513 402 turbabit
527 347 641 415 anticos,
658 352 686 401 ct
705 348 734 402 iu
753 349 845 403 medio
861 365 957 419 pacem
970 361 1000 432 Α
1011 347 1073 401 dire'
1085 347 1208 418 lingnam
1221 363 1356 418 neptam,
1370 350 1398 400 ct
1408 345 1450 401 ori
1464 349 1512 400 tuo
1523 346 1607 402 tacito
1619 344 1704 411 ostia,
1716 349 1824 401 etseras

72 512 76 516 ι
139 441 310 496 habentium
330 440 468 494 immittet
483 440 672 495 inimicitiam.
697 442 861 496 Secundum
881 442 958 496 enim
1008 440 1204 509 auribustuis,
1222 457 1325 495 aurum
1340 445 1432 506 tuum,
1446 443 1476 494 et
1489 445 1644 511 argenium
1664 441 1749 492 tuum
1764 456 1824 495 cou

136 536 214 607 ligna
232 535 318 602 silva,
329 535 367 589 sic
380 534 454 605 ignis
469 534 644 601 exardescet,
655 535 849 589 etsecundum
870 537 956 591 virtu·
1008 534 1054 601 lla,
1071 537 1099 589 et
1112 534 1205 588 verbis
1220 534 1273 588 tuis
1286 533 1371 588 facito
1385 538 1529 602 stateram,
1544 538 1572 588 et
1592 532 1693 586 trenes
1716 531 1757 586 ori
1780 539 1822 589 tuo

139 632 198 684 tem
211 628 336 684 hominis
351 627 498 683 iracundia
511 628 585 682 illius
603 629 666 697 erit,
678 633 705 682 ει
722 629 877 684 secundnm
891 628 956 682 sub·
1008 631 1108 695 rectos,
1125 630 1154 681 et
1173 626 1286 681 attende
1308 643 1343 681 uc
1363 627 1436 681 sorte
1455 626 1601 681 labarisin
1614 625 1717 696 lingua
1729 629 1785 693 tua,
1798 631 1821 680 et

139 723 273 778 stantiam
288 738 370 776 suam
382 722 519 776 exaltabit
528 721 600 776 iram
612 738 704 777 suam.
717 723 865 778 Certamen
877 722 956 777 festi·
1007 721 1090 775 cadas
1103 721 1133 774 in
1148 723 1299 791 conspectu
1312 719 1494 774 inimicorum
1506 718 1709 774 insidiantium
1726 719 1783 785 tibi,
1797 723 1821 774 et

137 821 238 870 natum
249 815 500 886 incendetignem,
512 822 540 871 et
555 816 588 870 lis
603 816 742 870 festinans
753 816 880 871 etlundet
892 833 957 871 san·
1008 814 1043 868 sit
1069 831 1149 868 casus
1175 817 1241 867 tuus
1267 813 1431 868 insanabilis
1443 814 1474 867 in
1485 816 1620 881 mortem,
1636 812 1693 866 ista
1712 816 1819 867 caveant

139 908 268 978 guinem,
292 909 320 960 ει
343 906 440 976 lingua
464 905 617 960 testificans
636 904 757 961 adducet
778 910 911 960 mortem.
928 905 958 960 Si
1007 924 1106 963 omnes
1123 914 1152 963 et
1169 907 1322 962 cohibeant
1341 907 1470 977 linguam
1483 923 1562 962 suam
1576 924 1594 961 a
1606 907 1698 973 malo,
1714 911 1743 960 et
1756 905 1817 961 labis

138 1000 307 1069 sufflaveris,
318 1000 398 1070 quasi
410 998 483 1070 ignis
497 999 651 1068 exardebit,
669 1002 697 1053 et
711 999 734 1053 si
750 998 895 1070 exspueris
908 1016 955 1054 su·
1008 1018 1108 1058 eorum
1123 1017 1159 1056 ne
1174 1000 1329 1072 loquantur
1343 1000 1451 1056 dolum.

138 1113 192 1168 per
211 1095 289 1149 illam
313 1093 519 1163 exstinguetur,
536 1097 564 1146 ct
578 1095 697 1163 utraque
718 1109 751 1147 ex
773 1109 822 1146 ore
844 1093 957 1163 prosici-
1045 1118 1057 1145 «
1073 1096 1112 1149 lle
1126 1099 1237 1161 caetere,
1250 1093 1419 1163 charissimi,
1431 1093 1636 1149 confortamini
1656 1092 1689 1148 in
1707 1094 1816 1149 Domino

142 1185 883 1257 seuutur.Susurroethilinguismoledictus,mullos
897 1190 956 1241 tur·
1007 1195 1034 1243 et
1056 1188 1086 1243 in
1108 1188 1237 1260 potentia
1259 1186 1371 1242 virtutis
1392 1186 1464 1257 eJ'us.
1486 1186 1598 1242 Induite
1616 1202 1669 1241 vos
1685 1191 1816 1242 armatura

139 1282 215 1338 bavit
232 1298 331 1352 pacem
347 1280 495 1346 habentes,
506 1280 604 1350 lingua
614 1280 697 1335 tertia
710 1281 815 1334 multos
827 1296 956 1334 commo-
1007 1284 1067 1351 Dei,
1080 1287 1111 1339 ut
1124 1281 1237 1353 possitis
1251 1284 1324 1335 stare
1337 1280 1472 1336 adversus
1485 1279 1603 1335 insidias
1616 1280 1743 1349 diaboli,
1758 1297 1814 1351 quo

137 1377 188 1442 vit,
204 1381 232 1430 et
247 1374 380 1445 dispersit
400 1373 465 1428 illos
488 1391 504 1427 a
525 1376 609 1444 gente
630 1373 660 1426 in
684 1377 811 1444 gentem.
827 1373 957 1428 Civitates
1006 1376 1085 1431 niam
1100 1394 1159 1430 non
1180 1379 1223 1430 est
1244 1375 1325 1430 nubis
1344 1374 1502 1430 colluctatio
1516 1374 1656 1429 adversus
1671 1391 1783 1429 earnem
1794 1378 1816 1428 ει

138 1475 267 1524 muratas
290 1468 409 1523 divitum
432 1468 579 1534 destruxit,
594 1470 623 1520 et
639 1467 738 1522 domos
757 1470 957 1538 magnatorum
1008 1470 1188 1541 sangninem,
1213 1469 1261 1523 sed
1289 1469 1425 1522 adversus
1450 1468 1595 1540 principes
1615 1473 1646 1522 et
1665 1471 1814 1538 potestates,

140 1563 248 1631 effudit,
259 1562 379 1617 virtutes
389 1560 561 1632 populorum
572 1560 705 1628 concidit,
718 1566 746 1615 et
757 1564 855 1631 gentes
871 1561 957 1615 sortes
1007 1565 1141 1620 adversus
1154 1563 1255 1618 mundi
1271 1565 1395 1618 rectores
1409 1562 1593 1616 tenebrarum
1610 1561 1719 1616 harum
1733 1566 1816 1616 contra

139 1656 273 1712 dissolvit.
287 1656 397 1726 Lingua
408 1653 491 1709 tertia
502 1653 636 1709 mulieres
648 1653 744 1708 viritas
754 1653 845 1724 ejecit,
859 1656 887 1708 et
902 1654 957 1724 pri·
1008 1657 1164 1728 spiritualia
1184 1655 1320 1728 nequitiae
1347 1655 1377 1710 in
1401 1655 1571 1723 coelestibus,
1583 1661 1741 1726 propterea
1753 1655 1813 1709 acei-

139 1752 216 1804 vavit
226 1767 274 1805 eas
282 1750 316 1804 de
327 1748 472 1803 laboribus
483 1748 551 1802 suis.
560 1747 612 1810 Oui
622 1747 738 1818 respicit
749 1747 826 1801 illam
837 1763 895 1802 non
910 1728 994 1801 ιιι-Β
1007 1750 1065 1823 pite
1073 1755 1248 1805 armaturam
1259 1749 1319 1817 llei,
1330 1755 1362 1804 ut
1371 1749 1483 1820 possitis
1497 1749 1632 1804 resistere
1645 1748 1677 1802 in
1694 1748 1738 1804 die
1751 1747 1814 1802 malo

139 1844 219 1899 bebit
237 1843 376 1915 requiem,
392 1859 444 1896 nec
466 1841 607 1896 habitabit
628 1858 692 1895 cum
716 1841 822 1912 requie.
843 1840 957 1911 Flagelli
1008 1844 1080 1898 etin
1097 1844 1229 1899 omnibus
1250 1843 1369 1915 perlecti
1391 1846 1475 1898 stare.
1497 1843 1573 1898 State
1597 1858 1671 1913 ergo
1693 1840 1814 1896 succincti

140 1939 224 2009 plaga
234 1936 352 1992 livorem
366 1936 441 2001 lacit,
453 1936 536 2006 plaga
551 1940 648 1989 autem
667 1934 772 2004 linguae
787 1933 958 1991 comminuit
1006 1937 1119 1992 lumbos
1136 1940 1242 1992 vestros
1258 1937 1288 1991 in
1304 1935 1429 2004 veritate,
1446 1941 1475 1990 et
1489 1935 1601 1991 induite
1615 1934 1812 2006 lorimmjusti·

139 2048 212 2086 ossa.
235 2031 313 2086 llulti
336 2029 500 2084 ceciderunt
519 2028 549 2082 in
570 2044 618 2083 ore
639 2027 738 2098 gladii,
757 2028 805 2083 sed
827 2044 884 2082 non
907 2027 956 2093 sie,
1007 2031 1063 2098 tiae,
1076 2035 1104 2085 et
1116 2030 1232 2085 calceati
1250 2029 1338 2101 pedes
1350 2030 1380 2084 in
1395 2030 1605 2100 praeparatione
1618 2028 1763 2100 Evangelii
1772 2043 1812 2098 pa·

139 2125 282 2196 qrromodo
295 2124 344 2195 qui
360 2122 531 2177 interierunt
547 2138 599 2192 per
613 2121 740 2193 linguam
753 2139 845 2176 suam.
857 2123 957 2176 Beatus
1007 2123 1046 2178 cis
1059 2123 1089 2177 in
1105 2123 1251 2192 omnibus3
1267 2127 1412 2177 sumentes
1427 2126 1540 2177 scutum
1553 2122 1634 2191 fidei,
1649 2122 1681 2176 in
1698 2138 1752 2192 quo
1762 2138 1814 2193 pos

138 2219 187 2291 qni
198 2221 288 2273 tectus
300 2219 366 2270 esta
378 2215 477 2286 lingua
494 2220 664 2285 ncqrram‚et
676 2215 765 2286 quiin
780 2213 956 2269 iracundiam
1008 2217 1066 2271 sitis
1081 2218 1176 2271 omnia
1188 2219 1244 2271 tola
1254 2216 1516 2288 nequissimiignea
1526 2216 1725 2286 exstinguere.
1735 2217 1812 2285 Etge

138 2312 216 2367 illins
230 2329 287 2365 non
300 2309 438 2373 transivit,
451 2308 538 2379 etqui
552 2324 610 2362 non
622 2308 740 2363 attraxit
752 2309 856 2379 jugum
871 2309 955 2377 illius,
1005 2311 1079 2366 leam
1095 2310 1192 2365 salutis
1208 2311 1352 2380 assumite,
1370 2315 1399 2364 ει
1416 2309 1542 2381 gladium
1555 2309 1676 2380 spiritus
1692 2308 1765 2380 quod
1777 2316 1812 2363 est

142 2410 170 2461 et
186 2404 305 2459 vinculis
318 2403 391 2457 illius
405 2419 463 2457 non
477 2408 518 2456 εει
531 2402 645 2472 ligatus.
662 2401 768 2472 iugum
784 2402 861 2455 euim
882 2402 957 2455 illius
1006 2405 1125 2459 verbum
1140 2404 1189 2459 Dei
1205 2404 1311 2474 (pres.
1324 2419 1362 2472 vr,
1378 2405 1477 2473 ιθ-ιῖι.
1492 2424 1507 2454 »
1522 2404 1597 2471 llaec,
1614 2403 1730 2469 iratres,
1745 2401 1812 2457 robis

136 2500 243 2570 jugum
268 2499 394 2553 ferreum
422 2499 477 2563 est,
498 2499 527 2550 ct
550 2496 694 2550 vinculum
716 2495 790 2549 illius
813 2495 956 2550 vinculum
1006 2497 1180 2567 scripsimus,
1197 2500 1226 2551 ει
1245 2497 1419 2568 generaliter
1432 2497 1564 2551 omnibus
1577 2503 1683 2552 notum
1697 2497 1758 2551 lieri
1771 2512 1811 2549 ro·

140 2609 249 2648 aereum
268 2594 319 2646 est.
339 2591 410 2645 llors
425 2590 500 2644 iltius
520 2606 597 2644 mors
611 2588 784 2660 nequissima
799 2591 850 2657 est,
864 2592 893 2642 et
906 2588 958 2642 uti·
1005 2590 1111 2658 lumus,
1129 2596 1160 2645 ut
1172 2607 1235 2661 quae
1247 2594 1364 2645 caeteros
1379 2593 1503 2662 tangunt
1515 2590 1651 2645 omnibus
1664 2595 1732 2645 nota
1741 2589 1811 2644 liant

139 2686 173 2741 lis
193 2687 286 2757 potius
307 2683 405 2739 interis
419 2700 506 2754 quem
523 2682 571 2737 illa
585 2682 794 2753 perseverantia
809 2682 885 2735 illius
898 2697 956 2736 non
1007 2684 1193 2754 Omnipotens
1208 2684 1281 2738 [lens
1293 2686 1380 2738 voset
1391 2684 1517 2756 reliquos
1526 2683 1630 2739 tratres
1642 2683 1748 2754 ubique
1757 2699 1812 2737 con

138 2778 328 2851 permanebit,
341 2777 391 2832 sed
402 2776 543 2831 obtinebit
553 2776 609 2829 vias
620 2775 958 2845 injustorum,etssamma
1006 2777 1136 2833 sistentes
1161 2780 1293 2848 protegat
1319 2794 1408 2848 usque
1432 2776 1462 2832 in
1487 2778 1586 2844 linem,
1607 2779 1660 2849 qui
1687 2780 1810 2832 cunctum

141 2889 191 2927 sua
213 2888 271 2926 non
294 2871 443 2925 comburet
460 2872 563 2940 justos.
577 2868 628 2933 Qui
642 2869 844 2940 derelinquunt
855 2870 955 2938 Deum,
1006 2871 1148 2925 mundum
1170 2876 1213 2926 est
1227 2871 1360 2942 dignatus
1374 2871 1515 2927 redimere
1528 2873 1608 2926 lesus
1624 2870 1752 2928 Christus
1763 2871 1809 2924 bo·

142 2965 309 3021 inciduntin
319 2963 408 3030 illam,
420 2969 448 3018 et
458 2963 624 3017 exardescet
634 2961 663 3015 in
676 2962 738 3030 illis,
747 2965 776 3017 ει
787 2979 842 3017 ιιοιι
853 2963 957 3018 exstin-
1006 2963 1102 3018 minus
1122 2970 1226 3033 noster,
1240 2964 1289 3036 qui
1307 2969 1349 3020 est
1370 2964 1537 3020 benedictus
1549 2965 1580 3019 in
1593 2966 1710 3021 saeeula.
1723 2967 1808 3021 tinen.

140 3065 254 3129 guetur,
277 3060 305 3111 et
329 3056 501 3111 immittetur
520 3056 550 3110 in
572 3055 634 3110 illos
655 3056 734 3126 quasi
759 3056 811 3123 leo,
827 3061 855 3112 et
875 3056 956 3127 quasi
966 3097 993 3171 C
1007 3057 1076 3113 Data
1095 3057 1212 3113 lialend.
1235 3058 1350 3128 Aprilis,
1364 3059 1561 3114 Valentiniano
1582 3063 1612 3115 et
1634 3057 1808 3115 Florentioll

139 3152 246 3224 pardos
263 3151 349 3206 laedet
360 3150 430 3205 illos.
447 3149 513 3222 Sepi
526 3165 608 3204 aures
617 3153 681 3203 tuas
692 3149 789 3220 spinis,
799 3153 827 3204 ει
838 3150 895 3204 noli
906 3167 955 3204 au·
1006 3152 1178 3207 consulibus.

421 3386 711 3480 lNGlPlUN'l
761 3387 1050 3482 EPISTOLAE
1102 3385 1303 3484 LEONlS
1354 3389 1538 3491 PAPAE.

140 3545 160 3599 l.
188 3573 222 3584 -
249 3540 294 3598 Ad
324 3541 445 3609 Eutpcea
478 3539 806 3608 Corasteatinopolitauum
836 3540 959 3595 abbatem
1009 3540 1141 3596 scandala
1162 3543 1369 3609 convalescant,
1383 3541 1451 3613 quia
1465 3545 1533 3596 tunc
1547 3543 1591 3594 εει
1602 3540 1732 3612 optimus
1741 3534 1806 3609 regri

306 3613 437 3666 adversus
455 3611 646 3666 N3⁸i⁰r¹i¹²mm
666 3612 796 3665 hffliiSi'n·
1009 3633 1094 3688 vestri
1110 3637 1208 3702 status,
1224 3635 1339 3707 quando
1359 3635 1541 3705 sempiterne
1554 3637 1584 3688 ct
1596 3627 1807 3688 incommutabii

176 3708 362 3767 DileciiSSimO
377 3710 435 3763 fifi⁰
449 3711 574 3766 EUT1OET¹
594 3707 760 3779 Pl0³hli0¹¹⁰
780 3709 834 3763 [⁴¹³⁰
856 3708 960 3780 episi&
1008 3727 1135 3783 Trinitati
1160 3729 1244 3783 unius
1269 3728 1382 3784 deitatis
1404 3728 1581 3784 consessione
1604 3728 1737 3783 servitur.
1752 3721 1806 3789 Ouid

141 3823 204 3881 1³⁰⁸·
1008 3816 1806 3894 autemiuConstantinopolitanoecclesiaperturbationis

178 3897 274 3974 188
281 3899 322 3954 Ad
331 3897 464 3953 ¹¹⁰iffi³m
477 3898 605 3951 ‘mitram
617 3896 674 3950 tuae
687 3893 844 3952 ffi¹⁰⁰ii⁰¹¹i⁸
858 3896 960 3966 095510·
1008 3916 1151 3982 acciderit,
1167 3916 1235 3988 quid
1249 3916 1288 3970 ita
1301 3917 1418 3971 fratrem
1433 3920 1461 3970 et
1475 3915 1680 3986 coepiscopum
1696 3919 1804 3970 nostran

141 3997 198 4051 lam
214 3992 346 4059 retulisti,
363 3992 439 4063 quod
452 3991 617 4045 Nestoriana
634 3990 749 4045 haeresis
768 3990 959 4059 quorumdam
1009 4010 1173 4064 Flavianum
1187 4009 1563 4080 potuergfflmmoverepug
1578 4010 1699 4064 gugoen
1709 4005 1803 4080 propp

139 4105 237 4144 rursus
251 4085 351 4140 studiis
366 4085 528 4155 pullularet.
543 4082 765 4138 Sollicitudinem
780 4084 959 4138 tuamexhae
1008 4103 1310 4158 terumcommunjone
1320 4101 1804 4174 privaregnondumpopumjgenw

140 4183 220 4251 parte
240 4178 321 4232 nobis
344 4177 482 4248 placuisse
497 4177 703 4247 rescripsimus,
720 4175 855 4245 quoniam
873 4175 958 4230 index
1008 4213 1189 4268 cognoscere,
1203 4197 1337 4261 Quamvis
1356 4197 1434 4251 enim
1455 4195 1607 4268 praedicms
1630 4188 1802 4268 mgfflp

140 4269 232 4326 animi
254 4265 296 4322 tui
319 4270 361 4321 est
383 4283 476 4321 sermo
499 4273 584 4336 q'uern
607 4266 793 4336 sumpsimus.
808 4266 886 4321 Unde
899 4283 958 4322 non
1008 4289 1108 4344 ΜΘΗ,
1122 4290 1304 4362 apostolicam
1321 4306 1375 4362 pe,
1389 4289 1517 4345 libellum
1536 4288 1644 4344 doloris
1668 4290 1712 4344 sui
1730 4281 1802 4359 queri.

141 4360 317 4433 ambigimus
336 4363 481 4414 auctorem
500 4359 643 4414 catholicae
659 4359 726 4413 fidei
743 4359 894 4415 llominum
907 4360 958 4415 tibi
1008 4384 1137 4439 moniam
1156 4384 1274 4454 miserit,
1288 4383 1412 4439 breme,
1432 4387 1529 4438 tamen
1548 4383 1648 4454 aliqua
1667 4377 1801 4455 praepbgg

141 4457 173 4513 io
201 4454 335 4512 omnibus
358 4453 524 4509 affuturum.
550 4454 605 4507 Nos
631 4455 726 4508 autem
752 4471 818 4508 cum
846 4454 959 4525 plenius
1009 4494 1136 4533 asserens
1162 4494 1192 4532 50
1220 4478 1340 4533 Nicaenae
1362 4477 1464 4550 synodi
1489 4477 1647 4532 constituta
1667 4479 1800 4532 semum

140 4550 333 4625 ‘1¹¹⁰fflfflh00
347 4547 956 4621 ἱωΡΓθῦἰωῑθθθῑνΡθῑΰθΓίωῦὓ38110506Γῆ
1007 4572 1115 4627 trustra
1132 4571 1161 4624 in
1178 4572 1413 4627 tldeidiversitate
1423 4571 1582 4642 culpatum;
1599 4569 1712 4626 Eusebii
1726 4570 1799 4624 auten

140 4663 253 4702 necesse
269 4642 481 4710 est,anxiliante
496 4641 628 4709 Domino,
643 4641 803 4712 providere,
818 4645 958 4713 quatenus
1008 4665 1133 4736 episcop,
1148 4665 1318 4720 accusatoris
1334 4667 1395 4737 ejus
1414 4664 1534 4732 libellus,
1550 4665 1633 4735 cujus
1652 4657 1800 4735 mmppffl

139 4739 299 4795 nefandum
329 4736 405 4791 virus
432 4735 600 4805 dudumque
628 4734 792 4790 damnatum
826 4736 958 4790 radicitus
1007 4759 1042 4813 ,d
1066 4775 1117 4812 ,103
1139 4757 1293 4829 psaeffictus
1314 4759 1460 4831 presbyter
1484 4759 1577 4827 misit,
1600 4758 1637 4813 de
1660 4749 1800 4829 objecgfflp

139 4832 228 4906 P⁰⁵⁵ii
241 4830 393 4901 θῐθῑῑῦἕΰῑ·
420 4830 493 4884 ⁰0¹¹ss
514 4832 541 4884 ie
561 4828 699 4884 0¹¹⁵i⁰di³i
712 4828 896 4899 iflffllflffliffli
913 4828 955 4884 di·
966 4831 996 4905 D
1007 4851 1150 4907 evidentia
1164 4852 1236 4907 nihil
1248 4853 1382 4909 habebat.
1404 4853 1459 4908 Sed
1478 4869 1543 4907 cum
1556 4853 1722 4924 presbytero
1735 4851 1801 4904 here

140 4925 290 4983 lemme
304 4924 354 4978 ffli‘
1008 4962 1071 5000 seos
1090 4946 1199 5001 crimen
1217 4946 1390 5013 intenderet,
1400 4963 1486 5018 quem
1499 4952 1598 5001 tamen
1613 4952 1742 5002 nostrum
1754 4955 1801 4998 seu·

276 5043 309 5095 ll.
329 5069 364 5081 -
383 5040 430 5095 Ad
451 5040 627 5095 Theodosium
647 5040 812 5108 Augustam.
1007 5055 1070 5094 sum
1086 5040 1222 5112 arguerit,
1238 5056 1295 5094 non
1321 5040 1467 5096 evidenter
1488 5040 1637 5111 expressit,
1651 5033 1802 5113 quamsisst

175 5138 230 5194 Lao
244 5137 395 5191 Turonosxo
409 5136 548 5204 Augusto.
1006 5133 1258 5205 ipseetepiscopus
1267 5133 1386 5188 Nicaenae
1399 5133 1498 5206 synodi
1507 5134 1677 5205 profiteatur
1686 5133 1716 5188 in
1727 5134 1802 5187 hacn

165 5225 958 5301 QuantumpresidiibominusEcclesiaasuaeinfideves·
1006 5243 1036 5282 se
1050 5244 1110 5283 esse
1123 5227 1398 5299 *decretispropter
1409 5228 1486 5300 quod
1499 5244 1557 5283 non
1571 5228 1734 5297 habuimus,
1747 5221 1802 5280 unde

28 5389 29 5392 Ἴ
138 5332 191 5383 trae
205 5323 363 5381 clementie
374 5321 551 5393 praepararit,
563 5319 608 5376 his
621 5321 709 5376 etiam
724 5320 825 5376 litteris
839 5337 908 5392 quas
921 5322 956 5376 ad
1005 5320 1112 5392 aliquid
1126 5320 1294 5376 diceremus.
1304 5323 1338 5376 Et
1349 5322 1416 5393 quia
1426 5338 1518 5377 causae
1529 5321 1667 5378 meritum
1679 5315 1803 5377 tideirat't

137 5439 184 5477 me
192 5417 293 5475 misisti
301 5415 470 5482 ostenditur,
481 5418 513 5470 ut
522 5415 666 5470 vobisnon
674 5413 956 5486 solumregium‚sed
1007 5418 1036 5467 et
1049 5414 1197 5469 laudabilis
1219 5415 1377 5471 sollicitudo
1399 5419 1498 5471 restrae
1519 5415 1636 5487 pietatis
1654 5414 1804 5486 exagitat

137 5517 221 5570 etiam
229 5511 432 5568 sacerdotalem
440 5509 669 5564 animuminesse
677 5505 956 5580 gaudeamusSiqni·
1005 5524 1082 5562 cesse
1091 5509 1209 5579 estjam
1219 5509 1313 5564 locum
1323 5509 1554 5581 subreptionibus
1564 5525 1622 5564 non
1633 5513 1739 5582 patere,
1750 5502 1803 5562 scil

138 5609 201 5663 dem
213 5611 330 5678 propter
344 5603 510 5674 imperiales
521 5602 682 5674 etpublicas
697 5618 787 5669 curas,
799 5601 954 5673 piissimam
1005 5604 1050 5656 eet
1063 5601 1140 5672 prius
1154 5603 1188 5658 de
1205 5603 1384 5675 quibuscum
1398 5603 1520 5660 aestimat
1528 5604 1711 5676 arguendum
1719 5593 1804 5659 uslai

133 5698 359 5756 sollicitudinem
369 5697 537 5755 Christiane
550 5695 825 5767 religionishabetis,
835 5712 872 5751 ne
885 5695 956 5752 seili-
1004 5712 1055 5751 nos
1068 5701 1189 5768 oportet,
1206 5703 1236 5753 ut
1253 5697 1341 5768 possit
1363 5699 1398 5753 de
1412 5698 1485 5753 bene
1504 5696 1628 5770 cognitis
1641 5695 1803 5770 oongrncju

120 5791 402 5865 eetinpopulollei,
412 5789 955 5864 autschismata,outhereses,autulla
1004 5789 1103 5847 dicari.
1116 5790 1158 5846 Ad
1166 5790 1335 5864 praedictum
1350 5797 1445 5849 autem
1459 5791 1627 5869 episcopum
1633 5791 1705 5854 ,dedi
1712 5792 1803 5849 bacas
