<?xml version="1.0" encoding="UTF-8"?>
<!DOCTYPE html PUBLIC "-//W3C//DTD XHTML 1.0 Transitional//EN"
    "http://www.w3.org/TR/xhtml1/DTD/xhtml1-transitional.dtd">
<html xmlns="http://www.w3.org/1999/xhtml" xml:lang="en" lang="en">
 <head>
  <title>
</title>
<meta http-equiv="Content-Type" content="text/html;charset=utf-8" />
  <meta name='ocr-system' content='tesseract 3.04.00' />
  <meta name='ocr-capabilities' content='ocr_page ocr_carea ocr_par ocr_line ocrx_word'/>
</head>
<body>
  <div class='ocr_page' id='page_1' title='image "./patrologiaecurs03unkngoog_0598.png"; bbox 0 0 3870 6150; ppageno 0'>
   <div class='ocr_carea' id='block_1_1' title="bbox 87 251 940 313">
    <p class='ocr_par' dir='ltr' id='par_1_1' title="bbox 87 251 940 313">
     <span class='ocr_line' id='line_1_1' title="bbox 87 251 940 313; baseline 0.008 -7"><span class='ocrx_word' id='word_1_1' title='bbox 87 251 151 306; x_wconf 76' lang='lat' dir='ltr'>titt</span> <span class='ocrx_word' id='word_1_2' title='bbox 705 256 940 313; x_wconf 75' lang='lat' dir='ltr'>DEGllll&#39;thlUll</span> 
     </span>
    </p>
   </div>
   <div class='ocr_carea' id='block_1_2' title="bbox 960 256 1768 317">
    <p class='ocr_par' dir='ltr' id='par_1_2' title="bbox 960 256 1768 317">
     <span class='ocr_line' id='line_1_2' title="bbox 960 256 1768 317; baseline 0.002 -3"><span class='ocrx_word' id='word_1_3' title='bbox 960 256 1153 315; x_wconf 67' lang='lat' dir='ltr'>collectio.</span> <span class='ocrx_word' id='word_1_4' title='bbox 1184 272 1186 277; x_wconf 59' lang='lat'><strong><em>⁴</em></strong></span> <span class='ocrx_word' id='word_1_5' title='bbox 1703 261 1768 317; x_wconf 78' lang='lat' dir='ltr'>titt</span> 
     </span>
    </p>
   </div>
   <div class='ocr_carea' id='block_1_3' title="bbox 121 359 1768 450">
    <p class='ocr_par' dir='ltr' id='par_1_3' title="bbox 121 359 1768 450">
     <span class='ocr_line' id='line_1_3' title="bbox 121 359 1768 450; baseline 0.004 -35"><span class='ocrx_word' id='word_1_6' title='bbox 121 361 162 415; x_wconf 91' lang='lat' dir='ltr'>lll.</span> <span class='ocrx_word' id='word_1_7' title='bbox 180 359 210 417; x_wconf 88' lang='lat' dir='ltr'>Si</span> <span class='ocrx_word' id='word_1_8' title='bbox 229 361 292 433; x_wconf 91' lang='lat' dir='ltr'>quis</span> <span class='ocrx_word' id='word_1_9' title='bbox 313 361 348 417; x_wconf 92' lang='lat' dir='ltr'>de</span> <span class='ocrx_word' id='word_1_10' title='bbox 366 362 481 434; x_wconf 91' lang='lat' dir='ltr'>propria</span> <span class='ocrx_word' id='word_1_11' title='bbox 500 364 679 435; x_wconf 77' lang='lat' dir='ltr'><strong>cognatione,</strong></span> <span class='ocrx_word' id='word_1_12' title='bbox 693 365 736 420; x_wconf 92' lang='lat' dir='ltr'>vol</span> <span class='ocrx_word' id='word_1_13' title='bbox 750 381 837 438; x_wconf 91' lang='lat' dir='ltr'>quam</span> <span class='ocrx_word' id='word_1_14' title='bbox 851 382 900 421; x_wconf 91' lang='lat' dir='ltr'>co·</span> <span class='ocrx_word' id='word_1_15' title='bbox 911 377 1110 450; x_wconf 64' lang='lat' dir='ltr'>Aeoramque</span> <span class='ocrx_word' id='word_1_16' title='bbox 1124 367 1322 440; x_wconf 90' lang='lat' dir='ltr'>episcoporum</span> <span class='ocrx_word' id='word_1_17' title='bbox 1333 366 1574 438; x_wconf 87' lang='lat' dir='ltr'>manibus.lgitur</span> <span class='ocrx_word' id='word_1_18' title='bbox 1582 371 1647 440; x_wconf 90' lang='lat' dir='ltr'>post</span> <span class='ocrx_word' id='word_1_19' title='bbox 1656 365 1768 439; x_wconf 90' lang='lat' dir='ltr'>aliquos</span> 
     </span>
    </p>
   </div>
   <div class='ocr_carea' id='block_1_4' title="bbox 83 454 901 621">
    <p class='ocr_par' dir='ltr' id='par_1_4' title="bbox 83 454 901 621">
     <span class='ocr_line' id='line_1_4' title="bbox 84 454 901 528; baseline 0.007 -19"><span class='ocrx_word' id='word_1_20' title='bbox 84 459 189 525; x_wconf 87' lang='lat' dir='ltr'>gnatus</span> <span class='ocrx_word' id='word_1_21' title='bbox 212 454 322 523; x_wconf 90' lang='lat' dir='ltr'>hahuit,</span> <span class='ocrx_word' id='word_1_22' title='bbox 341 454 456 511; x_wconf 82' lang='lat' dir='ltr'>duxerit</span> <span class='ocrx_word' id='word_1_23' title='bbox 477 472 606 528; x_wconf 89' lang='lat' dir='ltr'>uxorem,</span> <span class='ocrx_word' id='word_1_24' title='bbox 625 460 779 515; x_wconf 89' lang='lat' dir='ltr'>anathema</span> <span class='ocrx_word' id='word_1_25' title='bbox 802 459 847 516; x_wconf 89' lang='lat' dir='ltr'>sit.</span> <span class='ocrx_word' id='word_1_26' title='bbox 868 460 901 515; x_wconf 84' lang='lat' dir='ltr'>Et</span> 
     </span>
     <span class='ocr_line' id='line_1_5' title="bbox 83 548 756 621; baseline 0.006 -17"><span class='ocrx_word' id='word_1_27' title='bbox 83 548 292 621; x_wconf 89' lang='lat' dir='ltr'>responderunt</span> <span class='ocrx_word' id='word_1_28' title='bbox 304 565 404 606; x_wconf 90' lang='lat' dir='ltr'>omnes</span> <span class='ocrx_word' id='word_1_29' title='bbox 415 550 500 607; x_wconf 90' lang='lat' dir='ltr'>tertio</span> <span class='ocrx_word' id='word_1_30' title='bbox 515 568 522 606; x_wconf 76' lang='grc' dir='ltr'>ε</span> <span class='ocrx_word' id='word_1_31' title='bbox 539 552 697 609; x_wconf 69' lang='lat' dir='ltr'>anathema</span> <span class='ocrx_word' id='word_1_32' title='bbox 710 553 756 610; x_wconf 89' lang='lat' dir='ltr'>sit.</span> 
     </span>
    </p>
   </div>
   <div class='ocr_carea' id='block_1_5' title="bbox 81 652 901 1495">
    <p class='ocr_par' dir='ltr' id='par_1_5' title="bbox 83 652 901 899">
     <span class='ocr_line' id='line_1_6' title="bbox 120 652 900 726; baseline 0.006 -17"><span class='ocrx_word' id='word_1_33' title='bbox 120 655 152 709; x_wconf 91' lang='lat' dir='ltr'>ll.</span> <span class='ocrx_word' id='word_1_34' title='bbox 172 652 200 709; x_wconf 90' lang='lat' dir='ltr'>Si</span> <span class='ocrx_word' id='word_1_35' title='bbox 215 652 278 726; x_wconf 90' lang='lat' dir='ltr'>quis</span> <span class='ocrx_word' id='word_1_36' title='bbox 292 653 406 709; x_wconf 90' lang='lat' dir='ltr'>viduam</span> <span class='ocrx_word' id='word_1_37' title='bbox 423 654 533 711; x_wconf 88' lang='lat' dir='ltr'>furatus</span> <span class='ocrx_word' id='word_1_38' title='bbox 552 655 638 711; x_wconf 88' lang='lat' dir='ltr'>fuerit</span> <span class='ocrx_word' id='word_1_39' title='bbox 661 657 692 712; x_wconf 94' lang='lat' dir='ltr'>in</span> <span class='ocrx_word' id='word_1_40' title='bbox 716 671 843 725; x_wconf 91' lang='lat' dir='ltr'>uxorem,</span> <span class='ocrx_word' id='word_1_41' title='bbox 857 658 900 714; x_wconf 87' lang='lat' dir='ltr'>vel</span> 
     </span>
     <span class='ocr_line' id='line_1_7' title="bbox 83 747 901 822; baseline 0.006 -20"><span class='ocrx_word' id='word_1_42' title='bbox 83 747 262 803; x_wconf 86' lang='lat' dir='ltr'>consentiens</span> <span class='ocrx_word' id='word_1_43' title='bbox 271 747 309 816; x_wconf 92' lang='lat' dir='ltr'>ei,</span> <span class='ocrx_word' id='word_1_44' title='bbox 318 748 471 805; x_wconf 88' lang='lat' dir='ltr'>anathema</span> <span class='ocrx_word' id='word_1_45' title='bbox 483 748 529 806; x_wconf 92' lang='lat' dir='ltr'>sit.</span> <span class='ocrx_word' id='word_1_46' title='bbox 536 750 571 805; x_wconf 86' lang='lat' dir='ltr'>Et</span> <span class='ocrx_word' id='word_1_47' title='bbox 584 751 794 822; x_wconf 90' lang='lat' dir='ltr'>responderunt</span> <span class='ocrx_word' id='word_1_48' title='bbox 800 766 901 807; x_wconf 88' lang='lat' dir='ltr'>omnes</span> 
     </span>
     <span class='ocr_line' id='line_1_8' title="bbox 83 841 425 899; baseline 0 -2"><span class='ocrx_word' id='word_1_49' title='bbox 83 841 170 898; x_wconf 87' lang='lat' dir='ltr'>tertio</span> <span class='ocrx_word' id='word_1_50' title='bbox 186 859 193 896; x_wconf 77' lang='grc' dir='ltr'>ε</span> <span class='ocrx_word' id='word_1_51' title='bbox 207 841 369 898; x_wconf 69' lang='lat' dir='ltr'>anathema</span> <span class='ocrx_word' id='word_1_52' title='bbox 379 842 425 899; x_wconf 90' lang='lat' dir='ltr'>sit.</span> 
     </span>
    </p>

    <p class='ocr_par' dir='ltr' id='par_1_6' title="bbox 81 943 899 1281">
     <span class='ocr_line' id='line_1_9' title="bbox 118 943 898 1019; baseline 0.004 -21"><span class='ocrx_word' id='word_1_53' title='bbox 118 945 161 999; x_wconf 85' lang='lat' dir='ltr'>lll.</span> <span class='ocrx_word' id='word_1_54' title='bbox 173 943 201 1001; x_wconf 90' lang='lat' dir='ltr'>Si</span> <span class='ocrx_word' id='word_1_55' title='bbox 213 944 277 1016; x_wconf 92' lang='lat' dir='ltr'>quis</span> <span class='ocrx_word' id='word_1_56' title='bbox 287 943 440 1016; x_wconf 81' lang='lat' dir='ltr'>virginem,</span> <span class='ocrx_word' id='word_1_57' title='bbox 455 945 510 1000; x_wconf 90' lang='lat' dir='ltr'>nisi</span> <span class='ocrx_word' id='word_1_58' title='bbox 526 946 751 1017; x_wconf 80' lang='lat' dir='ltr'>desponsaverit,</span> <span class='ocrx_word' id='word_1_59' title='bbox 762 947 898 1019; x_wconf 81' lang='lat' dir='ltr'>rapuerit,</span> 
     </span>
     <span class='ocr_line' id='line_1_10' title="bbox 81 1038 899 1110; baseline 0.007 -20"><span class='ocrx_word' id='word_1_60' title='bbox 81 1038 126 1094; x_wconf 85' lang='lat' dir='ltr'>vel</span> <span class='ocrx_word' id='word_1_61' title='bbox 145 1038 255 1093; x_wconf 88' lang='lat' dir='ltr'>furatus</span> <span class='ocrx_word' id='word_1_62' title='bbox 275 1038 363 1094; x_wconf 89' lang='lat' dir='ltr'>fuerit</span> <span class='ocrx_word' id='word_1_63' title='bbox 387 1038 417 1094; x_wconf 93' lang='lat' dir='ltr'>in</span> <span class='ocrx_word' id='word_1_64' title='bbox 440 1054 568 1107; x_wconf 89' lang='lat' dir='ltr'>uxorem,</span> <span class='ocrx_word' id='word_1_65' title='bbox 592 1040 636 1094; x_wconf 92' lang='lat' dir='ltr'>vel</span> <span class='ocrx_word' id='word_1_66' title='bbox 658 1040 840 1096; x_wconf 88' lang='lat' dir='ltr'>consentiens</span> <span class='ocrx_word' id='word_1_67' title='bbox 863 1039 899 1110; x_wconf 91' lang='lat' dir='ltr'>ei,</span> 
     </span>
     <span class='ocr_line' id='line_1_11' title="bbox 81 1131 899 1204; baseline 0.002 -18"><span class='ocrx_word' id='word_1_68' title='bbox 81 1131 236 1187; x_wconf 89' lang='lat' dir='ltr'>anathema</span> <span class='ocrx_word' id='word_1_69' title='bbox 253 1132 298 1188; x_wconf 90' lang='lat' dir='ltr'>sit.</span> <span class='ocrx_word' id='word_1_70' title='bbox 313 1135 347 1189; x_wconf 84' lang='lat' dir='ltr'>Et</span> <span class='ocrx_word' id='word_1_71' title='bbox 361 1132 572 1204; x_wconf 85' lang='lat' dir='ltr'>responderunt</span> <span class='ocrx_word' id='word_1_72' title='bbox 585 1149 685 1189; x_wconf 90' lang='lat' dir='ltr'>omnes</span> <span class='ocrx_word' id='word_1_73' title='bbox 701 1133 784 1190; x_wconf 87' lang='lat' dir='ltr'>tertio</span> <span class='ocrx_word' id='word_1_74' title='bbox 801 1150 808 1188; x_wconf 92' lang='lat'>:</span> <span class='ocrx_word' id='word_1_75' title='bbox 824 1137 899 1190; x_wconf 77' lang='lat' dir='ltr'>Ana·</span> 
     </span>
     <span class='ocr_line' id='line_1_12' title="bbox 81 1225 241 1281; baseline 0 -1"><span class='ocrx_word' id='word_1_76' title='bbox 81 1225 180 1281; x_wconf 88' lang='lat' dir='ltr'>thema</span> <span class='ocrx_word' id='word_1_77' title='bbox 194 1225 241 1280; x_wconf 87' lang='lat' dir='ltr'>eit.</span> 
     </span>
    </p>

    <p class='ocr_par' dir='ltr' id='par_1_7' title="bbox 81 1328 900 1495">
     <span class='ocr_line' id='line_1_13' title="bbox 118 1328 900 1402; baseline 0.004 -18"><span class='ocrx_word' id='word_1_78' title='bbox 118 1329 173 1384; x_wconf 83' lang='lat' dir='ltr'>llll.</span> <span class='ocrx_word' id='word_1_79' title='bbox 210 1328 238 1384; x_wconf 92' lang='lat' dir='ltr'>Si</span> <span class='ocrx_word' id='word_1_80' title='bbox 275 1329 340 1401; x_wconf 92' lang='lat' dir='ltr'>quis</span> <span class='ocrx_word' id='word_1_81' title='bbox 376 1329 487 1395; x_wconf 90' lang='lat' dir='ltr'>ariolos,</span> <span class='ocrx_word' id='word_1_82' title='bbox 525 1329 678 1402; x_wconf 78' lang='lat' dir='ltr'>aruspices,</span> <span class='ocrx_word' id='word_1_83' title='bbox 709 1330 900 1387; x_wconf 88' lang='lat' dir='ltr'>incantatores</span> 
     </span>
     <span class='ocr_line' id='line_1_14' title="bbox 81 1422 898 1495; baseline 0.002 -17"><span class='ocrx_word' id='word_1_84' title='bbox 81 1422 286 1490; x_wconf 80' lang='lat' dir='ltr'>observaverit,</span> <span class='ocrx_word' id='word_1_85' title='bbox 301 1427 352 1478; x_wconf 89' lang='lat' dir='ltr'>aut</span> <span class='ocrx_word' id='word_1_86' title='bbox 375 1423 558 1495; x_wconf 81' lang='lat' dir='ltr'>phylacteriis</span> <span class='ocrx_word' id='word_1_87' title='bbox 577 1438 645 1479; x_wconf 91' lang='lat' dir='ltr'>usus</span> <span class='ocrx_word' id='word_1_88' title='bbox 665 1423 762 1491; x_wconf 87' lang='lat' dir='ltr'>fuerit,</span> <span class='ocrx_word' id='word_1_89' title='bbox 779 1425 898 1480; x_wconf 88' lang='lat' dir='ltr'>anathe-</span> 
     </span>
    </p>
   </div>
   <div class='ocr_carea' id='block_1_6' title="bbox 951 459 1768 815">
    <p class='ocr_par' dir='ltr' id='par_1_8' title="bbox 951 459 1768 815">
     <span class='ocr_line' id='line_1_15' title="bbox 951 459 1768 532; baseline 0.001 -17"><span class='ocrx_word' id='word_1_90' title='bbox 951 459 1012 515; x_wconf 90' lang='lat' dir='ltr'>dies</span> <span class='ocrx_word' id='word_1_91' title='bbox 1026 460 1063 516; x_wconf 91' lang='lat' dir='ltr'>ad</span> <span class='ocrx_word' id='word_1_92' title='bbox 1084 460 1146 532; x_wconf 89' lang='lat' dir='ltr'>ejus</span> <span class='ocrx_word' id='word_1_93' title='bbox 1162 476 1261 532; x_wconf 87' lang='lat' dir='ltr'>preces</span> <span class='ocrx_word' id='word_1_94' title='bbox 1284 460 1418 517; x_wconf 88' lang='lat' dir='ltr'>facientes</span> <span class='ocrx_word' id='word_1_95' title='bbox 1440 460 1601 516; x_wconf 90' lang='lat' dir='ltr'>coacervari</span> <span class='ocrx_word' id='word_1_96' title='bbox 1620 463 1725 516; x_wconf 87' lang='lat' dir='ltr'>eoetum</span> <span class='ocrx_word' id='word_1_97' title='bbox 1736 461 1768 516; x_wconf 91' lang='lat' dir='ltr'>in</span> 
     </span>
     <span class='ocr_line' id='line_1_16' title="bbox 951 553 1768 623; baseline 0.002 -14"><span class='ocrx_word' id='word_1_98' title='bbox 951 553 1005 609; x_wconf 89' lang='lat' dir='ltr'>hac</span> <span class='ocrx_word' id='word_1_99' title='bbox 1018 553 1088 609; x_wconf 90' lang='lat' dir='ltr'>urbe</span> <span class='ocrx_word' id='word_1_100' title='bbox 1101 555 1230 610; x_wconf 79' lang='lat' dir='ltr'>Romana</span> <span class='ocrx_word' id='word_1_101' title='bbox 1246 554 1408 611; x_wconf 84' lang='lat' dir='ltr'>antistitum</span> <span class='ocrx_word' id='word_1_102' title='bbox 1423 553 1554 623; x_wconf 90' lang='lat' dir='ltr'>fecimus,</span> <span class='ocrx_word' id='word_1_103' title='bbox 1568 557 1602 610; x_wconf 93' lang='lat' dir='ltr'>ut</span> <span class='ocrx_word' id='word_1_104' title='bbox 1620 554 1768 611; x_wconf 91' lang='lat' dir='ltr'>nobiscum</span> 
     </span>
     <span class='ocr_line' id='line_1_17' title="bbox 951 647 1768 721; baseline 0.001 -18"><span class='ocrx_word' id='word_1_105' title='bbox 951 647 1130 705; x_wconf 87' lang='lat' dir='ltr'>considentes</span> <span class='ocrx_word' id='word_1_106' title='bbox 1161 652 1190 704; x_wconf 88' lang='lat' dir='ltr'>et</span> <span class='ocrx_word' id='word_1_107' title='bbox 1214 648 1314 721; x_wconf 89' lang='lat' dir='ltr'>petitio</span> <span class='ocrx_word' id='word_1_108' title='bbox 1338 648 1467 721; x_wconf 87' lang='lat' dir='ltr'>ejusdem</span> <span class='ocrx_word' id='word_1_109' title='bbox 1491 648 1628 720; x_wconf 90' lang='lat' dir='ltr'>episcopi,</span> <span class='ocrx_word' id='word_1_110' title='bbox 1652 651 1682 703; x_wconf 89' lang='lat' dir='ltr'>et</span> <span class='ocrx_word' id='word_1_111' title='bbox 1705 649 1768 704; x_wconf 85' lang='lat' dir='ltr'>acta</span> 
     </span>
     <span class='ocr_line' id='line_1_18' title="bbox 951 741 1767 815; baseline 0.001 -18"><span class='ocrx_word' id='word_1_112' title='bbox 951 741 1165 798; x_wconf 87' lang='lat' dir='ltr'>sacerdotaliter</span> <span class='ocrx_word' id='word_1_113' title='bbox 1187 746 1437 814; x_wconf 71' lang='lat' dir='ltr'>cognoscerentur.</span> <span class='ocrx_word' id='word_1_114' title='bbox 1461 744 1534 799; x_wconf 80' lang='lat' dir='ltr'>llum</span> <span class='ocrx_word' id='word_1_115' title='bbox 1554 758 1624 815; x_wconf 89' lang='lat' dir='ltr'>ergo</span> <span class='ocrx_word' id='word_1_116' title='bbox 1645 746 1718 798; x_wconf 88' lang='lat' dir='ltr'>esset</span> <span class='ocrx_word' id='word_1_117' title='bbox 1736 741 1767 798; x_wconf 88' lang='lat' dir='ltr'>in</span> 
     </span>
    </p>
   </div>
   <div class='ocr_carea' id='block_1_7' title="bbox 950 827 1908 909">
    <p class='ocr_par' dir='ltr' id='par_1_9' title="bbox 950 827 1908 909">
     <span class='ocr_line' id='line_1_19' title="bbox 950 827 1908 909; baseline -0.002 -18"><span class='ocrx_word' id='word_1_118' title='bbox 950 836 1003 891; x_wconf 89' lang='lat' dir='ltr'>hec</span> <span class='ocrx_word' id='word_1_119' title='bbox 1016 837 1145 892; x_wconf 81' lang='lat' dir='ltr'>Romana</span> <span class='ocrx_word' id='word_1_120' title='bbox 1159 836 1229 892; x_wconf 91' lang='lat' dir='ltr'>urbe</span> <span class='ocrx_word' id='word_1_121' title='bbox 1244 841 1416 909; x_wconf 86' lang='lat' dir='ltr'>congregata</span> <span class='ocrx_word' id='word_1_122' title='bbox 1434 836 1537 893; x_wconf 91' lang='lat' dir='ltr'>eadem</span> <span class='ocrx_word' id='word_1_123' title='bbox 1561 836 1688 909; x_wconf 88' lang='lat' dir='ltr'>synodus</span> <span class='ocrx_word' id='word_1_124' title='bbox 1706 835 1766 908; x_wconf 90' lang='lat' dir='ltr'>cpi·</span> <span class='ocrx_word' id='word_1_125' title='bbox 1858 827 1862 832; x_wconf 74' lang='grc'><em>’</em></span> <span class='ocrx_word' id='word_1_126' title='bbox 1902 827 1908 832; x_wconf 73' lang='grc'><em>“</em></span> 
     </span>
    </p>
   </div>
   <div class='ocr_carea' id='block_1_8' title="bbox 950 929 1768 1002">
    <p class='ocr_par' dir='ltr' id='par_1_10' title="bbox 950 929 1768 1002">
     <span class='ocr_line' id='line_1_20' title="bbox 950 929 1768 1002; baseline -0.002 -15"><span class='ocrx_word' id='word_1_127' title='bbox 950 946 1103 1002; x_wconf 91' lang='lat' dir='ltr'>scoporum</span> <span class='ocrx_word' id='word_1_128' title='bbox 1130 946 1183 1001; x_wconf 91' lang='lat' dir='ltr'>pro</span> <span class='ocrx_word' id='word_1_129' title='bbox 1214 929 1381 1002; x_wconf 88' lang='lat' dir='ltr'>hujusmodi</span> <span class='ocrx_word' id='word_1_130' title='bbox 1412 931 1528 1002; x_wconf 92' lang='lat' dir='ltr'>negotio</span> <span class='ocrx_word' id='word_1_131' title='bbox 1556 930 1699 986; x_wconf 90' lang='lat' dir='ltr'>audiendo</span> <span class='ocrx_word' id='word_1_132' title='bbox 1724 929 1768 986; x_wconf 87' lang='lat' dir='ltr'>vel</span> 
     </span>
    </p>
   </div>
   <div class='ocr_carea' id='block_1_9' title="bbox 950 1020 1872 1095">
    <p class='ocr_par' dir='ltr' id='par_1_11' title="bbox 950 1020 1872 1095">
     <span class='ocr_line' id='line_1_21' title="bbox 950 1020 1872 1095; baseline 0.002 -16"><span class='ocrx_word' id='word_1_133' title='bbox 950 1024 1089 1091; x_wconf 85' lang='lat' dir='ltr'>faciendo,</span> <span class='ocrx_word' id='word_1_134' title='bbox 1100 1024 1199 1079; x_wconf 88' lang='lat' dir='ltr'>statim</span> <span class='ocrx_word' id='word_1_135' title='bbox 1213 1023 1296 1080; x_wconf 91' lang='lat' dir='ltr'>nobis</span> <span class='ocrx_word' id='word_1_136' title='bbox 1305 1023 1438 1079; x_wconf 90' lang='lat' dir='ltr'>nuntiata</span> <span class='ocrx_word' id='word_1_137' title='bbox 1450 1026 1517 1079; x_wconf 90' lang='lat' dir='ltr'>sunt</span> <span class='ocrx_word' id='word_1_138' title='bbox 1531 1023 1658 1095; x_wconf 88' lang='lat' dir='ltr'>ejusdem</span> <span class='ocrx_word' id='word_1_139' title='bbox 1672 1039 1768 1081; x_wconf 85' lang='lat' dir='ltr'>exem·</span> <span class='ocrx_word' id='word_1_140' title='bbox 1870 1020 1872 1024; x_wconf 70' lang='grc'>’</span> 
     </span>
    </p>
   </div>
   <div class='ocr_carea' id='block_1_10' title="bbox 949 1117 1769 1472">
    <p class='ocr_par' dir='ltr' id='par_1_12' title="bbox 949 1117 1769 1472">
     <span class='ocr_line' id='line_1_22' title="bbox 950 1117 1766 1190; baseline 0 -18"><span class='ocrx_word' id='word_1_141' title='bbox 950 1117 1040 1190; x_wconf 91' lang='lat' dir='ltr'>plaria</span> <span class='ocrx_word' id='word_1_142' title='bbox 1060 1117 1178 1173; x_wconf 89' lang='lat' dir='ltr'>actionis</span> <span class='ocrx_word' id='word_1_143' title='bbox 1190 1133 1207 1172; x_wconf 93' lang='lat' dir='ltr'>a</span> <span class='ocrx_word' id='word_1_144' title='bbox 1218 1121 1269 1172; x_wconf 91' lang='lat' dir='ltr'>tua</span> <span class='ocrx_word' id='word_1_145' title='bbox 1291 1117 1469 1174; x_wconf 82' lang='lat' dir='ltr'>fraternitate</span> <span class='ocrx_word' id='word_1_146' title='bbox 1492 1117 1608 1185; x_wconf 88' lang='lat' dir='ltr'>directa,</span> <span class='ocrx_word' id='word_1_147' title='bbox 1621 1133 1686 1189; x_wconf 78' lang='lat' dir='ltr'>quas</span> <span class='ocrx_word' id='word_1_148' title='bbox 1705 1133 1766 1172; x_wconf 92' lang='lat' dir='ltr'>sus·</span> 
     </span>
     <span class='ocr_line' id='line_1_23' title="bbox 949 1209 1768 1284; baseline 0 -17"><span class='ocrx_word' id='word_1_149' title='bbox 949 1211 1085 1284; x_wconf 92' lang='lat' dir='ltr'>cipientes</span> <span class='ocrx_word' id='word_1_150' title='bbox 1101 1216 1187 1283; x_wconf 90' lang='lat' dir='ltr'>atque</span> <span class='ocrx_word' id='word_1_151' title='bbox 1209 1211 1391 1267; x_wconf 89' lang='lat' dir='ltr'>conferentes</span> <span class='ocrx_word' id='word_1_152' title='bbox 1410 1209 1533 1266; x_wconf 88' lang='lat' dir='ltr'>invicem</span> <span class='ocrx_word' id='word_1_153' title='bbox 1549 1211 1589 1266; x_wconf 90' lang='lat' dir='ltr'>ita</span> <span class='ocrx_word' id='word_1_154' title='bbox 1604 1209 1768 1268; x_wconf 88' lang='lat' dir='ltr'>invenimus</span> 
     </span>
     <span class='ocr_line' id='line_1_24' title="bbox 949 1303 1769 1377; baseline -0.001 -17"><span class='ocrx_word' id='word_1_155' title='bbox 949 1305 1090 1361; x_wconf 89' lang='lat' dir='ltr'>contineri</span> <span class='ocrx_word' id='word_1_156' title='bbox 1109 1305 1139 1360; x_wconf 92' lang='lat' dir='ltr'>in</span> <span class='ocrx_word' id='word_1_157' title='bbox 1159 1304 1252 1360; x_wconf 91' lang='lat' dir='ltr'>verbis</span> <span class='ocrx_word' id='word_1_158' title='bbox 1272 1306 1301 1360; x_wconf 90' lang='lat' dir='ltr'>et</span> <span class='ocrx_word' id='word_1_159' title='bbox 1323 1303 1463 1374; x_wconf 85' lang='lat' dir='ltr'>sensibus,</span> <span class='ocrx_word' id='word_1_160' title='bbox 1477 1304 1551 1360; x_wconf 74' lang='lat' dir='ltr'>siem</span> <span class='ocrx_word' id='word_1_161' title='bbox 1564 1319 1597 1360; x_wconf 88' lang='lat' dir='ltr'>ea</span> <span class='ocrx_word' id='word_1_162' title='bbox 1609 1320 1673 1377; x_wconf 84' lang='lat' dir='ltr'>quse</span> <span class='ocrx_word' id='word_1_163' title='bbox 1685 1303 1769 1360; x_wconf 92' lang='lat' dir='ltr'>nobis</span> 
     </span>
     <span class='ocr_line' id='line_1_25' title="bbox 949 1398 1766 1472; baseline -0.001 -18"><span class='ocrx_word' id='word_1_164' title='bbox 949 1398 1084 1471; x_wconf 77' lang='lat' dir='ltr'>praefatus</span> <span class='ocrx_word' id='word_1_165' title='bbox 1097 1399 1248 1472; x_wconf 92' lang='lat' dir='ltr'>episcopus</span> <span class='ocrx_word' id='word_1_166' title='bbox 1264 1398 1408 1455; x_wconf 88' lang='lat' dir='ltr'>obtulerat</span> <span class='ocrx_word' id='word_1_167' title='bbox 1425 1398 1583 1470; x_wconf 86' lang='lat' dir='ltr'>subscripta</span> <span class='ocrx_word' id='word_1_168' title='bbox 1602 1414 1693 1454; x_wconf 90' lang='lat' dir='ltr'>manu</span> <span class='ocrx_word' id='word_1_169' title='bbox 1704 1398 1766 1469; x_wconf 92' lang='lat' dir='ltr'>epi·</span> 
     </span>
    </p>
   </div>
   <div class='ocr_carea' id='block_1_11' title="bbox 80 1491 1767 1588">
    <p class='ocr_par' dir='ltr' id='par_1_13' title="bbox 80 1491 1767 1588">
     <span class='ocr_line' id='line_1_26' title="bbox 80 1491 1767 1588; baseline 0.001 -16"><span class='ocrx_word' id='word_1_170' title='bbox 80 1532 129 1572; x_wconf 89' lang='lat' dir='ltr'>ma</span> <span class='ocrx_word' id='word_1_171' title='bbox 141 1516 188 1571; x_wconf 91' lang='lat' dir='ltr'>sit.</span> <span class='ocrx_word' id='word_1_172' title='bbox 205 1517 240 1573; x_wconf 82' lang='lat' dir='ltr'>Et</span> <span class='ocrx_word' id='word_1_173' title='bbox 262 1516 469 1588; x_wconf 88' lang='lat' dir='ltr'>responderunt</span> <span class='ocrx_word' id='word_1_174' title='bbox 489 1533 589 1573; x_wconf 90' lang='lat' dir='ltr'>omnes</span> <span class='ocrx_word' id='word_1_175' title='bbox 610 1517 696 1573; x_wconf 89' lang='lat' dir='ltr'>tertio</span> <span class='ocrx_word' id='word_1_176' title='bbox 712 1534 719 1572; x_wconf 77' lang='grc' dir='ltr'><strong><em>ι</em></strong></span> <span class='ocrx_word' id='word_1_177' title='bbox 736 1518 899 1574; x_wconf 78' lang='lat' dir='ltr'>Anatheme</span> <span class='ocrx_word' id='word_1_178' title='bbox 946 1509 1097 1565; x_wconf 61' lang='grc' dir='ltr'>80ΟΡΟΠῙΠῙ</span> <span class='ocrx_word' id='word_1_179' title='bbox 1114 1496 1144 1548; x_wconf 52' lang='lat'>⁰²</span> <span class='ocrx_word' id='word_1_180' title='bbox 1157 1495 1214 1548; x_wconf 55' lang='grc' dir='ltr'>ιω</span> <span class='ocrx_word' id='word_1_181' title='bbox 1229 1491 1399 1549; x_wconf 51' lang='lat' dir='ltr'>dilectimfi*</span> <span class='ocrx_word' id='word_1_182' title='bbox 1422 1492 1617 1558; x_wconf 63' lang='lat' dir='ltr'><strong>0¹¹³m⁰br⁰m</strong></span> <span class='ocrx_word' id='word_1_183' title='bbox 1634 1491 1767 1548; x_wconf 61' lang='lat' dir='ltr'>“dmimfi</span> 
     </span>
    </p>
   </div>
   <div class='ocr_carea' id='block_1_12' title="bbox 80 1611 936 1971">
    <p class='ocr_par' dir='ltr' id='par_1_14' title="bbox 82 1611 128 1665">
     <span class='ocr_line' id='line_1_27' title="bbox 82 1611 128 1665; baseline 0.022 -1"><span class='ocrx_word' id='word_1_184' title='bbox 82 1611 128 1665; x_wconf 90' lang='lat' dir='ltr'>sit.</span> 
     </span>
    </p>

    <p class='ocr_par' dir='ltr' id='par_1_15' title="bbox 80 1711 936 1971">
     <span class='ocr_line' id='line_1_28' title="bbox 118 1711 897 1787; baseline 0.001 -17"><span class='ocrx_word' id='word_1_185' title='bbox 118 1713 184 1770; x_wconf 83' lang='lat' dir='ltr'>xltt.</span> <span class='ocrx_word' id='word_1_186' title='bbox 199 1711 303 1786; x_wconf 89' lang='lat' dir='ltr'>Siquis</span> <span class='ocrx_word' id='word_1_187' title='bbox 317 1713 347 1768; x_wconf 92' lang='lat' dir='ltr'>in</span> <span class='ocrx_word' id='word_1_188' title='bbox 360 1729 536 1786; x_wconf 90' lang='lat' dir='ltr'>quamquam</span> <span class='ocrx_word' id='word_1_189' title='bbox 553 1718 667 1787; x_wconf 89' lang='lat' dir='ltr'>partem</span> <span class='ocrx_word' id='word_1_190' title='bbox 680 1719 778 1771; x_wconf 90' lang='lat' dir='ltr'>nostra</span> <span class='ocrx_word' id='word_1_191' title='bbox 789 1731 897 1787; x_wconf 82' lang='lat' dir='ltr'>praece·</span> 
     </span>
     <span class='ocr_line' id='line_1_29' title="bbox 80 1762 936 1878; baseline 0.005 -17"><span class='ocrx_word' id='word_1_192' title='bbox 80 1811 132 1878; x_wconf 90' lang='lat' dir='ltr'>pta</span> <span class='ocrx_word' id='word_1_193' title='bbox 144 1809 211 1862; x_wconf 88' lang='lat' dir='ltr'>anta</span> <span class='ocrx_word' id='word_1_194' title='bbox 229 1806 332 1862; x_wconf 91' lang='lat' dir='ltr'>emissa</span> <span class='ocrx_word' id='word_1_195' title='bbox 346 1807 510 1878; x_wconf 73' lang='lat' dir='ltr'>apostolica</span> <span class='ocrx_word' id='word_1_196' title='bbox 532 1808 657 1864; x_wconf 77' lang='lat' dir='ltr'>ecclesia</span> <span class='ocrx_word' id='word_1_197' title='bbox 668 1844 671 1849; x_wconf 86' lang='lat'>.</span> <span class='ocrx_word' id='word_1_198' title='bbox 681 1809 716 1864; x_wconf 88' lang='lat' dir='ltr'>de</span> <span class='ocrx_word' id='word_1_199' title='bbox 730 1807 855 1878; x_wconf 87' lang='lat' dir='ltr'>Olivetis,</span> <span class='ocrx_word' id='word_1_200' title='bbox 870 1762 936 1865; x_wconf 82' lang='lat' dir='ltr'>etB</span> 
     </span>
     <span class='ocr_line' id='line_1_30' title="bbox 81 1900 899 1971; baseline 0.006 -17"><span class='ocrx_word' id='word_1_201' title='bbox 81 1900 151 1956; x_wconf 90' lang='lat' dir='ltr'>locis</span> <span class='ocrx_word' id='word_1_202' title='bbox 164 1900 281 1956; x_wconf 91' lang='lat' dir='ltr'>diversis</span> <span class='ocrx_word' id='word_1_203' title='bbox 296 1901 489 1971; x_wconf 82' lang='lat' dir='ltr'>temeraverit,</span> <span class='ocrx_word' id='word_1_204' title='bbox 504 1905 534 1956; x_wconf 90' lang='lat' dir='ltr'>et</span> <span class='ocrx_word' id='word_1_205' title='bbox 545 1916 603 1957; x_wconf 91' lang='lat' dir='ltr'>non</span> <span class='ocrx_word' id='word_1_206' title='bbox 616 1901 645 1958; x_wconf 89' lang='lat' dir='ltr'>in</span> <span class='ocrx_word' id='word_1_207' title='bbox 658 1902 792 1958; x_wconf 90' lang='lat' dir='ltr'>omnibus</span> <span class='ocrx_word' id='word_1_208' title='bbox 805 1903 899 1959; x_wconf 86' lang='lat' dir='ltr'>obsen-</span> 
     </span>
    </p>
   </div>
   <div class='ocr_carea' id='block_1_13' title="bbox 80 1994 896 2144">
    <p class='ocr_par' dir='ltr' id='par_1_16' title="bbox 80 1994 896 2144">
     <span class='ocr_line' id='line_1_31' title="bbox 81 1994 896 2068; baseline 0.007 -21"><span class='ocrx_word' id='word_1_209' title='bbox 81 1994 896 2068; x_wconf 78' lang='lat' dir='ltr'>varent,anathemasitEtresponderuntomuestertio:</span> 
     </span>
     <span class='ocr_line' id='line_1_32' title="bbox 80 2087 297 2144; baseline -0.009 0"><span class='ocrx_word' id='word_1_210' title='bbox 80 2088 240 2144; x_wconf 73' lang='lat' dir='ltr'>anathema</span> <span class='ocrx_word' id='word_1_211' title='bbox 251 2087 297 2143; x_wconf 93' lang='lat' dir='ltr'>sit.</span> 
     </span>
    </p>
   </div>
   <div class='ocr_carea' id='block_1_14' title="bbox 80 2191 897 2622">
    <p class='ocr_par' dir='ltr' id='par_1_17' title="bbox 80 2191 897 2622">
     <span class='ocr_line' id='line_1_33' title="bbox 116 2191 897 2267; baseline 0.004 -20"><span class='ocrx_word' id='word_1_212' title='bbox 116 2191 182 2247; x_wconf 82' lang='lat' dir='ltr'>xlv.</span> <span class='ocrx_word' id='word_1_213' title='bbox 204 2191 345 2247; x_wconf 80' lang='lat' dir='ltr'>Adrianus</span> <span class='ocrx_word' id='word_1_214' title='bbox 372 2192 448 2247; x_wconf 89' lang='lat' dir='ltr'>lilius</span> <span class='ocrx_word' id='word_1_215' title='bbox 477 2193 641 2263; x_wconf 81' lang='lat' dir='ltr'>Exhilarati,</span> <span class='ocrx_word' id='word_1_216' title='bbox 663 2193 712 2266; x_wconf 94' lang='lat' dir='ltr'>qui</span> <span class='ocrx_word' id='word_1_217' title='bbox 736 2199 801 2267; x_wconf 91' lang='lat' dir='ltr'>post</span> <span class='ocrx_word' id='word_1_218' title='bbox 824 2210 897 2267; x_wconf 80' lang='lat' dir='ltr'>prae·</span> 
     </span>
     <span class='ocr_line' id='line_1_34' title="bbox 80 2284 897 2361; baseline 0.007 -23"><span class='ocrx_word' id='word_1_219' title='bbox 80 2284 179 2340; x_wconf 85' lang='lat' dir='ltr'>stilum</span> <span class='ocrx_word' id='word_1_220' title='bbox 207 2289 418 2341; x_wconf 90' lang='lat' dir='ltr'>sacramentum</span> <span class='ocrx_word' id='word_1_221' title='bbox 442 2286 599 2360; x_wconf 88' lang='lat' dir='ltr'>apostolica</span> <span class='ocrx_word' id='word_1_222' title='bbox 624 2287 800 2344; x_wconf 87' lang='lat' dir='ltr'>confessione</span> <span class='ocrx_word' id='word_1_223' title='bbox 822 2289 897 2361; x_wconf 83' lang='lat' dir='ltr'>Epy-</span> 
     </span>
     <span class='ocr_line' id='line_1_35' title="bbox 81 2378 897 2451; baseline 0.006 -19"><span class='ocrx_word' id='word_1_224' title='bbox 81 2378 218 2450; x_wconf 90' lang='lat' dir='ltr'>phauiam</span> <span class='ocrx_word' id='word_1_225' title='bbox 238 2378 387 2435; x_wconf 90' lang='lat' dir='ltr'>diaconam</span> <span class='ocrx_word' id='word_1_226' title='bbox 405 2378 502 2436; x_wconf 92' lang='lat' dir='ltr'>illicito</span> <span class='ocrx_word' id='word_1_227' title='bbox 522 2396 593 2436; x_wconf 91' lang='lat' dir='ltr'>ausu</span> <span class='ocrx_word' id='word_1_228' title='bbox 614 2380 644 2435; x_wconf 95' lang='lat' dir='ltr'>in</span> <span class='ocrx_word' id='word_1_229' title='bbox 662 2396 782 2437; x_wconf 87' lang='lat' dir='ltr'>uxorem</span> <span class='ocrx_word' id='word_1_230' title='bbox 799 2381 897 2451; x_wconf 85' lang='lat' dir='ltr'>habat,</span> 
     </span>
     <span class='ocr_line' id='line_1_36' title="bbox 82 2472 897 2545; baseline 0.004 -18"><span class='ocrx_word' id='word_1_231' title='bbox 82 2472 238 2528; x_wconf 87' lang='lat' dir='ltr'>anathema</span> <span class='ocrx_word' id='word_1_232' title='bbox 250 2473 295 2527; x_wconf 94' lang='lat' dir='ltr'>sit.</span> <span class='ocrx_word' id='word_1_233' title='bbox 310 2474 344 2528; x_wconf 85' lang='lat' dir='ltr'>Et</span> <span class='ocrx_word' id='word_1_234' title='bbox 358 2473 567 2545; x_wconf 88' lang='lat' dir='ltr'>responderunt</span> <span class='ocrx_word' id='word_1_235' title='bbox 584 2490 683 2531; x_wconf 90' lang='lat' dir='ltr'>omnes</span> <span class='ocrx_word' id='word_1_236' title='bbox 699 2475 783 2531; x_wconf 90' lang='lat' dir='ltr'>tertio</span> <span class='ocrx_word' id='word_1_237' title='bbox 797 2492 804 2531; x_wconf 92' lang='lat'><strong>:</strong></span> <span class='ocrx_word' id='word_1_238' title='bbox 819 2477 897 2530; x_wconf 86' lang='lat' dir='ltr'>llna·</span> 
     </span>
     <span class='ocr_line' id='line_1_37' title="bbox 83 2564 240 2622; baseline 0.019 -3"><span class='ocrx_word' id='word_1_239' title='bbox 83 2564 240 2622; x_wconf 87' lang='lat' dir='ltr'>themasit.</span> 
     </span>
    </p>
   </div>
   <div class='ocr_carea' id='block_1_15' title="bbox 81 2669 900 2929">
    <p class='ocr_par' dir='ltr' id='par_1_18' title="bbox 81 2669 900 2929">
     <span class='ocr_line' id='line_1_38' title="bbox 118 2669 897 2742; baseline 0.004 -18"><span class='ocrx_word' id='word_1_240' title='bbox 118 2669 173 2724; x_wconf 83' lang='lat' dir='ltr'>xv.</span> <span class='ocrx_word' id='word_1_241' title='bbox 187 2669 354 2741; x_wconf 79' lang='lat' dir='ltr'>lfpyphenia</span> <span class='ocrx_word' id='word_1_242' title='bbox 367 2669 499 2740; x_wconf 90' lang='lat' dir='ltr'>diacona,</span> <span class='ocrx_word' id='word_1_243' title='bbox 516 2685 580 2742; x_wconf 75' lang='lat' dir='ltr'>qnae</span> <span class='ocrx_word' id='word_1_244' title='bbox 592 2673 658 2740; x_wconf 93' lang='lat' dir='ltr'>post</span> <span class='ocrx_word' id='word_1_245' title='bbox 669 2669 840 2742; x_wconf 84' lang='lat' dir='ltr'>praedictum</span> <span class='ocrx_word' id='word_1_246' title='bbox 853 2687 897 2726; x_wconf 87' lang='lat' dir='ltr'>sa·</span> 
     </span>
     <span class='ocr_line' id='line_1_39' title="bbox 82 2762 900 2837; baseline 0.007 -22"><span class='ocrx_word' id='word_1_247' title='bbox 82 2768 260 2817; x_wconf 82' lang='lat' dir='ltr'>crementum</span> <span class='ocrx_word' id='word_1_248' title='bbox 275 2779 341 2818; x_wconf 91' lang='lat' dir='ltr'>cum</span> <span class='ocrx_word' id='word_1_249' title='bbox 354 2763 481 2819; x_wconf 83' lang='lat' dir='ltr'>Adriano</span> <span class='ocrx_word' id='word_1_250' title='bbox 499 2762 651 2819; x_wconf 85' lang='lat' dir='ltr'>Exhilarati</span> <span class='ocrx_word' id='word_1_251' title='bbox 665 2764 725 2819; x_wconf 87' lang='lat' dir='ltr'>illio</span> <span class='ocrx_word' id='word_1_252' title='bbox 737 2765 807 2836; x_wconf 91' lang='lat' dir='ltr'>fuga</span> <span class='ocrx_word' id='word_1_253' title='bbox 819 2765 900 2837; x_wconf 90' lang='lat' dir='ltr'>lapsa</span> 
     </span>
     <span class='ocr_line' id='line_1_40' title="bbox 81 2853 899 2929; baseline 0.005 -19"><span class='ocrx_word' id='word_1_254' title='bbox 81 2857 124 2910; x_wconf 88' lang='lat' dir='ltr'>est</span> <span class='ocrx_word' id='word_1_255' title='bbox 133 2854 301 2924; x_wconf 86' lang='lat' dir='ltr'>inuxorem,</span> <span class='ocrx_word' id='word_1_256' title='bbox 310 2856 519 2912; x_wconf 87' lang='lat' dir='ltr'>anathemasit.</span> <span class='ocrx_word' id='word_1_257' title='bbox 534 2853 568 2912; x_wconf 81' lang='lat' dir='ltr'>lit</span> <span class='ocrx_word' id='word_1_258' title='bbox 578 2855 789 2929; x_wconf 89' lang='lat' dir='ltr'>responderunt</span> <span class='ocrx_word' id='word_1_259' title='bbox 798 2874 899 2914; x_wconf 92' lang='lat' dir='ltr'>omnes</span> 
     </span>
    </p>
   </div>
   <div class='ocr_carea' id='block_1_16' title="bbox 945 1584 1766 1659">
    <p class='ocr_par' dir='ltr' id='par_1_19' title="bbox 945 1584 1766 1659">
     <span class='ocr_line' id='line_1_41' title="bbox 945 1584 1766 1659; baseline -0.002 -17"><span class='ocrx_word' id='word_1_260' title='bbox 945 1603 1053 1655; x_wconf 89' lang='lat' dir='ltr'>sumus,</span> <span class='ocrx_word' id='word_1_261' title='bbox 1067 1587 1135 1659; x_wconf 88' lang='lat' dir='ltr'>quia</span> <span class='ocrx_word' id='word_1_262' title='bbox 1150 1603 1203 1659; x_wconf 89' lang='lat' dir='ltr'>per</span> <span class='ocrx_word' id='word_1_263' title='bbox 1215 1603 1299 1642; x_wconf 91' lang='lat' dir='ltr'>suum</span> <span class='ocrx_word' id='word_1_264' title='bbox 1311 1586 1446 1642; x_wconf 89' lang='lat' dir='ltr'>clericum</span> <span class='ocrx_word' id='word_1_265' title='bbox 1462 1586 1536 1641; x_wconf 92' lang='lat' dir='ltr'>hanc</span> <span class='ocrx_word' id='word_1_266' title='bbox 1550 1585 1628 1641; x_wconf 93' lang='lat' dir='ltr'>vobis</span> <span class='ocrx_word' id='word_1_267' title='bbox 1645 1584 1766 1641; x_wconf 89' lang='lat' dir='ltr'>minime</span> 
     </span>
    </p>
   </div>
   <div class='ocr_carea' id='block_1_17' title="bbox 947 1678 1794 2503">
    <p class='ocr_par' dir='ltr' id='par_1_20' title="bbox 947 1678 1794 2503">
     <span class='ocr_line' id='line_1_42' title="bbox 947 1678 1768 1752; baseline -0.002 -16"><span class='ocrx_word' id='word_1_268' title='bbox 947 1681 1092 1736; x_wconf 81' lang='lat' dir='ltr'>direxerit.</span> <span class='ocrx_word' id='word_1_269' title='bbox 1116 1680 1146 1737; x_wconf 92' lang='lat' dir='ltr'>Si</span> <span class='ocrx_word' id='word_1_270' title='bbox 1165 1680 1243 1736; x_wconf 90' lang='lat' dir='ltr'>euim</span> <span class='ocrx_word' id='word_1_271' title='bbox 1265 1679 1382 1736; x_wconf 80' lang='lat' dir='ltr'>forsitan</span> <span class='ocrx_word' id='word_1_272' title='bbox 1406 1683 1520 1752; x_wconf 90' lang='lat' dir='ltr'>tempus</span> <span class='ocrx_word' id='word_1_273' title='bbox 1541 1679 1595 1735; x_wconf 92' lang='lat' dir='ltr'>hoc</span> <span class='ocrx_word' id='word_1_274' title='bbox 1620 1678 1768 1750; x_wconf 89' lang='lat' dir='ltr'>prohibuit</span> 
     </span>
     <span class='ocr_line' id='line_1_43' title="bbox 947 1772 1766 1846; baseline -0.005 -16"><span class='ocrx_word' id='word_1_275' title='bbox 947 1773 1151 1846; x_wconf 89' lang='lat' dir='ltr'>incongruum,</span> <span class='ocrx_word' id='word_1_276' title='bbox 1162 1791 1213 1830; x_wconf 89' lang='lat' dir='ltr'>cur</span> <span class='ocrx_word' id='word_1_277' title='bbox 1223 1774 1330 1846; x_wconf 91' lang='lat' dir='ltr'>absque</span> <span class='ocrx_word' id='word_1_278' title='bbox 1343 1791 1395 1831; x_wconf 94' lang='lat' dir='ltr'>suo</span> <span class='ocrx_word' id='word_1_279' title='bbox 1408 1773 1512 1846; x_wconf 88' lang='lat' dir='ltr'>scripto</span> <span class='ocrx_word' id='word_1_280' title='bbox 1522 1772 1598 1828; x_wconf 91' lang='lat' dir='ltr'>hanc</span> <span class='ocrx_word' id='word_1_281' title='bbox 1612 1788 1701 1845; x_wconf 91' lang='lat' dir='ltr'>nsque</span> <span class='ocrx_word' id='word_1_282' title='bbox 1713 1788 1766 1828; x_wconf 92' lang='lat' dir='ltr'>nos</span> 
     </span>
     <span class='ocr_line' id='line_1_44' title="bbox 948 1865 1794 1940; baseline -0.001 -17"><span class='ocrx_word' id='word_1_283' title='bbox 948 1868 1067 1924; x_wconf 90' lang='lat' dir='ltr'>minime</span> <span class='ocrx_word' id='word_1_284' title='bbox 1082 1868 1237 1924; x_wconf 76' lang='lat' dir='ltr'>direxerit?</span> <span class='ocrx_word' id='word_1_285' title='bbox 1250 1869 1379 1940; x_wconf 87' lang='lat' dir='ltr'>Cumque</span> <span class='ocrx_word' id='word_1_286' title='bbox 1387 1868 1528 1923; x_wconf 87' lang='lat' dir='ltr'>recensita</span> <span class='ocrx_word' id='word_1_287' title='bbox 1540 1869 1614 1921; x_wconf 86' lang='lat' dir='ltr'>esset</span> <span class='ocrx_word' id='word_1_288' title='bbox 1627 1865 1768 1922; x_wconf 87' lang='lat' dir='ltr'>sententie</span> <span class='ocrx_word' id='word_1_289' title='bbox 1792 1899 1794 1903; x_wconf 66' lang='lat'>,</span> 
     </span>
     <span class='ocr_line' id='line_1_45' title="bbox 948 1958 1768 2033; baseline -0.001 -17"><span class='ocrx_word' id='word_1_290' title='bbox 948 1978 1043 2016; x_wconf 89' lang='lat' dir='ltr'>coram</span> <span class='ocrx_word' id='word_1_291' title='bbox 1071 1962 1176 2018; x_wconf 91' lang='lat' dir='ltr'>nostris</span> <span class='ocrx_word' id='word_1_292' title='bbox 1210 1961 1346 2018; x_wconf 91' lang='lat' dir='ltr'>fratribus</span> <span class='ocrx_word' id='word_1_293' title='bbox 1383 1960 1531 2033; x_wconf 90' lang='lat' dir='ltr'>episcopis,</span> <span class='ocrx_word' id='word_1_294' title='bbox 1560 1959 1651 2015; x_wconf 89' lang='lat' dir='ltr'>visum</span> <span class='ocrx_word' id='word_1_295' title='bbox 1685 1958 1768 2015; x_wconf 89' lang='lat' dir='ltr'>nobis</span> 
     </span>
     <span class='ocr_line' id='line_1_46' title="bbox 949 2053 1767 2129; baseline -0.002 -18"><span class='ocrx_word' id='word_1_296' title='bbox 949 2056 1045 2128; x_wconf 91' lang='lat' dir='ltr'>eisque</span> <span class='ocrx_word' id='word_1_297' title='bbox 1057 2058 1109 2126; x_wconf 88' lang='lat' dir='ltr'>est,</span> <span class='ocrx_word' id='word_1_298' title='bbox 1120 2056 1199 2129; x_wconf 95' lang='lat' dir='ltr'>quod</span> <span class='ocrx_word' id='word_1_299' title='bbox 1213 2073 1271 2111; x_wconf 90' lang='lat' dir='ltr'>non</span> <span class='ocrx_word' id='word_1_300' title='bbox 1284 2055 1443 2111; x_wconf 89' lang='lat' dir='ltr'>secundum</span> <span class='ocrx_word' id='word_1_301' title='bbox 1458 2055 1591 2110; x_wconf 88' lang='lat' dir='ltr'>timorem</span> <span class='ocrx_word' id='word_1_302' title='bbox 1600 2053 1660 2121; x_wconf 80' lang='lat' dir='ltr'>liei,</span> <span class='ocrx_word' id='word_1_303' title='bbox 1672 2069 1767 2126; x_wconf 90' lang='lat' dir='ltr'>neque</span> 
     </span>
     <span class='ocr_line' id='line_1_47' title="bbox 948 2147 1767 2220; baseline -0.004 -15"><span class='ocrx_word' id='word_1_304' title='bbox 948 2149 1106 2206; x_wconf 91' lang='lat' dir='ltr'>secundum</span> <span class='ocrx_word' id='word_1_305' title='bbox 1118 2149 1248 2205; x_wconf 90' lang='lat' dir='ltr'>instituta</span> <span class='ocrx_word' id='word_1_306' title='bbox 1261 2151 1376 2205; x_wconf 86' lang='lat' dir='ltr'>Petrum</span> <span class='ocrx_word' id='word_1_307' title='bbox 1389 2164 1541 2220; x_wconf 89' lang='lat' dir='ltr'>sacrosque</span> <span class='ocrx_word' id='word_1_308' title='bbox 1553 2163 1678 2203; x_wconf 87' lang='lat' dir='ltr'>canones</span> <span class='ocrx_word' id='word_1_309' title='bbox 1690 2147 1767 2219; x_wconf 87' lang='lat' dir='ltr'>ejus·</span> 
     </span>
     <span class='ocr_line' id='line_1_48' title="bbox 949 2240 1768 2314; baseline -0.002 -16"><span class='ocrx_word' id='word_1_310' title='bbox 949 2243 1014 2300; x_wconf 90' lang='lat' dir='ltr'>dem</span> <span class='ocrx_word' id='word_1_311' title='bbox 1026 2244 1142 2300; x_wconf 86' lang='lat' dir='ltr'>loannis</span> <span class='ocrx_word' id='word_1_312' title='bbox 1154 2243 1287 2300; x_wconf 88' lang='lat' dir='ltr'>antistitis</span> <span class='ocrx_word' id='word_1_313' title='bbox 1300 2244 1447 2314; x_wconf 77' lang='lat' dir='ltr'>lampeon</span> <span class='ocrx_word' id='word_1_314' title='bbox 1461 2248 1505 2299; x_wconf 85' lang='lat' dir='ltr'>est</span> <span class='ocrx_word' id='word_1_315' title='bbox 1517 2258 1602 2298; x_wconf 85' lang='lat' dir='ltr'>causa</span> <span class='ocrx_word' id='word_1_316' title='bbox 1614 2240 1727 2314; x_wconf 85' lang='lat' dir='ltr'>cognita</span> <span class='ocrx_word' id='word_1_317' title='bbox 1737 2245 1768 2297; x_wconf 87' lang='lat' dir='ltr'>st</span> 
     </span>
     <span class='ocr_line' id='line_1_49' title="bbox 948 2336 1765 2409; baseline -0.001 -17"><span class='ocrx_word' id='word_1_318' title='bbox 948 2337 1113 2406; x_wconf 88' lang='lat' dir='ltr'>terminata,</span> <span class='ocrx_word' id='word_1_319' title='bbox 1135 2338 1180 2392; x_wconf 85' lang='lat' dir='ltr'>vel</span> <span class='ocrx_word' id='word_1_320' title='bbox 1204 2337 1363 2409; x_wconf 87' lang='lat' dir='ltr'>poenalibus</span> <span class='ocrx_word' id='word_1_321' title='bbox 1387 2336 1527 2392; x_wconf 88' lang='lat' dir='ltr'>submissa</span> <span class='ocrx_word' id='word_1_322' title='bbox 1548 2336 1610 2408; x_wconf 87' lang='lat' dir='ltr'>ejus</span> <span class='ocrx_word' id='word_1_323' title='bbox 1633 2351 1765 2408; x_wconf 89' lang='lat' dir='ltr'>persona.</span> 
     </span>
     <span class='ocr_line' id='line_1_50' title="bbox 948 2429 1767 2503; baseline -0.002 -17"><span class='ocrx_word' id='word_1_324' title='bbox 948 2432 1101 2503; x_wconf 87' lang='lat' dir='ltr'>Propterea</span> <span class='ocrx_word' id='word_1_325' title='bbox 1123 2447 1181 2487; x_wconf 93' lang='lat' dir='ltr'>non</span> <span class='ocrx_word' id='word_1_326' title='bbox 1202 2431 1302 2488; x_wconf 80' lang='lat' dir='ltr'>leviter</span> <span class='ocrx_word' id='word_1_327' title='bbox 1324 2430 1482 2487; x_wconf 89' lang='lat' dir='ltr'>contristati</span> <span class='ocrx_word' id='word_1_328' title='bbox 1506 2446 1615 2498; x_wconf 91' lang='lat' dir='ltr'>sumus,</span> <span class='ocrx_word' id='word_1_329' title='bbox 1638 2429 1767 2485; x_wconf 72' lang='lat' dir='ltr'>mammo</span> 
     </span>
    </p>
   </div>
   <div class='ocr_carea' id='block_1_18' title="bbox 948 2524 1858 2691">
    <p class='ocr_par' dir='ltr' id='par_1_21' title="bbox 948 2524 1858 2691">
     <span class='ocr_line' id='line_1_51' title="bbox 948 2524 1858 2614; baseline 0 -34"><span class='ocrx_word' id='word_1_330' title='bbox 948 2525 1015 2598; x_wconf 88' lang='lat' dir='ltr'>quia</span> <span class='ocrx_word' id='word_1_331' title='bbox 1031 2530 1060 2580; x_wconf 90' lang='lat' dir='ltr'>et</span> <span class='ocrx_word' id='word_1_332' title='bbox 1079 2525 1130 2582; x_wconf 92' lang='lat' dir='ltr'>sub</span> <span class='ocrx_word' id='word_1_333' title='bbox 1145 2525 1273 2582; x_wconf 89' lang='lat' dir='ltr'>custodia</span> <span class='ocrx_word' id='word_1_334' title='bbox 1292 2525 1396 2581; x_wconf 90' lang='lat' dir='ltr'>missus</span> <span class='ocrx_word' id='word_1_335' title='bbox 1418 2525 1496 2581; x_wconf 93' lang='lat' dir='ltr'>idem</span> <span class='ocrx_word' id='word_1_336' title='bbox 1512 2526 1636 2581; x_wconf 81' lang='lat' dir='ltr'>loannes</span> <span class='ocrx_word' id='word_1_337' title='bbox 1649 2524 1766 2580; x_wconf 86' lang='lat' dir='ltr'>antistes</span> <span class='ocrx_word' id='word_1_338' title='bbox 1848 2560 1858 2614; x_wconf 79' lang='lat'>&#39;.</span> 
     </span>
     <span class='ocr_line' id='line_1_52' title="bbox 949 2618 1856 2691; baseline -0.001 -17"><span class='ocrx_word' id='word_1_339' title='bbox 949 2621 1096 2691; x_wconf 83' lang='lat' dir='ltr'>lampeon</span> <span class='ocrx_word' id='word_1_340' title='bbox 1108 2619 1217 2688; x_wconf 89' lang='lat' dir='ltr'>diebus,</span> <span class='ocrx_word' id='word_1_341' title='bbox 1232 2624 1260 2676; x_wconf 86' lang='lat' dir='ltr'>ct</span> <span class='ocrx_word' id='word_1_342' title='bbox 1273 2619 1375 2675; x_wconf 90' lang='lat' dir='ltr'>exinde</span> <span class='ocrx_word' id='word_1_343' title='bbox 1390 2618 1584 2675; x_wconf 87' lang='lat' dir='ltr'>adducebatur</span> <span class='ocrx_word' id='word_1_344' title='bbox 1596 2618 1626 2674; x_wconf 92' lang='lat' dir='ltr'>in</span> <span class='ocrx_word' id='word_1_345' title='bbox 1641 2622 1764 2674; x_wconf 88' lang='lat' dir='ltr'>secreta·</span> <span class='ocrx_word' id='word_1_346' title='bbox 1853 2677 1856 2680; x_wconf 63' lang='grc'>,</span> 
     </span>
    </p>
   </div>
   <div class='ocr_carea' id='block_1_19' title="bbox 949 2712 1767 2957">
    <p class='ocr_par' dir='ltr' id='par_1_22' title="bbox 949 2712 1767 2957">
     <span class='ocr_line' id='line_1_53' title="bbox 949 2712 1767 2786; baseline -0.002 -17"><span class='ocrx_word' id='word_1_347' title='bbox 949 2714 1023 2769; x_wconf 78' lang='lat' dir='ltr'>mum</span> <span class='ocrx_word' id='word_1_348' title='bbox 1030 2717 1086 2768; x_wconf 89' lang='lat' dir='ltr'>tuae</span> <span class='ocrx_word' id='word_1_349' title='bbox 1094 2713 1291 2781; x_wconf 88' lang='lat' dir='ltr'>fraternitatis,</span> <span class='ocrx_word' id='word_1_350' title='bbox 1299 2712 1767 2786; x_wconf 89' lang='lat' dir='ltr'>utquodvelles,inqnit,loquere·</span> 
     </span>
     <span class='ocr_line' id='line_1_54' title="bbox 949 2805 1764 2875; baseline -0.002 -12"><span class='ocrx_word' id='word_1_351' title='bbox 949 2812 1005 2875; x_wconf 90' lang='lat' dir='ltr'>tur,</span> <span class='ocrx_word' id='word_1_352' title='bbox 1016 2823 1049 2863; x_wconf 89' lang='lat' dir='ltr'>ac</span> <span class='ocrx_word' id='word_1_353' title='bbox 1060 2823 1158 2863; x_wconf 90' lang='lat' dir='ltr'>rursus</span> <span class='ocrx_word' id='word_1_354' title='bbox 1168 2807 1220 2863; x_wconf 91' lang='lat' dir='ltr'>snb</span> <span class='ocrx_word' id='word_1_355' title='bbox 1231 2806 1363 2863; x_wconf 90' lang='lat' dir='ltr'>custodia</span> <span class='ocrx_word' id='word_1_356' title='bbox 1375 2807 1533 2863; x_wconf 90' lang='lat' dir='ltr'>ducebatur</span> <span class='ocrx_word' id='word_1_357' title='bbox 1543 2806 1579 2862; x_wconf 93' lang='lat' dir='ltr'>ad</span> <span class='ocrx_word' id='word_1_358' title='bbox 1591 2805 1764 2874; x_wconf 85' lang='lat' dir='ltr'>clausuram,</span> 
     </span>
     <span class='ocr_line' id='line_1_55' title="bbox 950 2896 1767 2957; baseline -0.004 -1"><span class='ocrx_word' id='word_1_359' title='bbox 950 2901 1032 2957; x_wconf 90' lang='lat' dir='ltr'>sicuti</span> <span class='ocrx_word' id='word_1_360' title='bbox 1050 2901 1136 2957; x_wconf 88' lang='lat' dir='ltr'>habet</span> <span class='ocrx_word' id='word_1_361' title='bbox 1148 2901 1287 2957; x_wconf 90' lang='lat' dir='ltr'>confessio</span> <span class='ocrx_word' id='word_1_362' title='bbox 1309 2901 1469 2957; x_wconf 89' lang='lat' dir='ltr'>defensoris</span> <span class='ocrx_word' id='word_1_363' title='bbox 1483 2905 1541 2956; x_wconf 73' lang='lat' dir='ltr'>tuas</span> <span class='ocrx_word' id='word_1_364' title='bbox 1563 2896 1723 2957; x_wconf 87' lang='lat' dir='ltr'>dilectionis</span> <span class='ocrx_word' id='word_1_365' title='bbox 1735 2898 1767 2954; x_wconf 94' lang='lat' dir='ltr'>in</span> 
     </span>
    </p>
   </div>
   <div class='ocr_carea' id='block_1_20' title="bbox 82 2949 1767 3124">
    <p class='ocr_par' dir='ltr' id='par_1_23' title="bbox 82 2949 1767 3124">
     <span class='ocr_line' id='line_1_56' title="bbox 82 2949 1767 3076; baseline 0.002 -32"><span class='ocrx_word' id='word_1_366' title='bbox 82 2952 167 3004; x_wconf 39' lang='lat'><strong>“¹4¹⁰</strong></span> <span class='ocrx_word' id='word_1_367' title='bbox 184 2949 366 3064; x_wconf 36' lang='lat' dir='ltr'>²¹³?an</span> <span class='ocrx_word' id='word_1_368' title='bbox 379 2949 424 3063; x_wconf 45' lang='lat' dir='ltr'>ffit&#39;</span> <span class='ocrx_word' id='word_1_369' title='bbox 612 3055 617 3066; x_wconf 52' lang='grc'>,</span> <span class='ocrx_word' id='word_1_370' title='bbox 949 2995 1139 3076; x_wconf 82' lang='lat' dir='ltr'>sententiaeb</span> <span class='ocrx_word' id='word_1_371' title='bbox 1155 3011 1190 3051; x_wconf 89' lang='lat' dir='ltr'>eo</span> <span class='ocrx_word' id='word_1_372' title='bbox 1208 2995 1290 3051; x_wconf 90' lang='lat' dir='ltr'>facta.</span> <span class='ocrx_word' id='word_1_373' title='bbox 1306 2997 1426 3069; x_wconf 87' lang='lat' dir='ltr'>Insuper</span> <span class='ocrx_word' id='word_1_374' title='bbox 1439 2998 1468 3050; x_wconf 88' lang='lat' dir='ltr'>et</span> <span class='ocrx_word' id='word_1_375' title='bbox 1488 2994 1655 3050; x_wconf 89' lang='lat' dir='ltr'>hortabatur</span> <span class='ocrx_word' id='word_1_376' title='bbox 1667 2995 1767 3048; x_wconf 86' lang='lat' dir='ltr'>contra</span> 
     </span>
     <span class='ocr_line' id='line_1_57' title="bbox 118 3052 899 3124; baseline 0.005 -18"><span class='ocrx_word' id='word_1_377' title='bbox 118 3052 184 3107; x_wconf 86' lang='lat' dir='ltr'>lllll.</span> <span class='ocrx_word' id='word_1_378' title='bbox 204 3053 313 3124; x_wconf 83' lang='lat' dir='ltr'>Siquis</span> <span class='ocrx_word' id='word_1_379' title='bbox 334 3070 359 3108; x_wconf 84' lang='lat' dir='ltr'>ei</span> <span class='ocrx_word' id='word_1_380' title='bbox 379 3069 410 3108; x_wconf 93' lang='grc' dir='ltr'>ιιι</span> <span class='ocrx_word' id='word_1_381' title='bbox 427 3057 486 3108; x_wconf 89' lang='lat' dir='ltr'>tam</span> <span class='ocrx_word' id='word_1_382' title='bbox 510 3053 618 3109; x_wconf 78' lang='lat' dir='ltr'>crudeli</span> <span class='ocrx_word' id='word_1_383' title='bbox 642 3057 708 3110; x_wconf 90' lang='lat' dir='ltr'>actu</span> <span class='ocrx_word' id='word_1_384' title='bbox 729 3070 899 3111; x_wconf 88' lang='lat' dir='ltr'>consensum</span> 
     </span>
    </p>
   </div>
   <div class='ocr_carea' id='block_1_21' title="bbox 81 3087 1766 3219">
    <p class='ocr_par' dir='ltr' id='par_1_24' title="bbox 81 3087 1766 3219">
     <span class='ocr_line' id='line_1_58' title="bbox 81 3087 1766 3219; baseline -0.007 -66"><span class='ocrx_word' id='word_1_385' title='bbox 81 3145 214 3216; x_wconf 44' lang='grc' dir='ltr'>ΝΜ,</span> <span class='ocrx_word' id='word_1_386' title='bbox 228 3136 382 3202; x_wconf 51' lang='grc' dir='ltr'>ωὼρωᾶ</span> <span class='ocrx_word' id='word_1_387' title='bbox 395 3147 440 3203; x_wconf 38' lang='grc' dir='ltr'>δὴ.</span> <span class='ocrx_word' id='word_1_388' title='bbox 455 3148 489 3204; x_wconf 57' lang='lat' dir='ltr'>Et</span> <span class='ocrx_word' id='word_1_389' title='bbox 500 3148 710 3219; x_wconf 53' lang='lat' dir='ltr'>responderunt</span> <span class='ocrx_word' id='word_1_390' title='bbox 723 3164 822 3205; x_wconf 54' lang='lat' dir='ltr'>omnes</span> <span class='ocrx_word' id='word_1_391' title='bbox 839 3152 897 3206; x_wconf 44' lang='lat' dir='ltr'>wr-</span> <span class='ocrx_word' id='word_1_392' title='bbox 909 3134 937 3209; x_wconf 78' lang='lat' dir='ltr'>C</span> <span class='ocrx_word' id='word_1_393' title='bbox 949 3105 1092 3145; x_wconf 90' lang='lat' dir='ltr'>canonum</span> <span class='ocrx_word' id='word_1_394' title='bbox 1103 3089 1184 3160; x_wconf 87' lang='lat' dir='ltr'>jussa</span> <span class='ocrx_word' id='word_1_395' title='bbox 1199 3094 1354 3162; x_wconf 86' lang='lat' dir='ltr'>contraque</span> <span class='ocrx_word' id='word_1_396' title='bbox 1372 3088 1470 3160; x_wconf 88' lang='lat' dir='ltr'>legum</span> <span class='ocrx_word' id='word_1_397' title='bbox 1485 3088 1615 3144; x_wconf 88' lang='lat' dir='ltr'>instituta</span> <span class='ocrx_word' id='word_1_398' title='bbox 1628 3087 1766 3156; x_wconf 89' lang='lat' dir='ltr'>existens,</span> 
     </span>
    </p>
   </div>
   <div class='ocr_carea' id='block_1_22' title="bbox 84 3239 390 3295">
    <p class='ocr_par' dir='ltr' id='par_1_25' title="bbox 84 3239 390 3295">
     <span class='ocr_line' id='line_1_59' title="bbox 84 3239 390 3295; baseline 0.003 -3"><span class='ocrx_word' id='word_1_399' title='bbox 84 3239 122 3294; x_wconf 91' lang='lat' dir='ltr'>tio</span> <span class='ocrx_word' id='word_1_400' title='bbox 137 3240 317 3295; x_wconf 71' lang='lat' dir='ltr'>:anathema</span> <span class='ocrx_word' id='word_1_401' title='bbox 334 3240 390 3295; x_wconf 92' lang='lat' dir='ltr'>sit..</span> 
     </span>
    </p>
   </div>
   <div class='ocr_carea' id='block_1_23' title="bbox 950 3168 1765 3253">
    <p class='ocr_par' dir='ltr' id='par_1_26' title="bbox 950 3168 1765 3253">
     <span class='ocr_line' id='line_1_60' title="bbox 950 3168 1765 3253; baseline 0 -16"><span class='ocrx_word' id='word_1_402' title='bbox 950 3185 981 3237; x_wconf 94' lang='lat' dir='ltr'>ut</span> <span class='ocrx_word' id='word_1_403' title='bbox 993 3182 1075 3239; x_wconf 90' lang='lat' dir='ltr'>daret</span> <span class='ocrx_word' id='word_1_404' title='bbox 1092 3182 1300 3253; x_wconf 83' lang='lat' dir='ltr'>lideJ&#39;ussorem.</span> <span class='ocrx_word' id='word_1_405' title='bbox 1315 3168 1425 3252; x_wconf 77' lang='lat' dir='ltr'>Deinde</span> <span class='ocrx_word' id='word_1_406' title='bbox 1447 3182 1599 3253; x_wconf 90' lang='lat' dir='ltr'>oportebat</span> <span class='ocrx_word' id='word_1_407' title='bbox 1611 3185 1692 3237; x_wconf 90' lang='lat' dir='ltr'>tuam</span> <span class='ocrx_word' id='word_1_408' title='bbox 1705 3180 1765 3237; x_wconf 87' lang='lat' dir='ltr'>fra·</span> 
     </span>
    </p>
   </div>
   <div class='ocr_carea' id='block_1_24' title="bbox 950 3275 1766 3348">
    <p class='ocr_par' dir='ltr' id='par_1_27' title="bbox 950 3275 1766 3348">
     <span class='ocr_line' id='line_1_61' title="bbox 950 3275 1766 3348; baseline -0.002 -17"><span class='ocrx_word' id='word_1_409' title='bbox 950 3275 1565 3348; x_wconf 88' lang='lat' dir='ltr'>teruitatemsecundumcanonumvigorem</span> <span class='ocrx_word' id='word_1_410' title='bbox 1573 3279 1766 3346; x_wconf 88' lang='lat' dir='ltr'>temporeque</span> 
     </span>
    </p>
   </div>
   <div class='ocr_carea' id='block_1_25' title="bbox 82 3342 1766 3536">
    <p class='ocr_par' dir='ltr' id='par_1_28' title="bbox 82 3342 1766 3536">
     <span class='ocr_line' id='line_1_62' title="bbox 119 3342 1764 3442; baseline -0.008 -8"><span class='ocrx_word' id='word_1_411' title='bbox 119 3342 193 3398; x_wconf 62' lang='lat' dir='ltr'>xm·</span> <span class='ocrx_word' id='word_1_412' title='bbox 208 3342 239 3436; x_wconf 39' lang='lat' dir='ltr'>s?</span> <span class='ocrx_word' id='word_1_413' title='bbox 252 3342 316 3415; x_wconf 52' lang='grc' dir='ltr'>ΨΒ</span> <span class='ocrx_word' id='word_1_414' title='bbox 328 3359 362 3398; x_wconf 74' lang='lat'>⁰¹</span> <span class='ocrx_word' id='word_1_415' title='bbox 373 3343 482 3400; x_wconf 43' lang='lat'><strong>⁰¹⁸⁸&amp;</strong></span> <span class='ocrx_word' id='word_1_416' title='bbox 504 3343 674 3400; x_wconf 58' lang='lat' dir='ltr'>mmmm</span> <span class='ocrx_word' id='word_1_417' title='bbox 689 3361 812 3415; x_wconf 65' lang='lat' dir='ltr'>⁰⁰m⁸¹¹¹¹</span> <span class='ocrx_word' id='word_1_418' title='bbox 828 3361 898 3401; x_wconf 71' lang='lat'><strong>⁸¹¹⁸·</strong></span> <span class='ocrx_word' id='word_1_419' title='bbox 949 3371 1072 3442; x_wconf 83' lang='lat' dir='ltr'>sepeliit</span> <span class='ocrx_word' id='word_1_420' title='bbox 1088 3368 1125 3425; x_wconf 93' lang='lat' dir='ltr'>ad</span> <span class='ocrx_word' id='word_1_421' title='bbox 1138 3386 1191 3426; x_wconf 94' lang='lat' dir='ltr'>nos</span> <span class='ocrx_word' id='word_1_422' title='bbox 1207 3369 1305 3425; x_wconf 89' lang='lat' dir='ltr'>venire</span> <span class='ocrx_word' id='word_1_423' title='bbox 1321 3385 1387 3424; x_wconf 92' lang='lat' dir='ltr'>eum</span> <span class='ocrx_word' id='word_1_424' title='bbox 1402 3369 1549 3424; x_wconf 90' lang='lat' dir='ltr'>absolvere</span> <span class='ocrx_word' id='word_1_425' title='bbox 1572 3367 1628 3424; x_wconf 88' lang='lat' dir='ltr'>tuis</span> <span class='ocrx_word' id='word_1_426' title='bbox 1644 3366 1764 3436; x_wconf 89' lang='lat' dir='ltr'>litteris;</span> 
     </span>
     <span class='ocr_line' id='line_1_63' title="bbox 82 3435 1766 3536; baseline -0.007 -8"><span class='ocrx_word' id='word_1_427' title='bbox 82 3435 180 3491; x_wconf 58' lang='lat' dir='ltr'><strong>thema</strong></span> <span class='ocrx_word' id='word_1_428' title='bbox 192 3437 237 3492; x_wconf 57' lang='lat' dir='ltr'>&#39;st&#39;</span> <span class='ocrx_word' id='word_1_429' title='bbox 248 3437 283 3492; x_wconf 55' lang='lat' dir='ltr'>Et</span> <span class='ocrx_word' id='word_1_430' title='bbox 291 3437 501 3510; x_wconf 54' lang='lat' dir='ltr'>¹⁸⁵p⁰¹¹der¹¹¹¹t</span> <span class='ocrx_word' id='word_1_431' title='bbox 513 3453 613 3495; x_wconf 69' lang='lat' dir='ltr'>⁰m¹¹⁶⁸</span> <span class='ocrx_word' id='word_1_432' title='bbox 624 3437 708 3495; x_wconf 50' lang='grc' dir='ltr'>ΜΟ</span> <span class='ocrx_word' id='word_1_433' title='bbox 719 3454 726 3494; x_wconf 78' lang='lat'>²</span> <span class='ocrx_word' id='word_1_434' title='bbox 739 3439 900 3496; x_wconf 50' lang='lat' dir='ltr'><strong>umbem</strong></span> <span class='ocrx_word' id='word_1_435' title='bbox 949 3480 1035 3536; x_wconf 91' lang='lat' dir='ltr'>quem</span> <span class='ocrx_word' id='word_1_436' title='bbox 1044 3481 1103 3520; x_wconf 92' lang='lat' dir='ltr'>non</span> <span class='ocrx_word' id='word_1_437' title='bbox 1112 3464 1205 3521; x_wconf 90' lang='lat' dir='ltr'>solum</span> <span class='ocrx_word' id='word_1_438' title='bbox 1214 3463 1328 3520; x_wconf 91' lang='lat' dir='ltr'>noluisti</span> <span class='ocrx_word' id='word_1_439' title='bbox 1338 3462 1476 3519; x_wconf 88' lang='lat' dir='ltr'>canonice</span> <span class='ocrx_word' id='word_1_440' title='bbox 1486 3462 1633 3519; x_wconf 89' lang='lat' dir='ltr'>absolvere</span> <span class='ocrx_word' id='word_1_441' title='bbox 1642 3460 1679 3516; x_wconf 91' lang='lat' dir='ltr'>ad</span> <span class='ocrx_word' id='word_1_442' title='bbox 1688 3460 1766 3532; x_wconf 89' lang='lat' dir='ltr'>prin·</span> 
     </span>
    </p>
   </div>
   <div class='ocr_carea' id='block_1_26' title="bbox 82 3529 127 3585">
    <p class='ocr_par' dir='ltr' id='par_1_29' title="bbox 82 3529 127 3585">
     <span class='ocr_line' id='line_1_64' title="bbox 82 3529 127 3585; baseline 0 -2"><span class='ocrx_word' id='word_1_443' title='bbox 82 3529 127 3585; x_wconf 84' lang='lat' dir='ltr'>sit.</span> 
     </span>
    </p>
   </div>
   <div class='ocr_carea' id='block_1_27' title="bbox 36 3554 1794 5878">
    <p class='ocr_par' dir='ltr' id='par_1_30' title="bbox 36 3554 1794 5878">
     <span class='ocr_line' id='line_1_65' title="bbox 948 3554 1765 3631; baseline -0.005 -17"><span class='ocrx_word' id='word_1_444' title='bbox 948 3558 1019 3630; x_wconf 87' lang='lat' dir='ltr'>cipis</span> <span class='ocrx_word' id='word_1_445' title='bbox 1035 3559 1230 3631; x_wconf 90' lang='lat' dir='ltr'>apostolorum</span> <span class='ocrx_word' id='word_1_446' title='bbox 1252 3557 1361 3624; x_wconf 86' lang='lat' dir='ltr'>limina,</span> <span class='ocrx_word' id='word_1_447' title='bbox 1376 3555 1427 3612; x_wconf 91' lang='lat' dir='ltr'>sed</span> <span class='ocrx_word' id='word_1_448' title='bbox 1446 3556 1537 3627; x_wconf 88' lang='lat' dir='ltr'>magis</span> <span class='ocrx_word' id='word_1_449' title='bbox 1549 3554 1723 3628; x_wconf 88' lang='lat' dir='ltr'>respondisti</span> <span class='ocrx_word' id='word_1_450' title='bbox 1738 3554 1765 3610; x_wconf 92' lang='lat' dir='ltr'>ei</span> 
     </span>
     <span class='ocr_line' id='line_1_66' title="bbox 117 3647 1764 3724; baseline 0.002 -22"><span class='ocrx_word' id='word_1_451' title='bbox 117 3648 332 3720; x_wconf 74' lang='lat' dir='ltr'>lltsubscn‘ptio:</span> <span class='ocrx_word' id='word_1_452' title='bbox 340 3647 492 3721; x_wconf 88' lang='lat' dir='ltr'>Gregorius</span> <span class='ocrx_word' id='word_1_453' title='bbox 499 3648 648 3721; x_wconf 89' lang='lat' dir='ltr'>episcopus</span> <span class='ocrx_word' id='word_1_454' title='bbox 654 3647 899 3723; x_wconf 61' lang='lat' dir='ltr'>catholicaeque</span> <span class='ocrx_word' id='word_1_455' title='bbox 949 3652 1123 3720; x_wconf 89' lang='lat' dir='ltr'>indecenter,</span> <span class='ocrx_word' id='word_1_456' title='bbox 1130 3651 1281 3723; x_wconf 86' lang='lat' dir='ltr'>inquiens:</span> <span class='ocrx_word' id='word_1_457' title='bbox 1293 3651 1362 3724; x_wconf 90' lang='lat' dir='ltr'>quia</span> <span class='ocrx_word' id='word_1_458' title='bbox 1373 3666 1432 3706; x_wconf 92' lang='lat' dir='ltr'>non</span> <span class='ocrx_word' id='word_1_459' title='bbox 1443 3653 1641 3723; x_wconf 89' lang='lat' dir='ltr'>competenter</span> <span class='ocrx_word' id='word_1_460' title='bbox 1649 3648 1764 3722; x_wconf 81' lang='lat' dir='ltr'>quaeris.</span> 
     </span>
     <span class='ocr_line' id='line_1_67' title="bbox 81 3741 1766 3818; baseline 0.002 -23"><span class='ocrx_word' id='word_1_461' title='bbox 81 3741 242 3812; x_wconf 83' lang='lat' dir='ltr'>apostolicae</span> <span class='ocrx_word' id='word_1_462' title='bbox 251 3743 386 3798; x_wconf 82' lang='lat' dir='ltr'>Romanae</span> <span class='ocrx_word' id='word_1_463' title='bbox 400 3741 542 3813; x_wconf 83' lang='lat' dir='ltr'>Ecclesiae,</span> <span class='ocrx_word' id='word_1_464' title='bbox 550 3741 618 3797; x_wconf 78' lang='lat' dir='ltr'>hinc</span> <span class='ocrx_word' id='word_1_465' title='bbox 627 3741 781 3798; x_wconf 88' lang='lat' dir='ltr'>constituto</span> <span class='ocrx_word' id='word_1_466' title='bbox 790 3742 899 3800; x_wconf 87' lang='lat' dir='ltr'>anobis</span> <span class='ocrx_word' id='word_1_467' title='bbox 948 3746 1016 3811; x_wconf 83' lang='lat' dir='ltr'>Quae</span> <span class='ocrx_word' id='word_1_468' title='bbox 1030 3759 1099 3818; x_wconf 90' lang='lat' dir='ltr'>ergo</span> <span class='ocrx_word' id='word_1_469' title='bbox 1114 3745 1205 3801; x_wconf 89' lang='lat' dir='ltr'>sancti</span> <span class='ocrx_word' id='word_1_470' title='bbox 1224 3749 1381 3801; x_wconf 89' lang='lat' dir='ltr'>sanxerunt</span> <span class='ocrx_word' id='word_1_471' title='bbox 1397 3747 1493 3802; x_wconf 84' lang='lat' dir='ltr'>Patres</span> <span class='ocrx_word' id='word_1_472' title='bbox 1504 3743 1666 3801; x_wconf 90' lang='lat' dir='ltr'>indecentia</span> <span class='ocrx_word' id='word_1_473' title='bbox 1679 3744 1766 3798; x_wconf 78' lang='lat' dir='ltr'>sunt?</span> 
     </span>
     <span class='ocr_line' id='line_1_68' title="bbox 80 3835 1766 3911; baseline 0.002 -22"><span class='ocrx_word' id='word_1_474' title='bbox 80 3835 263 3907; x_wconf 88' lang='lat' dir='ltr'>promulgato</span> <span class='ocrx_word' id='word_1_475' title='bbox 284 3835 447 3908; x_wconf 86' lang='lat' dir='ltr'>subscripsi.</span> <span class='ocrx_word' id='word_1_476' title='bbox 467 3835 607 3908; x_wconf 82' lang='lat' dir='ltr'>Agnellus</span> <span class='ocrx_word' id='word_1_477' title='bbox 622 3835 771 3908; x_wconf 91' lang='lat' dir='ltr'>episcopus</span> <span class='ocrx_word' id='word_1_478' title='bbox 795 3842 898 3892; x_wconf 73' lang='lat' dir='ltr'>sancte</span> <span class='ocrx_word' id='word_1_479' title='bbox 948 3841 991 3894; x_wconf 81' lang='lat' dir='ltr'>ltu</span> <span class='ocrx_word' id='word_1_480' title='bbox 1005 3839 1145 3911; x_wconf 87' lang='lat' dir='ltr'>placentia</span> <span class='ocrx_word' id='word_1_481' title='bbox 1158 3839 1211 3895; x_wconf 92' lang='lat' dir='ltr'>tibi</span> <span class='ocrx_word' id='word_1_482' title='bbox 1224 3838 1357 3895; x_wconf 90' lang='lat' dir='ltr'>decentia</span> <span class='ocrx_word' id='word_1_483' title='bbox 1369 3838 1458 3894; x_wconf 80' lang='lat' dir='ltr'>suut?</span> <span class='ocrx_word' id='word_1_484' title='bbox 1467 3839 1557 3903; x_wconf 84' lang='lat' dir='ltr'>Quem</span> <span class='ocrx_word' id='word_1_485' title='bbox 1567 3837 1656 3909; x_wconf 89' lang='lat' dir='ltr'>igitur</span> <span class='ocrx_word' id='word_1_486' title='bbox 1665 3837 1766 3908; x_wconf 80' lang='lat' dir='ltr'>prata-</span> 
     </span>
     <span class='ocr_line' id='line_1_69' title="bbox 82 3927 1763 4005; baseline 0.001 -21"><span class='ocrx_word' id='word_1_487' title='bbox 82 3927 212 3984; x_wconf 80' lang='lat' dir='ltr'>Ecclesioe</span> <span class='ocrx_word' id='word_1_488' title='bbox 225 3929 446 3985; x_wconf 77' lang='lat' dir='ltr'>ferentiniensis</span> <span class='ocrx_word' id='word_1_489' title='bbox 458 3928 525 3985; x_wconf 91' lang='lat' dir='ltr'>huic</span> <span class='ocrx_word' id='word_1_490' title='bbox 538 3929 690 3986; x_wconf 88' lang='lat' dir='ltr'>constituto</span> <span class='ocrx_word' id='word_1_491' title='bbox 702 3946 718 3985; x_wconf 88' lang='lat' dir='ltr'>a</span> <span class='ocrx_word' id='word_1_492' title='bbox 731 3929 814 3986; x_wconf 91' lang='lat' dir='ltr'>nobis</span> <span class='ocrx_word' id='word_1_493' title='bbox 830 3946 897 4004; x_wconf 91' lang='lat' dir='ltr'>pro·</span> <span class='ocrx_word' id='word_1_494' title='bbox 949 3936 1010 3988; x_wconf 91' lang='lat' dir='ltr'>tum</span> <span class='ocrx_word' id='word_1_495' title='bbox 1029 3934 1168 3989; x_wconf 80' lang='lat' dir='ltr'>loannem</span> <span class='ocrx_word' id='word_1_496' title='bbox 1185 3931 1341 3989; x_wconf 90' lang='lat' dir='ltr'>antistitem</span> <span class='ocrx_word' id='word_1_497' title='bbox 1358 3948 1440 4005; x_wconf 80' lang='lat' dir='ltr'>aeque</span> <span class='ocrx_word' id='word_1_498' title='bbox 1461 3930 1666 4003; x_wconf 89' lang='lat' dir='ltr'>inculpabilem</span> <span class='ocrx_word' id='word_1_499' title='bbox 1680 3945 1763 4002; x_wconf 86' lang='lat' dir='ltr'>repe·</span> 
     </span>
     <span class='ocr_line' id='line_1_70' title="bbox 82 4021 1763 4098; baseline 0.001 -22"><span class='ocrx_word' id='word_1_500' title='bbox 82 4021 899 4096; x_wconf 78' lang='lat' dir='ltr'>mulgatosixbscripsi310anneshumilisepiscopussanctas</span> <span class='ocrx_word' id='word_1_501' title='bbox 948 4026 1062 4095; x_wconf 74' lang='lat' dir='ltr'>nentes,</span> <span class='ocrx_word' id='word_1_502' title='bbox 1075 4027 1158 4098; x_wconf 85' lang='lat' dir='ltr'>juxta</span> <span class='ocrx_word' id='word_1_503' title='bbox 1175 4030 1286 4082; x_wconf 90' lang='lat' dir='ltr'>textum</span> <span class='ocrx_word' id='word_1_504' title='bbox 1304 4025 1456 4082; x_wconf 74' lang='lat' dir='ltr'>sententias</span> <span class='ocrx_word' id='word_1_505' title='bbox 1470 4042 1487 4080; x_wconf 90' lang='lat' dir='ltr'>a</span> <span class='ocrx_word' id='word_1_506' title='bbox 1499 4030 1527 4081; x_wconf 90' lang='lat' dir='ltr'>te</span> <span class='ocrx_word' id='word_1_507' title='bbox 1540 4024 1622 4081; x_wconf 91' lang='lat' dir='ltr'>nobis</span> <span class='ocrx_word' id='word_1_508' title='bbox 1637 4023 1763 4091; x_wconf 79' lang='lat' dir='ltr'>directis,</span> 
     </span>
     <span class='ocr_line' id='line_1_71' title="bbox 80 4115 1763 4192; baseline 0.001 -22"><span class='ocrx_word' id='word_1_509' title='bbox 80 4115 212 4171; x_wconf 78' lang='lat' dir='ltr'>Ecclesiae</span> <span class='ocrx_word' id='word_1_510' title='bbox 225 4115 435 4185; x_wconf 75' lang='lat' dir='ltr'>beliternensis,</span> <span class='ocrx_word' id='word_1_511' title='bbox 448 4116 517 4173; x_wconf 92' lang='lat' dir='ltr'>hnic</span> <span class='ocrx_word' id='word_1_512' title='bbox 538 4116 694 4174; x_wconf 88' lang='lat' dir='ltr'>constituto</span> <span class='ocrx_word' id='word_1_513' title='bbox 707 4133 724 4172; x_wconf 89' lang='lat' dir='ltr'>a</span> <span class='ocrx_word' id='word_1_514' title='bbox 737 4116 819 4173; x_wconf 90' lang='lat' dir='ltr'>nobis</span> <span class='ocrx_word' id='word_1_515' title='bbox 831 4134 897 4192; x_wconf 92' lang='lat' dir='ltr'>pro·</span> <span class='ocrx_word' id='word_1_516' title='bbox 948 4121 1068 4177; x_wconf 91' lang='lat' dir='ltr'>fecimus</span> <span class='ocrx_word' id='word_1_517' title='bbox 1090 4120 1239 4176; x_wconf 90' lang='lat' dir='ltr'>nobiscum</span> <span class='ocrx_word' id='word_1_518' title='bbox 1253 4136 1320 4176; x_wconf 91' lang='lat' dir='ltr'>cum</span> <span class='ocrx_word' id='word_1_519' title='bbox 1342 4119 1482 4192; x_wconf 90' lang='lat' dir='ltr'>episcopis</span> <span class='ocrx_word' id='word_1_520' title='bbox 1501 4118 1538 4174; x_wconf 93' lang='lat' dir='ltr'>ad</span> <span class='ocrx_word' id='word_1_521' title='bbox 1553 4117 1703 4174; x_wconf 89' lang='lat' dir='ltr'>missarum</span> <span class='ocrx_word' id='word_1_522' title='bbox 1717 4133 1763 4172; x_wconf 92' lang='lat' dir='ltr'>so·</span> 
     </span>
     <span class='ocr_line' id='line_1_72' title="bbox 82 4209 1765 4286; baseline 0.001 -22"><span class='ocrx_word' id='word_1_523' title='bbox 82 4209 211 4281; x_wconf 89' lang='lat' dir='ltr'>mulgato</span> <span class='ocrx_word' id='word_1_524' title='bbox 220 4209 384 4282; x_wconf 87' lang='lat' dir='ltr'>subscripsi.</span> <span class='ocrx_word' id='word_1_525' title='bbox 396 4212 431 4268; x_wconf 85' lang='lat' dir='ltr'>Et</span> <span class='ocrx_word' id='word_1_526' title='bbox 439 4211 535 4267; x_wconf 86' lang='lat' dir='ltr'>caeteri</span> <span class='ocrx_word' id='word_1_527' title='bbox 548 4209 673 4283; x_wconf 89' lang='lat' dir='ltr'>episcopi</span> <span class='ocrx_word' id='word_1_528' title='bbox 685 4227 806 4268; x_wconf 89' lang='lat' dir='ltr'>numero</span> <span class='ocrx_word' id='word_1_529' title='bbox 818 4213 860 4280; x_wconf 79' lang='lat' dir='ltr'>ll,</span> <span class='ocrx_word' id='word_1_530' title='bbox 869 4217 899 4269; x_wconf 89' lang='lat' dir='ltr'>et</span> <span class='ocrx_word' id='word_1_531' title='bbox 947 4214 1054 4270; x_wconf 89' lang='lat' dir='ltr'>lemnia</span> <span class='ocrx_word' id='word_1_532' title='bbox 1067 4214 1096 4269; x_wconf 89' lang='lat' dir='ltr'>in</span> <span class='ocrx_word' id='word_1_533' title='bbox 1107 4213 1239 4270; x_wconf 88' lang='lat' dir='ltr'>ecclesias</span> <span class='ocrx_word' id='word_1_534' title='bbox 1251 4214 1301 4270; x_wconf 88' lang='lat' dir='ltr'>Dei</span> <span class='ocrx_word' id='word_1_535' title='bbox 1316 4213 1487 4286; x_wconf 87' lang='lat' dir='ltr'>praecedere.</span> <span class='ocrx_word' id='word_1_536' title='bbox 1502 4214 1601 4285; x_wconf 87' lang='lat' dir='ltr'>ltaque</span> <span class='ocrx_word' id='word_1_537' title='bbox 1614 4210 1765 4267; x_wconf 87' lang='lat' dir='ltr'>statuimus</span> 
     </span>
     <span class='ocr_line' id='line_1_73' title="bbox 82 4302 1765 4381; baseline 0.001 -24"><span class='ocrx_word' id='word_1_538' title='bbox 82 4302 196 4358; x_wconf 88' lang='lat' dir='ltr'>diaconi</span> <span class='ocrx_word' id='word_1_539' title='bbox 218 4319 338 4361; x_wconf 89' lang='lat' dir='ltr'>numero</span> <span class='ocrx_word' id='word_1_540' title='bbox 356 4304 384 4370; x_wconf 79' lang='lat' dir='ltr'>t,</span> <span class='ocrx_word' id='word_1_541' title='bbox 397 4304 443 4360; x_wconf 92' lang='lat' dir='ltr'>die</span> <span class='ocrx_word' id='word_1_542' title='bbox 462 4305 557 4361; x_wconf 84' lang='lat' dir='ltr'>Nonas</span> <span class='ocrx_word' id='word_1_543' title='bbox 573 4303 687 4376; x_wconf 75' lang='lat' dir='ltr'>Aprilis,</span> <span class='ocrx_word' id='word_1_544' title='bbox 700 4303 857 4362; x_wconf 89' lang='lat' dir='ltr'>indictione</span> <span class='ocrx_word' id='word_1_545' title='bbox 869 4306 896 4362; x_wconf 77' lang='lat'>4.</span> <span class='ocrx_word' id='word_1_546' title='bbox 949 4311 978 4363; x_wconf 87' lang='lat' dir='ltr'>et</span> <span class='ocrx_word' id='word_1_547' title='bbox 989 4308 1140 4364; x_wconf 88' lang='lat' dir='ltr'>firmamus</span> <span class='ocrx_word' id='word_1_548' title='bbox 1152 4324 1205 4381; x_wconf 89' lang='lat' dir='ltr'>per</span> <span class='ocrx_word' id='word_1_549' title='bbox 1215 4307 1302 4380; x_wconf 86' lang='lat' dir='ltr'>hujus</span> <span class='ocrx_word' id='word_1_550' title='bbox 1312 4311 1416 4364; x_wconf 79' lang='lat' dir='ltr'>nostra</span> <span class='ocrx_word' id='word_1_551' title='bbox 1429 4305 1627 4380; x_wconf 71' lang='lat' dir='ltr'>preceptionis</span> <span class='ocrx_word' id='word_1_552' title='bbox 1640 4303 1765 4360; x_wconf 88' lang='lat' dir='ltr'>auctori·</span> 
     </span>
     <span class='ocr_line' id='line_1_74' title="bbox 948 4399 1762 4475; baseline -0.006 -18"><span class='ocrx_word' id='word_1_553' title='bbox 948 4404 1036 4457; x_wconf 86' lang='lat' dir='ltr'>tatem</span> <span class='ocrx_word' id='word_1_554' title='bbox 1050 4401 1146 4457; x_wconf 87' lang='lat' dir='ltr'>omnia</span> <span class='ocrx_word' id='word_1_555' title='bbox 1158 4418 1222 4475; x_wconf 81' lang='lat' dir='ltr'>quae</span> <span class='ocrx_word' id='word_1_556' title='bbox 1246 4418 1263 4457; x_wconf 90' lang='lat' dir='ltr'>a</span> <span class='ocrx_word' id='word_1_557' title='bbox 1277 4405 1306 4457; x_wconf 87' lang='lat' dir='ltr'>te</span> <span class='ocrx_word' id='word_1_558' title='bbox 1320 4406 1425 4474; x_wconf 91' lang='lat' dir='ltr'>tuaque</span> <span class='ocrx_word' id='word_1_559' title='bbox 1444 4399 1551 4473; x_wconf 91' lang='lat' dir='ltr'>synodo</span> <span class='ocrx_word' id='word_1_560' title='bbox 1566 4402 1665 4454; x_wconf 89' lang='lat' dir='ltr'>contra</span> <span class='ocrx_word' id='word_1_561' title='bbox 1678 4413 1762 4453; x_wconf 90' lang='lat' dir='ltr'>cano·</span> 
     </span>
     <span class='ocr_line' id='line_1_75' title="bbox 153 4492 1765 4579; baseline -0.003 -29"><span class='ocrx_word' id='word_1_562' title='bbox 153 4513 322 4570; x_wconf 71' lang='lat' dir='ltr'>nugqppgpq</span> <span class='ocrx_word' id='word_1_563' title='bbox 342 4514 514 4572; x_wconf 64' lang='lat' dir='ltr'>gppgqogg</span> <span class='ocrx_word' id='word_1_564' title='bbox 528 4514 699 4571; x_wconf 62' lang='lat' dir='ltr'>vpfgfflffl</span> <span class='ocrx_word' id='word_1_565' title='bbox 717 4516 822 4572; x_wconf 48' lang='lat' dir='ltr'>pApAE,</span> <span class='ocrx_word' id='word_1_566' title='bbox 905 4507 1016 4579; x_wconf 76' lang='lat' dir='ltr'>Duum</span> <span class='ocrx_word' id='word_1_567' title='bbox 1029 4495 1170 4563; x_wconf 91' lang='lat' dir='ltr'>instituta,</span> <span class='ocrx_word' id='word_1_568' title='bbox 1182 4498 1338 4567; x_wconf 89' lang='lat' dir='ltr'>contraque</span> <span class='ocrx_word' id='word_1_569' title='bbox 1348 4495 1446 4566; x_wconf 91' lang='lat' dir='ltr'>legum</span> <span class='ocrx_word' id='word_1_570' title='bbox 1462 4492 1584 4562; x_wconf 86' lang='lat' dir='ltr'>decretu,</span> <span class='ocrx_word' id='word_1_571' title='bbox 1600 4496 1689 4563; x_wconf 86' lang='lat' dir='ltr'>gesta,</span> <span class='ocrx_word' id='word_1_572' title='bbox 1699 4506 1765 4546; x_wconf 92' lang='lat' dir='ltr'>con·</span> 
     </span>
     <span class='ocr_line' id='line_1_76' title="bbox 948 4584 1771 4658; baseline -0.002 -16"><span class='ocrx_word' id='word_1_573' title='bbox 948 4587 1056 4645; x_wconf 89' lang='lat' dir='ltr'>fectave</span> <span class='ocrx_word' id='word_1_574' title='bbox 1069 4592 1145 4658; x_wconf 92' lang='lat' dir='ltr'>suut,</span> <span class='ocrx_word' id='word_1_575' title='bbox 1158 4590 1201 4644; x_wconf 81' lang='lat' dir='ltr'>vel</span> <span class='ocrx_word' id='word_1_576' title='bbox 1215 4587 1388 4644; x_wconf 86' lang='lat' dir='ltr'>sententiam</span> <span class='ocrx_word' id='word_1_577' title='bbox 1408 4585 1619 4658; x_wconf 78' lang='lat' dir='ltr'>promulgatam</span> <span class='ocrx_word' id='word_1_578' title='bbox 1631 4584 1771 4640; x_wconf 78' lang='lat' dir='ltr'>adversiss-</span> 
     </span>
     <span class='ocr_line' id='line_1_77' title="bbox 116 4677 1764 4752; baseline 0.001 -19"><span class='ocrx_word' id='word_1_579' title='bbox 116 4680 281 4735; x_wconf 77' lang='lat' dir='ltr'>Vusmauus</span> <span class='ocrx_word' id='word_1_580' title='bbox 294 4679 554 4752; x_wconf 90' lang='lat' dir='ltr'>episcopusservus</span> <span class='ocrx_word' id='word_1_581' title='bbox 567 4696 713 4737; x_wconf 90' lang='lat' dir='ltr'>servorum</span> <span class='ocrx_word' id='word_1_582' title='bbox 731 4681 792 4752; x_wconf 81' lang='lat' dir='ltr'>nei,</span> <span class='ocrx_word' id='word_1_583' title='bbox 806 4683 898 4737; x_wconf 80' lang='lat' dir='ltr'>Panno</span> <span class='ocrx_word' id='word_1_584' title='bbox 949 4698 1015 4737; x_wconf 88' lang='lat' dir='ltr'>eum</span> <span class='ocrx_word' id='word_1_585' title='bbox 1022 4681 1121 4737; x_wconf 89' lang='lat' dir='ltr'>inania</span> <span class='ocrx_word' id='word_1_586' title='bbox 1130 4686 1158 4738; x_wconf 89' lang='lat' dir='ltr'>ct</span> <span class='ocrx_word' id='word_1_587' title='bbox 1164 4697 1251 4737; x_wconf 90' lang='lat' dir='ltr'>vacua</span> <span class='ocrx_word' id='word_1_588' title='bbox 1261 4678 1390 4748; x_wconf 90' lang='lat' dir='ltr'>esse,sed</span> <span class='ocrx_word' id='word_1_589' title='bbox 1402 4678 1542 4751; x_wconf 87' lang='lat' dir='ltr'>quidquid</span> <span class='ocrx_word' id='word_1_590' title='bbox 1551 4677 1686 4734; x_wconf 88' lang='lat' dir='ltr'>claruerit</span> <span class='ocrx_word' id='word_1_591' title='bbox 1695 4694 1764 4735; x_wconf 89' lang='lat' dir='ltr'>eum</span> 
     </span>
     <span class='ocr_line' id='line_1_78' title="bbox 79 4771 1766 4847; baseline 0.001 -20"><span class='ocrx_word' id='word_1_592' title='bbox 79 4771 290 4845; x_wconf 86' lang='lat' dir='ltr'>archiepiscopo</span> <span class='ocrx_word' id='word_1_593' title='bbox 305 4772 445 4830; x_wconf 87' lang='lat' dir='ltr'>Cretensi.</span> <span class='ocrx_word' id='word_1_594' title='bbox 949 4774 1163 4831; x_wconf 86' lang='lat' dir='ltr'>damnificatum</span> <span class='ocrx_word' id='word_1_595' title='bbox 1178 4775 1364 4847; x_wconf 87' lang='lat' dir='ltr'>ejusdemque</span> <span class='ocrx_word' id='word_1_596' title='bbox 1381 4773 1527 4829; x_wconf 88' lang='lat' dir='ltr'>ecclesiam</span> <span class='ocrx_word' id='word_1_597' title='bbox 1538 4789 1555 4828; x_wconf 93' lang='lat' dir='ltr'>a</span> <span class='ocrx_word' id='word_1_598' title='bbox 1567 4788 1726 4845; x_wconf 92' lang='lat' dir='ltr'>quoquam,</span> <span class='ocrx_word' id='word_1_599' title='bbox 1737 4777 1766 4829; x_wconf 87' lang='lat' dir='ltr'>et</span> 
     </span>
     <span class='ocr_line' id='line_1_79' title="bbox 115 4865 1763 4941; baseline 0 -21"><span class='ocrx_word' id='word_1_600' title='bbox 115 4865 232 4922; x_wconf 76' lang='lat' dir='ltr'>[tammo</span> <span class='ocrx_word' id='word_1_601' title='bbox 263 4883 340 4923; x_wconf 90' lang='lat' dir='ltr'>nono</span> <span class='ocrx_word' id='word_1_602' title='bbox 363 4867 409 4924; x_wconf 90' lang='lat' dir='ltr'>die</span> <span class='ocrx_word' id='word_1_603' title='bbox 434 4868 540 4924; x_wconf 87' lang='lat' dir='ltr'>mensis</span> <span class='ocrx_word' id='word_1_604' title='bbox 579 4868 738 4924; x_wconf 85' lang='lat' dir='ltr'>Decembris</span> <span class='ocrx_word' id='word_1_605' title='bbox 771 4884 897 4941; x_wconf 73' lang='lat' dir='ltr'>praesen·</span> <span class='ocrx_word' id='word_1_606' title='bbox 949 4873 998 4924; x_wconf 89' lang='lat' dir='ltr'>tua</span> <span class='ocrx_word' id='word_1_607' title='bbox 1010 4868 1124 4925; x_wconf 90' lang='lat' dir='ltr'>dilectio</span> <span class='ocrx_word' id='word_1_608' title='bbox 1138 4869 1223 4924; x_wconf 89' lang='lat' dir='ltr'>faeiat</span> <span class='ocrx_word' id='word_1_609' title='bbox 1235 4867 1329 4935; x_wconf 89' lang='lat' dir='ltr'>reddi,</span> <span class='ocrx_word' id='word_1_610' title='bbox 1341 4883 1392 4939; x_wconf 90' lang='lat' dir='ltr'>per</span> <span class='ocrx_word' id='word_1_611' title='bbox 1406 4866 1504 4922; x_wconf 90' lang='lat' dir='ltr'>omnia</span> <span class='ocrx_word' id='word_1_612' title='bbox 1514 4882 1684 4923; x_wconf 88' lang='lat' dir='ltr'>conservans</span> <span class='ocrx_word' id='word_1_613' title='bbox 1695 4881 1763 4922; x_wconf 88' lang='lat' dir='ltr'>enm</span> 
     </span>
     <span class='ocr_line' id='line_1_80' title="bbox 79 4959 1765 5035; baseline 0.001 -21"><span class='ocrx_word' id='word_1_614' title='bbox 79 4959 115 5015; x_wconf 89' lang='lat' dir='ltr'>tis</span> <span class='ocrx_word' id='word_1_615' title='bbox 145 4959 309 5016; x_wconf 87' lang='lat' dir='ltr'>indictionis</span> <span class='ocrx_word' id='word_1_616' title='bbox 340 4966 383 5031; x_wconf 89' lang='lat' dir='ltr'>lt,</span> <span class='ocrx_word' id='word_1_617' title='bbox 411 4963 534 5018; x_wconf 87' lang='lat' dir='ltr'>loannes</span> <span class='ocrx_word' id='word_1_618' title='bbox 571 4962 719 5035; x_wconf 90' lang='lat' dir='ltr'>episcopus</span> <span class='ocrx_word' id='word_1_619' title='bbox 752 4962 897 5035; x_wconf 86' lang='lat' dir='ltr'>Lampeon</span> <span class='ocrx_word' id='word_1_620' title='bbox 947 4963 1055 5034; x_wconf 90' lang='lat' dir='ltr'>absque</span> <span class='ocrx_word' id='word_1_621' title='bbox 1068 4961 1420 5032; x_wconf 79' lang='lat' dir='ltr'>damn03dcnominatnm</span> <span class='ocrx_word' id='word_1_622' title='bbox 1430 4959 1657 5018; x_wconf 90' lang='lat' dir='ltr'>enimloannem</span> <span class='ocrx_word' id='word_1_623' title='bbox 1665 4963 1765 5032; x_wconf 86' lang='lat' dir='ltr'>utpote</span> 
     </span>
     <span class='ocr_line' id='line_1_81' title="bbox 78 5052 1765 5130; baseline 0.001 -23"><span class='ocrx_word' id='word_1_624' title='bbox 78 5052 161 5108; x_wconf 91' lang='lat' dir='ltr'>urbis</span> <span class='ocrx_word' id='word_1_625' title='bbox 182 5053 259 5109; x_wconf 91' lang='lat' dir='ltr'>intra</span> <span class='ocrx_word' id='word_1_626' title='bbox 279 5053 426 5111; x_wconf 87' lang='lat' dir='ltr'>basilicam</span> <span class='ocrx_word' id='word_1_627' title='bbox 447 5056 641 5112; x_wconf 90' lang='lat' dir='ltr'>venerabilem</span> <span class='ocrx_word' id='word_1_628' title='bbox 665 5056 741 5112; x_wconf 89' lang='lat' dir='ltr'>beati</span> <span class='ocrx_word' id='word_1_629' title='bbox 761 5057 899 5130; x_wconf 92' lang='lat' dir='ltr'>principis</span> <span class='ocrx_word' id='word_1_630' title='bbox 948 5055 1129 5112; x_wconf 89' lang='lat' dir='ltr'>innocentem</span> <span class='ocrx_word' id='word_1_631' title='bbox 1143 5056 1323 5124; x_wconf 88' lang='lat' dir='ltr'>existentem,</span> <span class='ocrx_word' id='word_1_632' title='bbox 1335 5070 1401 5111; x_wconf 90' lang='lat' dir='ltr'>cum</span> <span class='ocrx_word' id='word_1_633' title='bbox 1417 5055 1569 5129; x_wconf 71' lang='lat' dir='ltr'>poenitenti</span> <span class='ocrx_word' id='word_1_634' title='bbox 1583 5059 1680 5110; x_wconf 89' lang='lat' dir='ltr'>nostra</span> <span class='ocrx_word' id='word_1_635' title='bbox 1695 5069 1765 5125; x_wconf 83' lang='lat' dir='ltr'>prae·</span> 
     </span>
     <span class='ocr_line' id='line_1_82' title="bbox 79 5145 1762 5223; baseline 0 -22"><span class='ocrx_word' id='word_1_636' title='bbox 79 5146 279 5219; x_wconf 90' lang='lat' dir='ltr'>apostolorum</span> <span class='ocrx_word' id='word_1_637' title='bbox 305 5149 379 5205; x_wconf 91' lang='lat' dir='ltr'>Petri</span> <span class='ocrx_word' id='word_1_638' title='bbox 410 5150 495 5206; x_wconf 90' lang='lat' dir='ltr'>nobis</span> <span class='ocrx_word' id='word_1_639' title='bbox 517 5150 620 5206; x_wconf 91' lang='lat' dir='ltr'>obtulit</span> <span class='ocrx_word' id='word_1_640' title='bbox 642 5150 824 5222; x_wconf 89' lang='lat' dir='ltr'>petitionem,</span> <span class='ocrx_word' id='word_1_641' title='bbox 846 5166 899 5223; x_wconf 91' lang='lat' dir='ltr'>per</span> <span class='ocrx_word' id='word_1_642' title='bbox 947 5149 1078 5221; x_wconf 92' lang='lat' dir='ltr'>ceptione</span> <span class='ocrx_word' id='word_1_643' title='bbox 1092 5149 1267 5205; x_wconf 87' lang='lat' dir='ltr'>absolvimus</span> <span class='ocrx_word' id='word_1_644' title='bbox 1280 5149 1358 5219; x_wconf 91' lang='lat' dir='ltr'>hinc,</span> <span class='ocrx_word' id='word_1_645' title='bbox 1374 5153 1406 5204; x_wconf 91' lang='lat' dir='ltr'>ut</span> <span class='ocrx_word' id='word_1_646' title='bbox 1421 5149 1494 5206; x_wconf 92' lang='lat' dir='ltr'>sicut</span> <span class='ocrx_word' id='word_1_647' title='bbox 1513 5149 1609 5205; x_wconf 76' lang='lat' dir='ltr'>caeteri</span> <span class='ocrx_word' id='word_1_648' title='bbox 1623 5149 1680 5202; x_wconf 82' lang='lat' dir='ltr'>tuoe</span> <span class='ocrx_word' id='word_1_649' title='bbox 1693 5145 1762 5202; x_wconf 89' lang='lat' dir='ltr'>dile·</span> 
     </span>
     <span class='ocr_line' id='line_1_83' title="bbox 77 5239 1765 5316; baseline 0.001 -21"><span class='ocrx_word' id='word_1_650' title='bbox 77 5256 167 5312; x_wconf 89' lang='lat' dir='ltr'>quam</span> <span class='ocrx_word' id='word_1_651' title='bbox 188 5256 240 5296; x_wconf 90' lang='lat' dir='ltr'>nos</span> <span class='ocrx_word' id='word_1_652' title='bbox 262 5242 365 5298; x_wconf 92' lang='lat' dir='ltr'>obnixe</span> <span class='ocrx_word' id='word_1_653' title='bbox 384 5243 547 5316; x_wconf 87' lang='lat' dir='ltr'>postulavit,</span> <span class='ocrx_word' id='word_1_654' title='bbox 561 5248 646 5316; x_wconf 89' lang='lat' dir='ltr'>atque</span> <span class='ocrx_word' id='word_1_655' title='bbox 660 5244 831 5316; x_wconf 89' lang='lat' dir='ltr'>conjuravit,</span> <span class='ocrx_word' id='word_1_656' title='bbox 846 5259 899 5316; x_wconf 91' lang='lat' dir='ltr'>per</span> <span class='ocrx_word' id='word_1_657' title='bbox 947 5242 1047 5298; x_wconf 89' lang='lat' dir='ltr'>ctionis</span> <span class='ocrx_word' id='word_1_658' title='bbox 1062 5242 1198 5315; x_wconf 92' lang='lat' dir='ltr'>episcopi,</span> <span class='ocrx_word' id='word_1_659' title='bbox 1212 5247 1241 5300; x_wconf 89' lang='lat' dir='ltr'>et</span> <span class='ocrx_word' id='word_1_660' title='bbox 1255 5243 1279 5298; x_wconf 93' lang='lat' dir='ltr'>is</span> <span class='ocrx_word' id='word_1_661' title='bbox 1293 5259 1351 5299; x_wconf 84' lang='lat' dir='ltr'>suae</span> <span class='ocrx_word' id='word_1_662' title='bbox 1368 5243 1495 5299; x_wconf 82' lang='lat' dir='ltr'>ccclesiae</span> <span class='ocrx_word' id='word_1_663' title='bbox 1511 5239 1680 5298; x_wconf 88' lang='lat' dir='ltr'>utilitatibus</span> <span class='ocrx_word' id='word_1_664' title='bbox 1698 5255 1765 5296; x_wconf 91' lang='lat' dir='ltr'>cnm</span> 
     </span>
     <span class='ocr_line' id='line_1_84' title="bbox 77 5332 1766 5410; baseline 0 -22"><span class='ocrx_word' id='word_1_665' title='bbox 77 5333 247 5406; x_wconf 90' lang='lat' dir='ltr'>terribilem,</span> <span class='ocrx_word' id='word_1_666' title='bbox 263 5336 407 5408; x_wconf 87' lang='lat' dir='ltr'>inquiens,</span> <span class='ocrx_word' id='word_1_667' title='bbox 430 5336 584 5393; x_wconf 89' lang='lat' dir='ltr'>adventum</span> <span class='ocrx_word' id='word_1_668' title='bbox 605 5338 705 5410; x_wconf 89' lang='lat' dir='ltr'>magni</span> <span class='ocrx_word' id='word_1_669' title='bbox 731 5338 791 5406; x_wconf 86' lang='lat' dir='ltr'>ltei,</span> <span class='ocrx_word' id='word_1_670' title='bbox 812 5339 898 5410; x_wconf 91' lang='lat' dir='ltr'>atque</span> <span class='ocrx_word' id='word_1_671' title='bbox 948 5336 1254 5408; x_wconf 85' lang='lat' dir='ltr'>Deiperageretimore</span> <span class='ocrx_word' id='word_1_672' title='bbox 1267 5352 1469 5408; x_wconf 89' lang='lat' dir='ltr'>sacrarumque</span> <span class='ocrx_word' id='word_1_673' title='bbox 1482 5335 1646 5408; x_wconf 87' lang='lat' dir='ltr'>regularum</span> <span class='ocrx_word' id='word_1_674' title='bbox 1654 5332 1766 5389; x_wconf 90' lang='lat' dir='ltr'>institn-</span> 
     </span>
     <span class='ocr_line' id='line_1_85' title="bbox 77 5426 1764 5503; baseline 0.001 -22"><span class='ocrx_word' id='word_1_675' title='bbox 77 5427 233 5484; x_wconf 88' lang='lat' dir='ltr'>Salvatoris</span> <span class='ocrx_word' id='word_1_676' title='bbox 255 5429 345 5486; x_wconf 87' lang='lat' dir='ltr'>nostri</span> <span class='ocrx_word' id='word_1_677' title='bbox 363 5431 428 5486; x_wconf 87' lang='lat' dir='ltr'>lesu</span> <span class='ocrx_word' id='word_1_678' title='bbox 442 5430 556 5500; x_wconf 85' lang='lat' dir='ltr'>Christi,</span> <span class='ocrx_word' id='word_1_679' title='bbox 574 5437 607 5487; x_wconf 91' lang='lat' dir='ltr'>ut</span> <span class='ocrx_word' id='word_1_680' title='bbox 627 5431 784 5487; x_wconf 90' lang='lat' dir='ltr'>secundum</span> <span class='ocrx_word' id='word_1_681' title='bbox 804 5447 895 5486; x_wconf 87' lang='lat' dir='ltr'>sacra·</span> <span class='ocrx_word' id='word_1_682' title='bbox 947 5426 1764 5503; x_wconf 87' lang='lat' dir='ltr'>tionedebeatmorem.Oportebatdenique,dilectissime</span> 
     </span>
     <span class='ocr_line' id='line_1_86' title="bbox 77 5520 1762 5597; baseline 0.001 -23"><span class='ocrx_word' id='word_1_683' title='bbox 77 5520 204 5576; x_wconf 88' lang='lat' dir='ltr'>tissimos</span> <span class='ocrx_word' id='word_1_684' title='bbox 227 5538 362 5594; x_wconf 89' lang='lat' dir='ltr'>canones,</span> <span class='ocrx_word' id='word_1_685' title='bbox 387 5524 572 5597; x_wconf 90' lang='lat' dir='ltr'>institutaque</span> <span class='ocrx_word' id='word_1_686' title='bbox 595 5528 758 5579; x_wconf 88' lang='lat' dir='ltr'>sanctorum</span> <span class='ocrx_word' id='word_1_687' title='bbox 780 5525 897 5579; x_wconf 85' lang='lat' dir='ltr'>Petrum</span> <span class='ocrx_word' id='word_1_688' title='bbox 947 5524 1046 5590; x_wconf 88' lang='lat' dir='ltr'>frater,</span> <span class='ocrx_word' id='word_1_689' title='bbox 1065 5523 1216 5596; x_wconf 87' lang='lat' dir='ltr'>oportebat</span> <span class='ocrx_word' id='word_1_690' title='bbox 1238 5540 1291 5579; x_wconf 93' lang='lat' dir='ltr'>nos</span> <span class='ocrx_word' id='word_1_691' title='bbox 1308 5522 1413 5578; x_wconf 91' lang='lat' dir='ltr'>similia</span> <span class='ocrx_word' id='word_1_692' title='bbox 1435 5520 1575 5577; x_wconf 89' lang='lat' dir='ltr'>similibus</span> <span class='ocrx_word' id='word_1_693' title='bbox 1594 5520 1762 5577; x_wconf 89' lang='lat' dir='ltr'>retribuere.</span> 
     </span>
     <span class='ocr_line' id='line_1_87' title="bbox 76 5614 1764 5690; baseline 0.001 -20"><span class='ocrx_word' id='word_1_694' title='bbox 76 5614 140 5685; x_wconf 88' lang='lat' dir='ltr'>ejus</span> <span class='ocrx_word' id='word_1_695' title='bbox 161 5631 253 5672; x_wconf 82' lang='lat' dir='ltr'>causae</span> <span class='ocrx_word' id='word_1_696' title='bbox 277 5617 414 5674; x_wconf 90' lang='lat' dir='ltr'>meritum</span> <span class='ocrx_word' id='word_1_697' title='bbox 436 5618 651 5690; x_wconf 91' lang='lat' dir='ltr'>requireremus</span> <span class='ocrx_word' id='word_1_698' title='bbox 674 5621 703 5672; x_wconf 91' lang='lat' dir='ltr'>et</span> <span class='ocrx_word' id='word_1_699' title='bbox 723 5616 897 5673; x_wconf 89' lang='lat' dir='ltr'>sententiam</span> <span class='ocrx_word' id='word_1_700' title='bbox 947 5617 1003 5672; x_wconf 91' lang='lat' dir='ltr'>Sed</span> <span class='ocrx_word' id='word_1_701' title='bbox 1026 5618 1088 5672; x_wconf 78' lang='lat' dir='ltr'>haec</span> <span class='ocrx_word' id='word_1_702' title='bbox 1111 5617 1204 5690; x_wconf 91' lang='lat' dir='ltr'>magis</span> <span class='ocrx_word' id='word_1_703' title='bbox 1226 5633 1277 5689; x_wconf 92' lang='lat' dir='ltr'>per</span> <span class='ocrx_word' id='word_1_704' title='bbox 1297 5616 1488 5688; x_wconf 82' lang='lat' dir='ltr'>ignorantiam</span> <span class='ocrx_word' id='word_1_705' title='bbox 1510 5615 1664 5687; x_wconf 93' lang='lat' dir='ltr'>opinamur</span> <span class='ocrx_word' id='word_1_706' title='bbox 1683 5618 1764 5687; x_wconf 84' lang='lat' dir='ltr'>gesta</span> 
     </span>
     <span class='ocr_line' id='line_1_88' title="bbox 36 5708 1764 5783; baseline 0 -21"><span class='ocrx_word' id='word_1_707' title='bbox 36 5759 39 5762; x_wconf 81' lang='grc'><em>,</em></span> <span class='ocrx_word' id='word_1_708' title='bbox 75 5710 338 5781; x_wconf 78' lang='lat' dir='ltr'>promulgaremus.</span> <span class='ocrx_word' id='word_1_709' title='bbox 363 5711 471 5767; x_wconf 90' lang='lat' dir='ltr'>Obtulit</span> <span class='ocrx_word' id='word_1_710' title='bbox 495 5711 569 5767; x_wconf 90' lang='lat' dir='ltr'>illico</span> <span class='ocrx_word' id='word_1_711' title='bbox 586 5715 615 5767; x_wconf 89' lang='lat' dir='ltr'>et</span> <span class='ocrx_word' id='word_1_712' title='bbox 634 5710 804 5766; x_wconf 87' lang='lat' dir='ltr'>sententiam</span> <span class='ocrx_word' id='word_1_713' title='bbox 819 5711 897 5783; x_wconf 89' lang='lat' dir='ltr'>apud</span> <span class='ocrx_word' id='word_1_714' title='bbox 947 5727 1007 5766; x_wconf 90' lang='lat' dir='ltr'>esse</span> <span class='ocrx_word' id='word_1_715' title='bbox 1020 5727 1107 5783; x_wconf 90' lang='lat' dir='ltr'>quam</span> <span class='ocrx_word' id='word_1_716' title='bbox 1122 5726 1174 5782; x_wconf 91' lang='lat' dir='ltr'>per</span> <span class='ocrx_word' id='word_1_717' title='bbox 1185 5710 1379 5767; x_wconf 87' lang='lat' dir='ltr'>calliditatem.</span> <span class='ocrx_word' id='word_1_718' title='bbox 1395 5711 1549 5782; x_wconf 84' lang='lat' dir='ltr'>Propterea</span> <span class='ocrx_word' id='word_1_719' title='bbox 1562 5725 1626 5782; x_wconf 78' lang='lat' dir='ltr'>quae</span> <span class='ocrx_word' id='word_1_720' title='bbox 1637 5708 1764 5781; x_wconf 84' lang='lat' dir='ltr'>praecipi·</span> 
     </span>
     <span class='ocr_line' id='line_1_89' title="bbox 76 5794 1794 5878; baseline -0.006 -20"><span class='ocrx_word' id='word_1_721' title='bbox 76 5807 160 5858; x_wconf 88' lang='lat' dir='ltr'>tuam</span> <span class='ocrx_word' id='word_1_722' title='bbox 174 5802 384 5862; x_wconf 82' lang='lat' dir='ltr'>fraternitatem</span> <span class='ocrx_word' id='word_1_723' title='bbox 397 5805 565 5874; x_wconf 88' lang='lat' dir='ltr'>confectam,</span> <span class='ocrx_word' id='word_1_724' title='bbox 576 5794 824 5878; x_wconf 82' lang='lat' dir='ltr'>subscriptamque</span> <span class='ocrx_word' id='word_1_725' title='bbox 834 5804 896 5876; x_wconf 87' lang='lat' dir='ltr'>ejus</span> <span class='ocrx_word' id='word_1_726' title='bbox 947 5821 1011 5860; x_wconf 88' lang='lat' dir='ltr'>mus</span> <span class='ocrx_word' id='word_1_727' title='bbox 1020 5803 1071 5860; x_wconf 91' lang='lat' dir='ltr'>tibi</span> <span class='ocrx_word' id='word_1_728' title='bbox 1084 5804 1247 5862; x_wconf 84' lang='lat' dir='ltr'>secuudum</span> <span class='ocrx_word' id='word_1_729' title='bbox 1257 5801 1794 5876; x_wconf 56' lang='lat' dir='ltr'>lleumatproptarbomxuumtaes·</span> 
     </span>
    </p>
   </div>
   <div class='ocr_carea' id='block_1_28' title="bbox 0 0 1940 6150">
    <p class='ocr_par' dir='ltr' id='par_1_31' title="bbox 0 0 1940 6150">
     <span class='ocr_line' id='line_1_90' title="bbox 0 0 1940 6150; baseline 0 0"><span class='ocrx_word' id='word_1_730' title='bbox 0 0 1940 6150; x_wconf 95' lang='lat' dir='ltr'> </span> 
     </span>
    </p>
   </div>
  </div>
 </body>
</html>
