3870 6150
635 299 871 358 bucubtltttut
889 300 1082 357 contactio.
1647 306 1699 361 838

103 403 256 461 talionibus
271 405 402 475 detineri,
419 406 546 463 ritaliter
558 407 665 480 aliquid
678 410 713 464 de
729 411 833 464 summi
845 408 1024 499 Aprincipia
1045 408 1158 463 beatum
1177 407 1300 463 llarcum
1314 408 1471 465 beatissimi
1486 409 1562 466 Petri
1577 412 1699 482 aposloli

103 499 198 555 utileri
215 501 385 555 sacramenti
403 500 519 557 veritate
536 502 689 574 sapiamus,
703 521 789 576 quain
802 521 834 559 ex
885 503 1055 575 discipulum
1070 502 1099 556 in
1113 503 1245 557 omnibus
1259 503 1358 575 utique
1373 503 1509 559 doctrinis
1523 503 1565 559 sui
1579 503 1701 560 doctoris

103 593 220 648 icatione
238 598 400 650 sanctorum
421 596 547 662 Petrum,
564 603 592 652 et
614 614 649 652 ex
668 599 834 653 auctoritaie
884 595 1049 669 magisterio
1058 601 1261 650 consonantem
1269 596 1699 671 habuitiundatorem,quaequc

103 688 265 743 rmutabilis
273 687 393 760 symboli
404 688 555 745 didicimus
565 694 593 746 et
602 691 747 759 docemus,
758 692 835 748 dam·
884 693 983 763 postea
992 689 1223 746 recentioribosa
1234 693 1329 744 nostra
1338 693 1421 746 aetate
1432 691 1608 763 temporibus
1616 692 1700 746 Atha-

103 780 835 856 ibuniversaliEcclesiaetnunchtychetietantea
884 785 1007 869 nasium,
1025 784 1225 856 Theophilum,
1246 790 1274 839 et
1295 783 1424 855 proxime
1443 785 1578 856 cyrillum
1595 785 1697 857 proba-

103 873 155 944 rio,
172 891 295 945 quorum
310 875 333 928 si
349 875 412 946 quis
425 892 482 931 non
497 877 621 933 ferendis
641 878 835 950 impietatibus
884 878 1005 934 tissimus
1014 877 1150 951 praesules
1161 876 1272 944 habuit,
1286 876 1432 949 indignam
1446 877 1636 949 captivitatem
1649 878 1700 933 sub

103 984 160 1023 ere
172 968 318 1040 delegerit,
329 970 389 1040 ipse
400 986 429 1025 se
441 987 457 1024 a
470 987 587 1043 corpore
597 973 763 1028 Christianae
775 974 835 1029 uni·
885 971 1011 1027 haretici
1035 970 1231 1026 dominatione
1258 974 1412 1043 pateretur.
1439 971 1520 1026 Unde
1544 971 1701 1027 secundum

103 1061 229 1117 abscidit.
241 1063 303 1117 Non
316 1063 393 1117 cuim
412 1065 486 1118 ultra
495 1065 556 1135 jam
572 1066 707 1138 cuiqnam
723 1083 835 1123 excusa-
885 1081 1021 1137 magnam
1035 1063 1261 1120 misericordiam
1272 1064 1322 1119 bet
1334 1064 1480 1119 universos
1494 1065 1600 1119 diaboli
1612 1082 1699 1121 cona·

125 1155 270 1227 refugium
292 1156 327 1210 de
350 1157 513 1229 ignorantia
527 1163 555 1214 et
571 1159 727 1230 inscientia,
740 1163 785 1216 rel
800 1163 835 1219 de
885 1163 941 1229 tus,
957 1159 1062 1231 quibus
1083 1159 1237 1213 Ecclesiam
1258 1157 1373 1213 Domini
1395 1158 1566 1212 conturbare
1585 1159 1701 1214 molitus

103 1248 218 1323 igenhae
241 1250 407 1305 difficultate
422 1252 597 1323 conceditur,
613 1271 679 1309 cum
702 1255 754 1311 hoc
774 1256 835 1328 ipso
885 1259 937 1319 est,
961 1252 1095 1307 noveritis
1117 1268 1178 1307 esse
1201 1253 1366 1307 destructos.
1391 1251 1509 1307 Reddite
1535 1250 1623 1322 igitur
1643 1254 1701 1308 lleo

103 1346 218 1400 ntorum
239 1344 299 1399 fere
320 1344 442 1400 fratrum
466 1347 757 1422 coepiscoporumque
781 1366 833 1406 no·
887 1346 1000 1419 gratias,
1011 1345 1113 1400 fratres
1125 1344 1294 1412 charissimi,
1306 1344 1424 1417 dignam
1444 1345 1600 1417 gratiarum
1615 1345 1700 1401 actio·

103 1438 279 1510 imsynodus
293 1444 470 1511 congregata
486 1441 596 1496 nullam
608 1444 833 1500 artemratioci-
887 1457 963 1503 neni,
983 1444 1012 1494 et
1032 1445 1094 1495 emt
1118 1439 1268 1494 nobiscum
1289 1443 1380 1494 vestra
1400 1438 1526 1504 dilectio,
1546 1441 1579 1493 ut
1602 1438 1703 1494 iratres

103 1574 116 1603 ,,
133 1532 246 1587 nullum
265 1532 412 1605 eloquium
436 1534 591 1591 disserendi
614 1541 711 1592 contra
728 1538 834 1594 londa·
886 1540 1006 1602 nostros,
1021 1550 1094 1605 quos
1117 1533 1290 1604 exspectatio
1312 1535 1408 1588 nostra
1428 1532 1578 1603 desiderat,
1593 1532 1702 1588 incolu-

103 1641 150 1682 um
163 1625 232 1680 fidei
244 1626 382 1698 inspirare
393 1629 565 1699 promiserit,
578 1631 714 1701 quoniam
730 1632 833 1688 admit·
886 1644 946 1684 ntes
959 1643 1045 1700 quem
1061 1627 1187 1699 primum
1205 1626 1320 1681 rediisse
1334 1626 1477 1696 laetemur,
1489 1631 1517 1681 et
1526 1625 1561 1681 de
1571 1626 1703 1682 omnibus

103 1734 146 1775 urs
166 1736 218 1791 per
239 1720 375 1776 auxilium
398 1723 497 1793 gratiae
512 1724 561 1778 Dei
574 1724 710 1781 fratribus
725 1726 835 1782 vicariis
885 1721 1088 1794 quoe,llomino
1104 1720 1344 1791 adjurante,sunt
1361 1723 1442 1791 gesta
1459 1719 1704 1793 pleniusvospos·

103 1815 134 1884 is,
148 1829 271 1886 quorum
288 1815 453 1887 plenissima
471 1817 578 1874 exstitit
590 1819 619 1873 in
633 1820 711 1875 omni
725 1821 835 1877 actione
846 1814 874 1886 Β
886 1832 982 1871 semus
995 1815 1147 1870 instruere.
1164 1815 1233 1869 Nam
1251 1814 1368 1868 tratrem
1387 1813 1558 1885 lngennlum
1570 1813 1704 1868 nolumus

103 1907 142 1976 io,
159 1924 217 1965 non
239 1909 332 1964 solum
353 1911 544 1966 sacerdotibus
561 1912 674 1982 Christi,
688 1915 737 1970 sed
751 1916 835 1971 etiam
886 1910 940 1965 hac
967 1909 1176 1981 exspectatione
1199 1907 1317 1974 tardari,
1334 1923 1398 1962 cum
1413 1907 1449 1961 ob
1464 1908 1518 1962 hoc
1531 1907 1626 1979 ipsum
1640 1924 1704 1978 pro·

103 2001 197 2075 ipibus
219 2006 246 2057 et
268 2003 454 2075 potestatibus
476 2005 653 2076 Christianis,
671 2009 835 2081 cunctisque
887 2003 1013 2076 paratius
1033 2019 1162 2058 remeare
1182 2001 1322 2067 debuerit,
1337 2016 1389 2056 nec
1409 2000 1515 2055 diutius
1534 2001 1612 2055 vobis
1630 2007 1704 2057 esset

102 2095 140 2165 is,
155 2095 297 2168 plebibus,
312 2096 470 2166 ordinibus,
488 2098 571 2170 plene
586 2104 672 2172 atque
690 2101 837 2158 evidenter
886 2096 1033 2169 incognita
1045 2096 1173 2152 omnium
1184 2095 1304 2151 materia
1315 2094 1703 2167 gaudiorum,quaevolumus

103 2190 153 2244 uit
174 2190 247 2245 hanc
270 2207 330 2245 esse
350 2207 416 2245 vere
432 2193 614 2263 apostolicam
633 2193 719 2250 iidem
739 2212 773 2251 ex
791 2196 834 2251 di·
887 2209 939 2264 per
949 2208 1048 2247 curam
1061 2189 1220 2246 dilectionis
1229 2192 1330 2244 vestrm
1340 2188 1426 2244 etiam
1434 2189 1580 2245 adiratres
1593 2193 1705 2245 nostros

103 2282 219 2355 pietatis
230 2284 308 2338 fonte
322 2288 498 2354 manantem,
510 2303 597 2358 qnam
608 2288 747 2344 sinceram
760 2294 789 2345 et
802 2291 837 2346 ab
887 2285 1030 2358 Hispaniae
1050 2285 1197 2356 episcopos
1214 2283 1374 2356 pervenire,
1389 2286 1421 2338 ut
1434 2283 1509 2355 qnod
1521 2285 1593 2339 llens
1603 2299 1703 2355 opera-

122 2376 186 2432 sece
209 2378 295 2432 totius
311 2379 414 2432 erroris
428 2379 552 2435 alienam
568 2382 650 2452 (sicut
667 2383 836 2455 accepimus)
888 2383 933 2434 tus
946 2382 998 2447 est,
1014 2378 1085 2433 ιιιιιιι
1101 2395 1163 2433 esse
1178 2377 1267 2449 possit
1279 2377 1471 2448 incognitum.
1487 2378 1557 2433 llata
1570 2378 1705 2434 Kalendis

103 2469 220 2538 icamus,
236 2475 265 2525 et
277 2472 408 2528 universo
426 2473 490 2544 jam
511 2475 619 2530 mundo
640 2477 837 2533 consentiente
889 2472 1043 2542 Februarii,
1057 2473 1216 2527 Herculano
1234 2470 1460 2526 viroclarissimo
1473 2472 1596 2527 consule.

105 2565 215 2636 dimus,
230 2568 374 2623 exstinctis
384 2571 442 2624 toto
453 2569 521 2624 orbe
532 2570 786 2645 dogmatibusque
794 2575 837 2630 vel
906 2565 1000 2640 207
1024 2567 1054 2622 L·
1068 2598 1102 2606 -·
1117 2567 1163 2622 Ad
1175 2568 1344 2623 Mattianum
1356 2565 1511 2635 Montium
1526 2566 1560 2620 de
1573 2566 1686 2622 Patella·

103 2660 187 2717 adens
210 2662 360 2717 haereticus
382 2679 467 2718 ausus
487 2668 530 2720 est
551 2665 657 2721 inferre
674 2668 717 2722 vel
737 2669 836 2723 subse.
922 2662 991 2716 Tam
1004 2661 1102 2715 multis
1115 2659 1295 2715 documentis
1314 2674 1365 2730 per
1384 2674 1484 2714 omnes
1498 2659 1602 2714 Christi
1616 2660 1704 2716 eccle·

103 2772 121 2823 ι,
138 2754 270 2810 dissimili
292 2756 408 2826 quidem
431 2763 601 2828 commento,
618 2759 668 2815 sed
689 2761 837 2833 impietate
888 2756 943 2811 sias
955 2754 1026 2811 tides
1039 2761 1139 2810 vestras
1152 2754 1267 2827 pietatis
1281 2753 1417 2822 innotuit,
1437 2759 1466 2809 ιιι
1484 2754 1506 2808 si
1519 2753 1588 2824 quid
1601 2754 1705 2810 sollici-

103 2848 160 2904 ari.
181 2850 251 2904 Nam
279 2850 352 2905 sicut
374 2851 519 2907 Nestorius
545 2870 602 2908 non
628 2860 671 2910 est
691 2856 836 2926 toleratus,
888 2850 1020 2906 tudinum
1037 2865 1090 2922 pro
1106 2848 1250 2904 communi
1269 2846 1409 2919 religione
1425 2850 1588 2919 generatur,
1602 2849 1706 2904 merito

103 2959 169 2998 rans
196 2943 309 2999 benum
337 2944 454 3000 blariam
487 2946 611 3002 hominis
639 2951 837 3007 tantummodo
887 2948 1014 3000 vestrum
1035 2946 1143 3016 quaerat
1161 2941 1311 2998 auxilinm.
1328 2942 1362 2996 Et
1382 2940 1449 3013 quia
1468 2957 1579 2997 memor
1592 2941 1704 3013 dispen-

103 3058 105 3082 =
115 3032 289 3104 genitricem
303 3034 351 3107 qui
370 3037 552 3107 postmodum
567 3038 632 3092 sita
648 3039 739 3094 Verbo
749 3040 836 3096 deita-
888 3038 1014 3107 sationis,
1032 3037 1103 3091 mihi
1125 3036 1241 3101 credite,
1265 3052 1381 3091 irecesse
1402 3032 1495 3090 habeo
1516 3052 1598 3091 curas
1615 3053 1706 3106 meas,

103 3128 239 3194 isceptus,
263 3122 373 3179 duabm
396 3125 500 3180 scilicet
521 3126 630 3182 naturis
651 3145 684 3183 ex
711 3131 839 3200 personis
890 3134 977 3189 etiam
990 3132 1020 3187 in
1035 3149 1069 3186 ca
1084 3147 1149 3203 quae
1162 3134 1229 3185 sunt
1242 3129 1349 3199 futura,
1370 3129 1555 3202 praemittere,
1576 3147 1635 3186 non
1650 3131 1705 3186 im·

103 3216 174 3284 ictis,
196 3220 228 3271 ut
250 3233 344 3289 neque
367 3218 426 3289 ipse
451 3225 524 3274 esset
548 3220 624 3276 lilius
648 3222 771 3277 hominis
790 3224 839 3295 qui
889 3228 977 3299 probe
991 3226 1074 3298 cupio
1084 3224 1241 3280 clementiae
1254 3229 1354 3278 restrae
1365 3223 1466 3279 studiis
1476 3223 1615 3295 adjuvari,
1632 3228 1664 3279 ιιι
1677 3224 1706 3279 ιιι

103 3327 107 3362 ι
122 3310 183 3378 Dei,
200 3327 252 3366 nec
265 3327 339 3366 unus
350 3312 477 3368 Christus
489 3315 520 3370 in
535 3318 656 3387 citraque
668 3323 779 3388 natura,
791 3318 839 3374 sed
890 3339 924 3376 ea
939 3319 1128 3389 observantia,
1144 3335 1208 3391 quae
1225 3321 1300 3373 certa
1318 3333 1431 3389 semper
1446 3316 1557 3372 ratione
1570 3318 1705 3381 variatur,

107 3404 298 3475 sempiternus
313 3422 346 3461 ex
359 3408 451 3478 Patre,
467 3409 538 3464 alter
551 3411 716 3482 temporalis
731 3428 765 3467 ex
780 3428 839 3468 ma·
890 3415 961 3471 nihil
975 3413 1065 3486 possit
1079 3413 1183 3469 erroris
1199 3411 1316 3466 incurri.
1332 3410 1463 3466 Paschale
1480 3411 1585 3465 etenim
1602 3410 1706 3467 festum

103 3513 160 3552 :um
172 3500 335 3570 evangelica
350 3501 502 3556 auctoritas
515 3503 554 3558 ita
568 3504 691 3563 Verbum
704 3504 840 3579 praedicet
891 3527 947 3582 qno
961 3510 1173 3564 sacramentum
1183 3505 1282 3560 salutis
1293 3505 1426 3560 hnmana
1439 3503 1563 3559 maxime
1577 3505 1704 3560 contine-

103 3607 143 3647 ern
168 3592 287 3661 sactum,
313 3599 342 3650 ιιι
368 3612 425 3651 ιιοιι
450 3597 519 3651 duos
541 3596 666 3654 Christos
691 3615 744 3654 nec
769 3600 840 3656 duos
890 3607 947 3674 tur,
963 3601 1095 3685 quamvis
1109 3600 1139 3656 in
1151 3600 1244 3673 primo
1261 3615 1377 3671 semper
1392 3614 1490 3653 mense
1505 3598 1707 3654 celebrandum

103 3732 105 3741 ,
125 3686 177 3741 sed
198 3687 228 3741 in
254 3704 310 3743 uno
331 3689 452 3745 Domino
475 3693 541 3746 lesu
561 3693 671 3748 Christo
691 3697 720 3748 et
742 3694 791 3749 Dei
812 3699 841 3750 et
891 3698 936 3766 sit,
950 3697 989 3752 ita
1002 3701 1100 3752 umen
1120 3699 1163 3750 est
1184 3693 1293 3748 lunaris
1315 3709 1415 3747 cursus
1436 3691 1599 3748 conditione
1613 3698 1706 3749 muta·

103 3778 151 3834 nis
163 3780 246 3835 nobis
258 3781 385 3839 insinuet
400 3785 558 3853 veritatem,
572 3790 605 3841 ut
618 3787 764 3860 utriusque
777 3788 840 3844 sub
889 3792 958 3862 bile,
969 3794 1002 3847 ut
1015 3791 1184 3863 plerumque
1196 3786 1380 3843 sacratissimi
1394 3786 1451 3841 diei
1463 3785 1599 3857 ambigna
1611 3791 1707 3842 currat

103 3872 149 3940 iae,
164 3873 194 3928 id
216 3879 267 3943 est,
286 3877 416 3932 salvantis
440 3885 527 3952 atque
551 3882 676 3950 salvatae,
700 3899 753 3937 nce
774 3900 838 3955 pro·
890 3885 1003 3955 electio,
1017 3889 1045 3940 et
1060 3902 1092 3939 ex
1105 3884 1158 3938 hoc
1171 3881 1222 3937 liat
1234 3882 1403 3954 plerumque
1418 3880 1495 3953 quod
1510 3896 1569 3936 non
1586 3880 1662 3951 licet,
1677 3885 1708 3936 ut

103 3984 129 4023 ts
141 3969 229 4040 possit
241 3971 390 4041 confundi,
404 3989 588 4043 necpersona
599 3975 751 4046 geminari.
762 3976 839 4032 Sicut
890 3997 947 4036 non
960 3979 1046 4034 simul
1060 3977 1154 4034 omnis
1167 3976 1298 4045 Ecclesia,
1310 3975 1386 4047 quod
1400 3974 1523 4037 nonnisi
1539 3991 1632 4029 unum
1646 3991 1707 4030 esse

113 4062 258 4117 Nestorius
271 4063 300 4118 in
313 4081 364 4119 suo
380 4064 513 4136 dogmate
537 4068 730 4137 exsecrabilis,
752 4069 791 4124 sic
813 4075 840 4125 et
890 4075 1015 4147 oportet,
1029 4072 1168 4128 observet.
1183 4070 1382 4142 Studuereque
1399 4068 1489 4124 sancti
1508 4070 1605 4123 Patres
1623 4085 1706 4124 occa·

103 4154 164 4210 ebes
184 4155 352 4212 damnatum
377 4158 445 4214 olim
472 4165 595 4216 sectatus
618 4179 762 4232 errorem,
785 4164 841 4219 alia
890 4169 1000 4225 sionem
1014 4166 1101 4237 hujus
1118 4164 1222 4220 erroris
1237 4165 1369 4231 auferre;
1390 4179 1506 4218 omnem
1522 4163 1596 4218 hanc
1608 4179 1706 4217 curam

103 4246 593 4323 nitateblasphenransacatholicae
603 4255 753 4311 soliditatis
766 4275 840 4313 com·
889 4261 1081 4319 Alexandrino
1111 4260 1243 4332 episcopo
1269 4256 1446 4329 delegantes,
1467 4257 1603 4329 quoniam
1631 4256 1706 4328 apud

120 4347 265 4399 resecatus
289 4349 340 4415 est,
364 4346 432 4418 qnia
456 4347 577 4404 indoctis
599 4350 769 4421 quibusdam
795 4352 838 4406 ni·
889 4355 1033 4428 AEgyptios
1047 4355 1132 4425 hujus
1146 4351 1355 4424 supputationis
1364 4350 1521 4422 antiquitus
1535 4349 1705 4407 traditaesse

103 4453 170 4509 ique
182 4437 355 4509 simplicibus
365 4442 537 4512 persuadere
547 4445 668 4498 tentavit
679 4446 757 4516 quod
770 4447 838 4501 Ver·
889 4449 1037 4505 ridebatur
1051 4447 1163 4520 peritia,
1178 4463 1229 4519 per
1246 4463 1333 4518 quam
1349 4445 1398 4517 qui
1417 4444 1499 4499 annis
1511 4443 1630 4514 singulis
1647 4442 1706 4497 dies

109 4531 159 4587 oei
181 4531 222 4586 ita
243 4549 309 4588 caro
332 4534 367 4589 sit
386 4535 502 4603 factum,
515 4540 546 4591 ut
561 4554 659 4593 reram
675 4555 790 4595 earnem
804 4541 839 4595 de
849 4571 879 4644 D
891 4542 1034 4616 proedictae
1048 4541 1234 4596 solemnitatis
1249 4539 1385 4607 eveniret,
1403 4536 1471 4593 Sedi
1491 4536 1653 4607 apostolicae
1666 4536 1707 4590 in-

103 4641 120 4681 e
147 4626 268 4698 Virginis
293 4645 351 4684 non
378 4631 542 4702 sumpserit,
570 4649 622 4688 nec
645 4633 733 4689 nostri
759 4634 840 4690 illum
891 4638 1042 4707 dicaretur,
1062 4635 1148 4706 liujus
1172 4633 1270 4705 scripti
1289 4632 1325 4687 ad
1346 4629 1562 4702 longinquiores
1576 4629 1707 4684 ecclesias

103 4718 138 4775 ris
149 4735 254 4793 corpus
267 4722 406 4792 habuisse,
421 4724 472 4779 scd
487 4725 641 4781 divinitatis
657 4727 720 4800 ejus
737 4733 766 4784 et
783 4746 841 4784 car-
887 4731 1028 4803 judicium
1038 4727 1210 4802 generaliter
1220 4726 1357 4798 percurri.
1373 4723 1428 4779 Sed
1442 4727 1545 4778 sanctae
1559 4722 1706 4778 memoriae

103 4829 146 4869 na
165 4818 239 4870 esset
260 4820 372 4887 natura,
386 4822 418 4873 ut
434 4836 523 4873 unum
542 4821 693 4877 [lominum
711 4829 838 4880 nostrum
890 4825 1063 4897 Theophilus
1086 4820 1281 4878 Alexandriam
1304 4817 1427 4874 ecclesiia
1453 4816 1530 4872 urbis
1557 4817 1707 4891 episcopus

103 4924 118 4963 n
143 4911 171 4963 et
192 4909 294 4965 salsum
318 4911 465 4968 hominem
488 4918 517 4969 et
540 4915 630 4970 ileum
655 4916 760 4972 diceret
780 4934 840 4973 esse
890 4937 955 4977 cum
970 4919 1056 4991 hujus
1069 4915 1273 4973 observationis
1283 4929 1373 4969 annos
1384 4916 1499 4968 eentum
1511 4927 1631 4967 numero
1651 4913 1708 4968 col-

103 5001 195 5059 bilem.
215 5002 296 5068 Quod
313 5022 364 5060 nec
379 5006 468 5078 pietas
482 5008 559 5079 fidei,
578 5026 630 5065 nec
650 5010 722 5066 ratio
741 5012 842 5085 recipit
890 5015 1015 5087 legisset,
1030 5009 1242 5085 septuagesimo
1255 5010 1336 5063 sexto
1351 5005 1486 5079 paschale
1502 5005 1608 5062 festum
1620 5006 1706 5078 longe

103 5096 203 5165 menti,
227 5104 258 5153 ut
279 5104 328 5155 ant
351 5101 381 5155 ιιι
401 5118 451 5156 sua
474 5108 576 5158 natura
597 5104 737 5175 passibilis
755 5105 842 5161 luerit
890 5099 1705 5180 aliterquamaliidecrereranttenendumesseconstitnit,

103 5196 183 5258 aaut
198 5191 229 5247 in
241 5195 421 5266 susceptione
437 5197 564 5252 humana
584 5198 703 5255 mentita
718 5199 754 5255 sit
767 5199 839 5255 veri·
891 5203 1017 5277 aprime
1032 5202 1161 5272 augusta
1181 5197 1330 5253 memoriae
1347 5194 1495 5252 Theodosii
1508 5194 1629 5250 senioris
1643 5209 1707 5248 con·

103 5287 165 5354 June
187 5287 393 5344 diabolicorum
414 5306 549 5346 sensnum
575 5293 738 5366 prodigiosa
759 5311 840 5351 com·
891 5300 994 5368 sulatu,
1009 5294 1195 5353 succedentes
1212 5291 1264 5347 sibi
1285 5306 1371 5346 sacrae
1392 5289 1579 5346 observantiae
1593 5286 1707 5342 ordines

103 5398 141 5452 a,
166 5386 263 5436 sancta
290 5399 368 5437 nunc
394 5386 517 5456 synodus
542 5386 711 5443 humilitatis
736 5392 840 5444 nostrae
891 5409 1012 5466 ponens,
1029 5397 1060 5446 ot
1078 5386 1216 5460 longioris
1238 5384 1375 5458 temporis
1387 5383 1458 5440 ratio
1474 5383 1536 5454 ejus
1551 5379 1652 5435 litteris
1664 5380 1704 5433 te·

103 5474 136 5531 tis
166 5475 334 5533 auctoritate
366 5477 475 5534 domini
503 5480 560 5535 mei
585 5480 742 5537 beatissimi
767 5483 841 5538 Petri
891 5484 1153 5556 nereturaseriptn,
1171 5481 1252 5553 cujus
1270 5477 1470 5551 complexionis
1483 5471 1708 5546 septuagesimus

103 5569 155 5639 oli,
172 5574 203 5626 et
223 5572 326 5628 merito
343 5573 482 5630 roboratis
502 5575 635 5646 religiosa
653 5577 841 5634 unanimitate
892 5586 1048 5654 etquartus
1063 5582 1105 5635 est
1115 5592 1223 5643 annus;
1234 5576 1264 5631 in
1278 5591 1334 5646 qua
1347 5570 1438 5644 pridie
1453 5569 1517 5624 ldus
1527 5566 1629 5639 Aprilis
1641 5581 1705 5620 san-

103 5664 204 5721 urtiens
213 5664 405 5723 abominando
419 5669 455 5724 ab
469 5669 593 5725 Ecclesia
606 5670 654 5725 Dei
673 5671 840 5743 amputavit.
893 5678 970 5732 ctum
986 5674 1091 5730 Pascha
1108 5669 1322 5736 celebravimus,
1335 5662 1465 5737 sequenti
1477 5677 1545 5718 vero
1557 5676 1634 5716 anno
1648 5659 1709 5731 pri·

103 5773 189 5814 onim
204 5775 318 5833 quoque
329 5764 552 5821 Alexandrinum
571 5766 601 5821 in
621 5782 672 5821 sua
695 5765 842 5840 impietate
893 5770 940 5827 die
955 5770 1048 5825 Nonas
1055 5766 1159 5840 Aprilis
1169 5758 1417 5834 eadem,propitio
1431 5752 1723 5826 [temeritbabanha

103 5856 248 5922 'flumme
258 5853 307 5910 ill&
317 5857 440 5915 Ecclesia
457 5862 611 5931 quainter
627 5861 688 5937 ipsa
700 5862 843 5938 Evangelii
893 5863 1044 5935 festivitas,
1057 5861 1133 5920 sicut
1149 5858 1325 5933 regulariter
1338 5850 1524 5912 manuarias
1532 5859 1689 5904 annorum
1698 5856 1752 5893 aa·
