3870 6150
120 239 170 298 til
741 241 978 308 baumburch
996 253 1189 313 comneno.
1750 252 1802 314 tlt

119 358 191 417 ctus,
206 349 258 424 qui
275 367 361 424 snper
374 367 461 426 aqnas
473 350 606 426 baptismi
626 355 772 414 salutifero
792 359 938 416 descendit
945 375 977 449 Α
987 364 1064 421 enim
1076 365 1107 420 in
1119 364 1260 437 baptismo
1269 364 1298 422 in
1308 383 1366 440 quo
1375 363 1564 423 resurrexistis
1576 383 1628 439 per
1640 362 1726 423 iidem
1737 383 1804 438 ope·

120 446 234 518 illapsu,
248 447 279 501 in
293 446 374 503 fonte
388 446 630 519 pulchritudinem
638 450 739 507 tribuit
751 453 788 509 ad
803 453 937 511 innocen·
988 459 1107 516 rationis
1125 459 1185 528 uei,
1200 461 1248 533 qui
1268 460 1410 516 suscitavit
1426 461 1507 516 ilium
1520 478 1537 516 a
1549 461 1678 516 mortuis.
1695 463 1729 517 Et
1740 477 1800 527 vos,

120 540 200 605 iiam,
215 540 244 594 in
257 541 476 596 confirmatione
488 547 678 613 augmentum
693 551 807 616 praestat
821 547 857 602 ad
871 563 935 619 gra·
987 571 1054 608 cnm
1076 555 1181 609 mortni
1204 555 1301 609 essetis
1324 557 1353 610 in
1371 556 1480 610 delictis
1503 560 1532 610 et
1553 556 1693 627 praeputio
1708 554 1801 610 carnis

121 635 200 700 bam,
217 633 287 704 quia
301 634 331 689 in
345 634 401 689 hee
419 635 527 691 arundo
549 639 611 691 tota
625 642 708 693 aetate
730 640 845 695 victuris
863 641 938 696 inter
986 651 1099 715 restrae,
1115 648 1322 705 conviviticavit
1336 665 1401 704 cum
1415 649 1473 719 illo,
1489 650 1598 704 donans
1611 649 1690 704 vobis
1704 648 1802 703 omnia

122 727 277 782 invisibiles
302 727 397 783 hostes
419 732 448 783 et
469 729 594 799 pericula
615 732 803 802 gradiendum
825 739 883 802 est,
907 735 937 790 in
987 740 1097 809 delicta,
1112 742 1210 797 delens
1232 742 1311 814 quod
1325 741 1477 798 adversum
1502 760 1550 798 vos
1571 746 1632 798 erat
1654 743 1801 814 chirogra-

122 821 260 894 baptismo
273 837 481 894 fflssfflefflmllr
499 822 536 878 id
557 823 655 892 Vitam,
680 830 744 896 P⁰⁸l
763 826 938 898 baptismum
986 836 1078 906 phum
1090 836 1292 908 decreti,quod
1305 839 1366 891 eret
1379 837 1552 892 contrarium
1565 837 1656 905 nobis,
1669 837 1801 907 etipsum

123 915 326 970 ⁰⁰¹¹fifm³¹¹¹¹¹s
334 915 937 993 fldlflffflssffl·¹¹¹b³l)ffi⁸m0abluimurspost
986 928 1054 984 tulit
1075 928 1225 985 demedio
1249 933 1278 985 et
1300 931 1420 1001 affigens
1441 931 1508 986 illud
1533 931 1621 996 cruci,
1641 929 1800 1001 exspolians

124 1009 298 1080 baptismum
320 1008 500 1075 roboramur,
518 1013 548 1064 at
567 1011 592 1065 si
615 1012 750 1068 continuo
776 1014 936 1070 transituris
986 1021 1160 1093 principatus
1178 1026 1207 1077 et
1225 1027 1388 1094 potestates,
1407 1023 1531 1080 traduxit
1547 1022 1732 1090 confidenter,
1750 1040 1799 1094 pa·

125 1103 938 1174 sumciantregenerationisbeneficia,victurisamenas
986 1115 1043 1169 lam
1056 1115 1239 1186 triumphans
1259 1116 1322 1171 illos
1340 1116 1370 1170 in
1390 1116 1551 1188 semetipso.
1570 1118 1658 1171 Nemo
1671 1132 1740 1187 ergo
1752 1131 1801 1171 vos

124 1195 938 1274 cessanssuntconfirmationisauxilia.Reganeratioper
983 1207 1094 1279 J'ndicet
1112 1208 1141 1262 in
1160 1209 1224 1264 cibo
1254 1212 1283 1265 et
1302 1213 1382 1282 potu,
1396 1215 1444 1265 ant
1458 1211 1488 1265 in
1503 1213 1583 1282 parta
1596 1209 1738 1275 dieilesti,
1752 1211 1803 1263 aut

126 1291 245 1345 esalrat
252 1306 320 1345 mox
328 1289 357 1345 in
368 1306 437 1361 pace
445 1290 524 1346 beati
535 1291 632 1347 sacculi
638 1291 826 1364 recipiendos,
836 1294 937 1349 contir-
986 1301 1156 1369 neomeniae,
1176 1307 1226 1359 aut
1243 1302 1437 1373 sabbatorum,
1454 1320 1518 1375 quae
1531 1307 1599 1359 sunt
1613 1303 1715 1358 umbra
1728 1303 1802 1358 futu·

125 1384 413 1439 matioantemarmat
423 1384 575 1440 etinstruit
583 1385 619 1440 ad
630 1401 736 1457 agones
746 1386 938 1459 mundihnjus
986 1406 1098 1458 rorum,
1119 1407 1221 1463 corpus
1241 1397 1338 1448 autem
1358 1393 1473 1450 Christi.
1496 1394 1585 1448 Nemo
1606 1409 1654 1448 vos
1671 1392 1801 1459 seducat,

126 1476 937 1553 etpraeliareservandcs.0uiautampostbaptismumcum
986 1480 1291 1538 volensinhumilitate
1301 1485 1330 1537 et
1339 1482 1479 1554 religione
1487 1483 1657 1552 angelorum
1668 1499 1732 1555 quac
1742 1498 1802 1537 non

125 1570 260 1643 acquisita
275 1569 440 1626 innocentia
456 1570 658 1627 immaculatus
674 1573 803 1644 pervenit
815 1574 852 1629 ad
863 1590 938 1631 mor·
986 1572 1067 1641 vidit,
1079 1574 1229 1631 ambulans
1249 1575 1363 1645 trustra,
1385 1575 1500 1632 inflatus
1521 1592 1606 1632 sensu
1623 1575 1717 1631 carnis
1730 1591 1800 1639 suae,

125 1671 177 1719 tem
189 1664 381 1720 confirmetur
390 1663 938 1741 morte,quianonpotestpecrarepost
986 1669 1016 1722 et
1037 1684 1097 1724 non
1124 1671 1226 1725 terrem
1251 1675 1336 1741 caput
1360 1685 1396 1726 ex
1423 1687 1480 1742 quo
1505 1674 1599 1726 totum
1620 1687 1723 1742 corpus
1750 1685 1803 1741 per

124 1751 975 1834 nortem.ilicsiiorteilludetiamrequirerevelimus,pestB
987 1777 1103 1831 nexum,
1121 1767 1150 1817 et
1163 1762 1395 1834 conjunctionem
1416 1763 1662 1819 subministratum
1683 1768 1712 1818 et
1731 1778 1801 1817 con·

125 1852 286 1924 passionem
299 1857 328 1906 et
340 1851 577 1908 resurrectionem
590 1853 704 1922 Christi,
721 1855 791 1926 quid
803 1856 939 1928 apostolis
988 1857 1127 1911 structum
1140 1856 1240 1911 erescit
1252 1857 1282 1910 in
1295 1861 1485 1928 augmentum
1494 1857 1571 1913 tidei.
1583 1857 1611 1913 Si
1622 1856 1727 1912 mortui
1734 1856 1801 1911 estis

124 1949 262 2022 profuerit
275 1949 416 2004 adventus
427 1947 549 2020 Spiritus
561 1951 661 2021 sancti,
673 1952 735 2024 ipse
744 1953 886 2009 Dominus
897 1954 939 2009 eis
988 1965 1054 2005 cum
1065 1949 1175 2005 Christo
1189 1949 1224 2004 ab
1239 1950 1387 2006 elementis
1400 1949 1484 2020 hujus
1500 1950 1610 2019 mundi,
1627 1949 1697 2023 quid
1708 1950 1801 2005 adhuc

123 2042 269 2099 evidenter
282 2042 409 2115 exponit.
425 2063 440 2093 a
449 2042 518 2106 Quae
531 2042 605 2112 dice,
613 2044 717 2117 inquit,
725 2046 805 2101 robis
815 2063 873 2102 non
884 2064 937 2118 pe·
988 2046 1124 2114 tauquam
1136 2042 1261 2099 viventes
1270 2042 1300 2099 in
1312 2044 1421 2099 mundo
1429 2042 1802 2114 decernitisiNetetigeritis

123 2137 359 2208 testiseaportare
366 2135 535 2203 modo,cum
543 2141 640 2192 autom
646 2139 755 2194 venerit
762 2139 810 2195 ille
818 2140 939 2211 Spiritus
987 2153 1082 2208 neque
1098 2137 1284 2208 gustaveritis,
1301 2153 1393 2209 neque
1407 2136 1645 2193 contrectaveritis
1658 2151 1723 2208 qua
1737 2137 1803 2191 sunt

123 2229 259 2299 tentatis,
275 2229 337 2301 ipse
351 2229 463 2286 docebit
478 2245 597 2286 omnem
613 2231 763 2288 veritatem
777 2233 865 2304 (loca.
879 2251 936 2303 xvi,
987 2230 1084 2285 omnia
1096 2230 1127 2285 in
1141 2230 1259 2286 interitu
1280 2231 1342 2303 ipso
1364 2248 1416 2287 usu
1438 2230 1597 2287 seeundum
1617 2233 1760 2304 precepta
1774 2234 1803 2286 et

125 2328 191 2379 ttet
206 2323 283 2393 litt»
307 2322 390 2378 Vides
402 2323 468 2395 quia
485 2340 550 2379 curu
564 2324 685 2396 Spiritus
706 2331 822 2383 sanctus
840 2328 936 2384 iniun-
988 2323 1130 2380 doctrinas
1157 2324 1318 2393 hominum,
1344 2342 1409 2397 quas
1434 2329 1501 2381 sunt
1525 2325 1669 2381 rationem
1687 2323 1802 2397 quidem
1898 2350 1902 2357 ·

124 2417 206 2484 ditur,
218 2432 271 2472 cor
281 2414 366 2472 fidele
378 2416 415 2470 ad
427 2416 609 2486 prudentiam
623 2421 653 2472 et
665 2421 852 2476 constantiam
867 2421 936 2478 dila·
988 2417 1123 2474 habentia
1135 2417 1280 2490 sapientis
1292 2418 1322 2473 in
1335 2419 1537 2490 superstitione
1551 2424 1580 2476 et
1593 2419 1762 2488 humilitate,
1774 2423 1804 2474 et

124 2514 206 2566 tatur.
214 2512 387 2582 ltaqneante
397 2510 612 2566 descensionem
621 2512 741 2584 Spiritus
752 2514 939 2588 sanctiusque
988 2529 1047 2566 nou
1061 2512 1098 2567 ad
1111 2513 1287 2583 parcendum
1296 2512 1420 2583 corpori,
1430 2529 1488 2569 non
1503 2513 1532 2568 in
1544 2513 1652 2568 honore
1662 2512 1758 2584 aliquo
1767 2512 1803 2567 ad

125 2605 155 2658 ad
167 2602 354 2675 negationem
370 2604 491 2674 apostoli
511 2605 701 2676 deterrentur,
721 2613 786 2679 post
800 2608 937 2665 visitatio·
987 2605 1167 2661 saturitatem
1195 2605 1296 2660 carnis.
1323 2605 1422 2676 Igitur,
1449 2606 1473 2661 si
1494 2605 1710 2661 consurrexistis
1736 2621 1802 2660 cum

126 2715 187 2752 uem
199 2713 270 2753 sero
283 2698 347 2768 ejus
362 2714 451 2769 usque
471 2697 506 2752 ad
523 2699 693 2770 martyrium
714 2704 880 2774 contemptu
894 2720 936 2758 sa-
986 2698 1108 2766 Christo,
1124 2715 1187 2770 quae
1201 2700 1395 2754 sursumsunt
1412 2698 1541 2771 quaerite,
1557 2698 1606 2754 nbi
1619 2699 1747 2754 Christus
1759 2702 1803 2754 est

126 2791 185 2847 lutis
196 2791 522 2859 armantur,secundum
532 2792 585 2847 hoc
598 2809 650 2864 per
661 2793 805 2851 Christum
817 2797 937 2852 redimi-
988 2792 1017 2847 in
1031 2793 1149 2848 dextera
1161 2792 1209 2848 [lei
1222 2793 1332 2860 sedens,
1347 2808 1411 2864 qua
1426 2809 1540 2848 sursum
1555 2798 1622 2847 sunt
1636 2792 1801 2863 capitanea

127 2902 255 2958 mur,per
261 2885 401 2956 Spiritum
408 2901 475 2940 vero
481 2887 691 2943 sanctumdono
702 2888 850 2960 sapientiae
858 2890 939 2962 spiri·
987 2903 1051 2959 quae
1065 2902 1150 2958 super
1167 2890 1284 2942 terram.
1299 2886 1401 2942 llortui
1414 2886 1492 2943 enim
1508 2885 1584 2952 estis,
1598 2891 1627 2941 et
1638 2886 1696 2941 vita
1708 2889 1804 2941 vestra

128 2979 203 3033 malis
217 2977 430 3046 illuminamur,
443 2978 630 3050 aedificamur,
644 2980 804 3048 erudimur,
818 2982 937 3038 instrui·
987 2980 1153 3035 abscondita
1167 2985 1210 3035 est
1228 2997 1293 3035 cum
1315 2981 1426 3036 Christo
1449 2981 1477 3035 in
1498 2980 1567 3035 Deo.
1588 2980 1659 3035 Cum
1676 2979 1804 3034 Christus

130 3089 196 3141 mur,
213 3087 458 3140 consummamur,
469 3076 499 3127 ut
511 3071 590 3127 illam
605 3075 694 3129 sancti
708 3074 830 3147 Spiritus
838 3092 937 3132 vocem
986 3073 1151 3146 apperuerit
1163 3075 1221 3129 vita
1234 3077 1335 3141 restra,
1355 3079 1423 3130 tunc
1444 3079 1473 3129 et
1490 3090 1538 3129 vos
1551 3073 1723 3145 apparebitis
1736 3089 1802 3128 cnm

129 3165 379 3236 audirepossimus.
398 3185 412 3214 «
429 3165 609 3221 intellectum
621 3167 789 3224 tibidaboel
799 3121 975 3225 instruamC
988 3168 1049 3240 ipso
1062 3168 1092 3223 in
1105 3166 1209 3239 gloria.
1221 3168 1386 3224 llcrtificate
1400 3184 1469 3241 ergo
1481 3168 1724 3236 membravestra,
1737 3183 1803 3239 quae

131 3264 155 3312 te
173 3260 201 3313 in
224 3259 270 3313 ria
295 3259 347 3313 hac
368 3274 426 3330 qua
446 3259 583 3331 gradieris
605 3260 685 3330 (Paul.
708 3278 780 3332 xxxi,
805 3265 840 3335 8).
862 3285 876 3313 »
898 3266 938 3320 Ι)ε
988 3265 1055 3317 sunt
1079 3266 1304 3333 superterram,
1328 3263 1559 3330 fornicationem,
1578 3261 1801 3327 immunditiam,

132 3352 227 3423 Spiritu
247 3357 345 3407 saneto
365 3351 530 3423 accipimus,
547 3358 579 3409 ut
593 3354 752 3426 spirituales
767 3357 936 3427 efficiemur,
986 3355 1145 3422 libidinem,
1160 3356 1415 3428 concupiscentiam
1428 3357 1572 3411 malamet
1582 3355 1803 3425 avaritiamque.

133 3447 212 3516 quia«
223 3445 357 3501 animalis
371 3445 459 3501 homo
473 3463 532 3502 non
543 3448 663 3519 percipit
677 3465 709 3503 ea
723 3465 780 3519 qua
794 3454 861 3505 sunt
873 3451 936 3523 Spi·
988 3451 1030 3504 est
1049 3449 1268 3504 simulacrorum
1288 3450 1415 3518 servitus,
1431 3455 1548 3521 propter
1570 3465 1635 3520 quae
1658 3448 1737 3503 venit
1750 3446 1803 3502 'ira

134 3540 194 3593 ritus
209 3539 261 3595 uei
278 3539 306 3611 (l
318 3541 378 3598 Cer.
398 3556 429 3607 u,
453 3541 505 3611 ll).
527 3561 541 3590 »
564 3542 603 3596 lle
618 3541 723 3613 Spiritu
746 3548 843 3599 sancto
865 3545 937 3599 aeci·
987 3542 1163 3597 Deiinlrlios
1172 3542 1387 3599 incredulitatis.
1397 3545 1428 3598 lu
1437 3540 1803 3615 quibusetvosambulastis

136 3633 227 3702 pimus,
241 3636 275 3688 ut
287 3632 432 3703 sapiamus
445 3633 520 3688 inter
531 3633 640 3690 bonum
655 3636 820 3707 malumque
836 3637 939 3693 discer-
988 3636 1143 3707 aliqnando
1156 3652 1222 3691 cum
1234 3637 1363 3692 viveretis
1377 3653 1442 3693 cum
1455 3637 1521 3692 illis.
1543 3637 1622 3692 Nunc
1642 3641 1738 3692 autem
1752 3635 1802 3691 de·

138 3742 203 3793 nere,
217 3727 294 3797 justa
312 3725 442 3798 diligere,
454 3726 559 3797 injusta
572 3744 718 3799 respuere,
729 3734 762 3783 ut
774 3730 891 3786 malitia
906 3748 939 3786 ae
986 3730 1084 3802 ponite
1102 3746 1151 3785 vos
1164 3746 1281 3785 omnem
1294 3730 1380 3800 iram,
1395 3730 1636 3801 indignationem,
1651 3728 1801 3795 malitiam,

140 3819 263 3889 superbiae
275 3836 480 3892 repugnemus,
491 3823 524 3875 ut
537 3821 659 3876 luxuriae
671 3838 703 3876 ae
713 3822 831 3878 diversis
840 3824 937 3880 illece-
986 3823 1206 3895 blasphemiam,
1235 3826 1348 3895 turpem
1371 3839 1532 3879 sermonem
1560 3824 1595 3879 de
1622 3838 1671 3878 ore
1697 3826 1801 3877 vestro.

140 3910 185 3967 bris
204 3919 231 3969 et
252 3913 335 3969 foedis
349 3912 533 3985 indignisque
547 3914 747 3986 cupiditatibus
762 3917 937 3973 resistamus.
989 3917 1077 3972 Nolite
1098 3916 1214 3971 mentiri
1239 3917 1371 3985 invicem,
1392 3916 1580 3989 exspoliantes
1601 3932 1652 3970 ros
1677 3916 1801 3972 veterem

144 4004 172 4059 lle
185 4007 287 4079 Spiritu
311 4010 410 4062 sancto
432 4007 586 4079 accipimus
609 4008 674 4064 vitre
694 4026 822 4066 amorem
834 4015 863 4068 et
877 4013 937 4084 glo·
988 4011 1134 4067 hominem
1155 4026 1222 4065 cum
1243 4011 1351 4066 actibus
1375 4011 1442 4081 suis,
1466 4015 1495 4066 et
1514 4010 1665 4066 induentes
1686 4025 1802 4077 novum,

146 4100 181 4154 rie
194 4102 332 4167 ardorem,
342 4104 377 4156 ut
389 4101 517 4157 succensi
530 4101 664 4158 divinitus
672 4102 782 4175 erigere
792 4122 809 4159 a
818 4107 939 4161 terrenis
989 4121 1056 4160 eum
1065 4105 1114 4176 qui
1123 4107 1274 4160 renovatur
1284 4105 1312 4159 in
1321 4105 1470 4177 agnitione
1480 4104 1636 4161 secundum
1647 4104 1804 4176 imaginem

148 4198 250 4250 nanum
269 4195 307 4249 ad
329 4210 453 4266 superna
468 4198 497 4250 et
510 4194 606 4250 divina
625 4197 780 4254 valeamus.
796 4199 940 4270 lejunium
989 4197 1110 4270 ejusqui
1126 4199 1232 4254 creavit
1248 4215 1328 4268 euru,
1344 4198 1394 4254 ubi
1413 4216 1471 4255 non
1493 4203 1535 4254 est
1553 4199 1677 4266 luduus,
1691 4199 1719 4254 et
1732 4213 1803 4269 gen·

149 4300 199 4356 ergo
214 4287 352 4344 dominici
366 4287 420 4344 diei
435 4293 464 4344 et
476 4289 584 4361 quinta
598 4290 677 4346 leriae
695 4307 780 4346 nemo
798 4292 939 4349 celebrare
989 4291 1046 4347 tilis
1065 4292 1252 4362 circumcisio,
1273 4296 1302 4347 et
1323 4293 1506 4365 preputium,
1529 4292 1667 4348 barbarus
1690 4291 1803 4362 Scytha,

151 4376 222 4449 debet,
230 4388 259 4438 ut
268 4384 345 4437 inter
349 4382 494 4454 jejunium
510 4383 735 4439 Christianorum
748 4388 777 4440 et
789 4386 940 4457 gentilium
990 4402 1085 4440 servus
1099 4388 1128 4441 et
1139 4384 1220 4456 liber,
1236 4385 1287 4440 sed
1303 4385 1401 4441 omnia
1415 4386 1446 4441 in
1457 4386 1591 4441 omnibus
1606 4385 1742 4441 Christus.
1758 4387 1803 4439 ln·

151 4476 261 4531 veraciter
284 4475 462 4532 credentium
486 4480 572 4549 etque
595 4477 753 4534 infidelium
778 4483 806 4535 et
823 4480 938 4535 haereti·
949 4479 1068 4568 Dduite
1088 4494 1157 4550 ergo
1180 4495 1239 4547 vos,
1264 4480 1334 4535 sicut
1354 4479 1438 4535 electi
1460 4480 1520 4547 liei,
1541 4479 1630 4534 sancti
1649 4482 1679 4533 et
1697 4477 1804 4548 dilecti,

152 4580 223 4624 aarum
242 4586 310 4625 rora
327 4572 355 4624 et
377 4586 436 4624 non
460 4569 530 4625 falsa
551 4570 681 4627 discretio
699 4572 847 4642 habeatur,
865 4575 940 4629 unde
989 4572 1096 4627 viscera
1119 4570 1330 4641 misericordiae,
1355 4572 1573 4644 benignitatem,
1601 4569 1803 4640 bumilitatem,

152 4660 260 4732 scriptum
274 4666 334 4718 est:
346 4663 436 4728 «Quae
451 4679 515 4735 pars
532 4663 636 4719 Christi
645 4665 681 4720 ad
692 4665 778 4721 Belial
789 4666 802 4721 i
813 4671 863 4722 aut
875 4684 940 4739 qnae
990 4665 1168 4736 modestiam,
1194 4665 1375 4736 patientiam,
1397 4669 1598 4738 supportantes
1620 4663 1752 4734 invicem,
1776 4667 1806 4720 et

151 4766 196 4819 pars
206 4756 280 4813 fideli
296 4773 364 4811 cum
386 4755 516 4813 infideli?
535 4758 603 4822 Quae
624 4761 675 4813 aut
693 4760 872 4832 participatio
889 4762 939 4833 ju·
991 4759 1129 4815 donantes
1154 4758 1370 4830 vobismetipsis,
1394 4759 1416 4813 si
1439 4758 1503 4829 quis
1526 4757 1662 4813 adversus
1682 4758 1805 4829 aliquem

149 4846 209 4906 Slitia
221 4867 287 4906 cum
300 4850 496 4923 iniquitate‘l»
517 4849 557 4922 (ll
567 4853 626 4910 Cor.
640 4868 678 4921 m,
699 4851 752 4925 ¹5.)
765 4855 798 4909 Et
811 4854 938 4911 iterum:
990 4851 1075 4907 habet
1096 4853 1253 4924 querelam.
1277 4851 1356 4907 Sicut
1376 4854 1406 4906 et
1428 4851 1555 4908 Christus
1582 4852 1697 4907 donarit
1716 4851 1805 4919 vobis,

149 4941 243 5001 *Nolite
250 4945 356 5017 jugum
369 4944 473 4999 ducere
492 4960 557 4999 oum
578 4944 740 5001 infidelibus
758 4947 837 5016 (lbid.
854 4950 907 5018 14).
923 4970 938 4999 »
990 4946 1072 5001 itaet
1086 4962 1145 5002 vos.
1160 4948 1250 5017 Super
1263 4948 1361 5002 eutem
1373 4944 1469 5000 omnia
1481 4945 1554 5013 brec,
1569 4944 1738 5001 charitatem
1752 4945 1804 5000 ha-

148 5036 197 5093 tlle
216 5042 330 5104 caetero,
351 5038 463 5107 iratres,
487 5037 581 5094 videte
602 5055 639 5094 ne
661 5039 724 5112 quis
749 5056 798 5094 vos
819 5041 941 5113 decipiat
990 5039 1098 5106 bentes,
1107 5040 1185 5111 quod
1198 5044 1241 5096 est
1252 5038 1397 5095 vinculum
1414 5038 1605 5111 perfectionis.
1616 5040 1652 5095 Et
1661 5057 1717 5112 pax
1729 5038 1807 5095 Chri-

147 5124 254 5188 umbus
270 5132 372 5201 serbis,
383 5147 478 5204 neque
492 5148 544 5204 per
561 5132 772 5204 philosophiam
784 5139 813 5190 et
825 5134 940 5191 inanem
990 5133 1026 5188 sti
1040 5132 1134 5204 vigeat
1146 5133 1178 5188 in
1195 5133 1329 5188 cordibus
1347 5132 1458 5202 vestris,
1477 5132 1507 5188 in
1520 5150 1576 5206 qua
1588 5137 1617 5190 et
1628 5133 1720 5189 vocati
1740 5132 1807 5187 estis

144 5219 940 5295 idlaciamsecundumtraditionemhominum,sccundum
990 5225 1019 5281 in
1034 5241 1092 5282 uno
1105 5242 1233 5299 corpore,
1249 5231 1278 5283 et
1290 5226 1363 5298 greti
1383 5230 1483 5284 estote.
1499 5227 1622 5283 Verbum
1633 5227 1685 5282 liei
1699 5225 1808 5282 habitet

143 5310 190 5391 56
201 5320 343 5376 elementa
359 5318 473 5387 mundi,
489 5323 517 5374 et
531 5335 590 5374 uon
608 5320 766 5375 secundum
785 5321 939 5390 Christum,
990 5319 1021 5375 in
1035 5319 1115 5377 robis
1127 5320 1307 5376 abundanter
1319 5321 1350 5376 in
1363 5321 1441 5376 omni
1463 5321 1613 5394 sapientia,
1634 5319 1766 5374 docentes
1778 5319 1808 5372 et

134 5412 231 5489 ‚amin
245 5413 357 5468 Christo
377 5412 488 5468 habitat
506 5411 600 5469 omnis
618 5412 767 5484 plenitudo
787 5413 941 5471 divinitatis
990 5419 1204 5471 commonentes
1226 5416 1411 5486 vosmetipsos
1431 5415 1556 5487 psalmis,
1572 5413 1686 5485 hymnis
1698 5414 1727 5466 et
1738 5426 1805 5465 ean-

139 5507 316 5578 turporaliter,
340 5510 370 5562 et
390 5507 456 5562 estis
478 5506 508 5562 in
530 5507 578 5562 illo
599 5506 714 5579 repleti,
729 5508 777 5579 qui
797 5511 840 5563 est
856 5512 941 5581 caput
990 5509 1053 5565 ticis
1067 5508 1271 5582 spiritualibus,
1298 5507 1328 5563 in
1350 5508 1443 5580 gratia
1462 5511 1607 5564 cantantes
1620 5506 1651 5561 in
1672 5503 1807 5560 cordibus
1914 5500 1917 5505 ’

138 5601 215 5656 annis
226 5600 403 5674 principatus
417 5603 446 5656 et
456 5600 613 5673 potestatis,
627 5599 657 5657 in
671 5617 727 5673 que
740 5605 769 5657 et
783 5600 941 5658 circumcisi
989 5603 1091 5659 vestris
1105 5604 1173 5659 lieo.
1189 5602 1281 5659 Omne
1300 5601 1490 5674 quodcunque
1511 5600 1602 5658 tacitis
1614 5598 1645 5654 in
1659 5596 1744 5655 verbo
1757 5601 1807 5655 aut

136 5694 201 5762 estis,
214 5694 431 5752 circumcisione
445 5711 502 5750 non
515 5695 679 5751 manufacta
689 5695 720 5750 in
735 5696 941 5770 exspoliatione
990 5697 1128 5769 inopere,
1143 5697 1243 5754 onmia
1252 5695 1281 5751 in
1295 5695 1412 5751 nomine
1427 5693 1538 5749 Domini
1552 5692 1642 5749 nostri
1652 5693 1718 5750 Jesn
1729 5693 1807 5750 Chri-

135 5789 250 5860 corporis
263 5789 365 5862 aaran,
380 5788 636 5848 incircumcisione
653 5788 768 5860 Christi,
784 5791 940 5864 consepulti
991 5791 1026 5850 sti
1040 5790 1135 5864 tacite,
1158 5791 1265 5866 gratias
1288 5792 1409 5864 agentes
1426 5788 1490 5844 bec
1509 5787 1640 5847 athath
1650 5802 1707 5860 par
1722 5787 1833 5858 'ipsam
1873 5798 1880 5803 ·
