3870 6150
56 281 107 333 ast
494 308 497 315 ι
691 272 928 334 bncnnnmulf
946 271 1137 334 cuttucrlu.
1692 280 1743 337 862

56 389 155 439 ovium
166 383 341 454 subintrant,
351 382 510 467 bestiarum
524 384 631 439 sevitia
641 384 783 455 simplices
794 401 878 456 quos·
888 398 917 471 Α
927 386 984 441 sive
1006 384 1129 452 diaconi,
1144 383 1202 439 sive
1226 385 1364 457 cujusque
1389 385 1498 441 ordinis
1517 385 1621 452 clerici,
1637 386 1688 457 qui
1707 387 1743 442 dc

56 495 114 550 que
139 478 303 545 dilacerent,
325 494 381 533 non
408 479 500 533 solum
521 478 575 549 ipsi
599 479 678 533 nulla
702 478 878 534 correctione
928 479 1149 550 Pelagianorum
1163 478 1453 551 Coelestianorumque
1466 480 1610 535 consortio
1625 480 1655 535 in
1668 496 1744 536 com·

55 572 219 645 proficiant,
234 570 282 626 sed
294 571 382 626 etiam
397 587 505 643 eaquae
517 576 584 627 sunt
598 590 665 627 sana
680 576 877 644 corrumpant.
928 572 1095 628 munionem
1109 572 1277 628 catholicam
1295 589 1327 628 ea
1344 573 1536 644 imprudentia
1551 578 1618 628 sunt
1635 591 1742 645 pracce-

53 666 139 731 Ouud
176 682 213 720 ne
249 665 365 736 viperea
401 666 491 737 possit
527 666 658 722 obtinere
691 667 812 734 fallacia,
843 666 877 721 ad
928 667 970 739 pti
983 669 1015 721 ut
1029 683 1089 721 non
1102 666 1183 738 prius
1197 666 1232 721 ad
1244 667 1457 722 damnationem
1471 670 1683 723 coarctarentur
1696 685 1741 724 er-

55 759 313 830 metropolitanum
328 759 493 830 episcopum
507 759 660 831 provincias
675 760 799 815 Venetire
809 759 876 815 scri·
928 760 1010 830 roris,
1027 777 1103 815 nnnc
1116 761 1216 815 saltem
1232 765 1415 832 posteaquam
1429 761 1584 832 hypocrisis
1595 778 1695 817 eorum
1710 780 1742 817 ex

55 856 107 925 pta
129 852 287 907 direximus
309 851 412 923 quibus
432 852 467 907 ad
491 856 579 908 status
595 853 638 908 sui
660 853 878 925 periculumcu-
929 854 1054 927 quadam
1064 854 1745 928 partedetegitur,advemmcorroctioncm,qua
1807 851 1812 860 ’

56 948 212 1018 gnosceret
226 945 382 1017 pertinere,
396 946 420 1000 si
440 947 593 1018 quisquam
608 947 643 1002 de
657 946 879 1018 Pelagianorum
929 948 1039 1019 stipsis
1056 949 1192 1018 prodesse
1207 950 1237 1002 et
1249 947 1334 1002 nullis
1353 948 1440 1018 possit
1455 964 1569 1018 nocere,
1587 953 1742 1021 rogantum

56 1039 330 1095 etCoelestiauorum
346 1039 488 1095 consortio
503 1040 621 1095 veniens
634 1040 664 1095 in
678 1040 880 1096 commuuione
930 1042 1069 1097 damnent
1079 1042 1185 1112 apertis
1202 1041 1426 1113 professionibus
1447 1042 1491 1096 sui
1511 1043 1624 1114 superbi
1639 1044 1743 1099 erroris

53 1133 201 1189 catholica
224 1133 284 1188 sinc
310 1133 486 1203 professione
513 1134 649 1205 legitimae
681 1134 880 1189 satisfactionis
929 1139 1070 1203 auctores,
1085 1139 1114 1189 et
1127 1134 1267 1206 quidquid
1280 1135 1309 1189 in
1323 1134 1452 1190 doctrina
1465 1151 1565 1190 eorum
1576 1135 1744 1192 universalis

55 1227 213 1283 habeatur.
242 1226 469 1282 saluberrimum
494 1228 572 1282 eninr
595 1231 647 1296 est,
674 1233 703 1284 et
726 1227 880 1300 spiritualis
929 1228 1054 1283 Ecclesia
1071 1229 1235 1295 exhorruit,
1252 1229 1436 1297 detestentur,
1459 1229 1613 1300 omniaque
1633 1230 1745 1286 decreta

53 1320 213 1376 medicinae
226 1320 349 1376 utilitate
360 1320 570 1392 plenissimum,
587 1324 619 1375 ut
633 1322 691 1376 sive
712 1321 878 1393 presbyteri,
929 1321 1076 1393 synodalia
1095 1339 1159 1393 quae
1176 1322 1211 1377 ad
1230 1322 1400 1378 excisionem
1421 1323 1559 1378 haereseos
1584 1323 1746 1394 apostolica·

53 1415 117 1469 sire
139 1413 263 1482 diaconi,
278 1413 335 1469 sive
348 1414 396 1469 alii
411 1414 562 1485 cujuslibet
583 1414 691 1470 ordinis
714 1414 807 1469 clerici
830 1413 880 1484 qui
930 1415 1009 1472 Sedis
1033 1416 1213 1471 confirmavit
1227 1417 1377 1472 auctoritas
1397 1417 1532 1488 amplecti
1544 1433 1583 1486 se,
1600 1418 1670 1472 etin
1684 1433 1744 1474 um-

54 1525 89 1563 se
105 1510 252 1563 correctos
271 1507 360 1563 videri
380 1509 487 1575 volunt,
504 1524 629 1563 errorem
649 1525 732 1563 suum
752 1511 782 1563 et
804 1508 880 1580 ipsos
931 1510 1015 1565 nibus
1027 1510 1186 1582 approhare
1200 1509 1293 1581 plenis
1307 1513 1336 1564 et
1359 1510 1464 1580 apertis
1477 1527 1508 1564 ac
1527 1511 1643 1582 propria
1660 1527 1746 1567 manu

54 1602 167 1657 erroris
199 1607 331 1657 auctores
360 1601 528 1657 damnaria
556 1619 585 1657 se
610 1602 669 1657 sine
695 1601 880 1673 ambiguitate
930 1602 1093 1674 subscriptis
1104 1603 1356 1675 protestationibus
1368 1604 1548 1675 eloquantur.
1563 1603 1638 1659 Nihil
1648 1605 1677 1660 in
1689 1623 1747 1662 ver·

53 1697 215 1763 fateantur,
230 1700 262 1751 ut
280 1695 407 1751 sensibus
430 1696 523 1767 pravis
543 1699 571 1750 et
587 1696 697 1751 dudum
722 1696 880 1767 peremptis
929 1696 973 1751 bis
992 1713 1093 1752 eorum
1114 1697 1277 1762 obscurum,
1293 1696 1363 1751 nihil
1385 1696 1546 1752 inveniatur
1567 1697 1744 1770 ambiguum.

57 1789 144 1845 nulla
158 1789 293 1861 sperandi
306 1789 429 1861 supersit
441 1791 563 1860 eccesie,
573 1807 609 1845 ne
620 1791 709 1845 ullum
719 1789 883 1845 membrum
894 1780 922 1852 B
932 1790 1073 1855 Quoniam
1095 1790 1226 1846 novimus
1241 1790 1313 1845 hanc
1329 1791 1448 1845 istorum
1462 1807 1522 1845 esse
1537 1793 1699 1859 versutiam,
1716 1798 1748 1848 ut

56 1883 193 1940 Ecclesiae
219 1883 320 1938 talium
344 1882 433 1954 possit
460 1883 592 1940 societate
619 1884 725 1950 violari,
741 1900 807 1939 cum
830 1899 882 1954 per
931 1884 1142 1957 inquacunque
1156 1885 1293 1955 particula
1306 1884 1448 1957 dogmatis
1460 1884 1637 1952 exsecrandi,
1651 1903 1745 1958 quase

57 1978 162 2033 omnia
183 1978 238 2032 illis
250 1977 387 2049 professio
408 1977 521 2050 propria
536 1978 651 2048 caeperit
663 1977 786 2032 obviare.
801 1976 882 2032 uires
930 1978 1161 2033 adamnatorum
1177 1978 1311 2033 societate
1326 1977 1521 2045 discreverint,
1535 1977 1606 2033 nihil
1621 1978 1673 2033 sibi
1686 1997 1748 2035 sen-

57 2088 135 2143 quos
149 2071 325 2127 etiamillam
338 2087 481 2126 canonum
496 2071 729 2127 constitutionem
754 2069 882 2143 praecipi·
931 2087 1015 2126 suum
1036 2089 1153 2127 suorum
1174 2071 1317 2128 aestiment
1336 2088 1472 2127 essenon
1487 2072 1604 2128 salvum.
1619 2075 1746 2146 Cumque

57 2181 128 2220 mus
150 2164 295 2233 custodiri,
312 2181 348 2220 ne
363 2165 398 2220 ab
413 2165 457 2220 his
480 2165 603 2220 ecclesiis
625 2166 660 2219 ad
680 2181 751 2235 quas
765 2163 881 2236 proprie
931 2182 1029 2221 omnes
1051 2166 1236 2221 diffinitiones
1261 2182 1326 2221 suas
1338 2166 1376 2220 ad
1389 2171 1500 2222 tantam
1519 2165 1681 2223 facilitatem
1695 2168 1748 2223 irn-

58 2259 210 2331 pertiuent
222 2259 353 2313 sinantur
368 2259 529 2329 abscedere,
542 2262 571 2313 et
585 2276 637 2330 pro
652 2275 702 2313 suo
717 2257 835 2313 arbitrio
845 2256 881 2312 ad
931 2260 1054 2331 probare
1069 2277 1098 2315 se
1112 2259 1257 2328 simulent,
1274 2262 1360 2331 atque
1379 2260 1533 2330 deponere,
1547 2261 1601 2316 hoc
1619 2260 1671 2316 sibi
1686 2266 1746 2317 tota

58 2353 123 2407 loca
134 2352 188 2407 sibi
200 2369 259 2407 non
272 2352 406 2425 deputata
420 2353 550 2408 transire.
560 2352 641 2417 Quod
656 2369 722 2408 curn
735 2357 811 2408 recte
823 2368 882 2407 non
931 2358 992 2408 arte
1014 2352 1142 2422 fallendi,
1157 2352 1210 2407 nisi
1232 2352 1421 2424 intelligatur,
1435 2353 1591 2424 excipiunt,
1605 2359 1638 2410 ut
1657 2355 1748 2426 gretia

58 2446 243 2519 permittitur
266 2447 425 2518 inculpatis,
451 2448 542 2502 multo
570 2447 668 2501 rninus
688 2446 774 2501 debet
796 2446 881 2501 licere
932 2447 980 2501 uei
995 2446 1152 2502 secundum
1176 2446 1280 2501 marita
1299 2446 1359 2500 dari
1378 2447 1578 2518 accipientium
1598 2449 1745 2504 sentiatur.

59 2540 209 2612 suspectis.
224 2539 345 2596 Proinde
359 2540 472 2597 dilectio
482 2544 544 2609 tua,
558 2541 637 2613 cujus
650 2539 800 2595 devotione
815 2556 882 2611 gau·
932 2540 1001 2605 Quae
1022 2540 1077 2595 nisi
1100 2540 1187 2611 gratis
1212 2540 1305 2608 datur,
1321 2556 1379 2595 nou
1399 2543 1441 2595 est
1461 2541 1560 2612 gratia,
1574 2541 1624 2597 sed
1638 2558 1747 2598 merces

59 2635 176 2704 demus,
187 2634 291 2705 jungat
304 2650 404 2689 euram
420 2651 502 2689 suam
514 2633 747 2706 dispositionibus
765 2633 880 2702 nostris,
931 2634 1138 2706 retributioque
1160 2634 1341 2700 meritorum,
1354 2633 1466 2689 dicente
1483 2634 1567 2689 beato
1587 2637 1721 2706 Apostolo
1738 2653 1745 2692 ι

60 2732 180 2782 etcum
203 2727 366 2799 supradicto
397 2728 617 2799 metropolitano
642 2726 690 2782 det
712 2743 830 2799 operam
852 2731 883 2782 ut
933 2751 947 2778 «
963 2729 1057 2784 Gratia
1071 2728 1138 2783 salvi
1158 2728 1224 2783 facti
1243 2729 1309 2783 estis
1325 2745 1377 2794 per
1394 2727 1490 2796 fidem,
1506 2728 1562 2784 hoc
1576 2745 1632 2784 nou
1651 2747 1684 2784 ex
1698 2747 1745 2787 vo·

60 2820 268 2892 circumspecte
281 2821 415 2877 velociter
431 2821 605 2892 impleantur
618 2837 653 2876 ea
667 2837 732 2892 quse
744 2820 779 2876 ad
795 2820 882 2875 totius
931 2823 985 2889 bis,
1002 2822 1114 2877 sedbel
1130 2822 1237 2877 donum
1259 2827 1311 2876 est.
1328 2824 1388 2877 Non
1409 2838 1445 2877 ex
1465 2822 1597 2893 operibus
1618 2839 1655 2878 ne
1675 2824 1747 2879 forte

61 2914 195 2969 Ecclesiae
208 2914 433 2971 incolumitatem
448 2918 476 2970 et
490 2915 670 2971 laudabiliter
682 2919 749 2970 sunt
765 2918 844 2984 gesta
854 2917 883 2968 ct
933 2916 995 2987 quis
1006 2917 1169 2986 extollatur,
1181 2916 1270 2988 ipsius
1282 2915 1359 2971 eninr
1370 2931 1470 2970 sumus
1481 2918 1650 2988 figmentum
1661 2919 1748 2975 creati

62 3008 217 3064 salubriter
230 3008 369 3064 ordinata.
932 3010 961 3063 iu
975 3009 1084 3066 Christo
1101 3011 1166 3064 lesu
1187 3009 1216 3063 in
1237 3010 1371 3080 operibus
1386 3026 1450 3080 quie
1474 3011 1644 3081 praeparavit
1665 3012 1747 3081 Deus,
1824 3056 1828 3061 .

219 3156 282 3212 LVI·
296 3187 331 3198 -
344 3160 409 3213 Item
422 3157 542 3227 ejusdem
555 3157 591 3212 ad
604 3157 733 3212 mmm
893 3106 965 3224 Cut
979 3103 1017 3252 iq)
1028 3103 1075 3157 illo
1094 3104 1275 3158 ambulemus
1281 3103 1395 3251 ἑΕρΙιιι,
1410 3120 1439 3207 u,
1454 3106 1536 3208 §⁴⁰³⁶
1552 3126 1566 3152 u
1582 3105 1680 3211 Omnis
1693 3106 1748 3161 ita·

933 3214 989 3268 que
1019 3213 1270 3269 onorumoperum
1301 3203 1393 3252 erotro
1408 3197 1504 3252 druna
1517 3204 1747 3270 praeparauerat,

100 3291 249 3348 Relatione
271 3292 369 3348 fratris
396 3297 426 3347 et
448 3292 608 3364 coepiscopi
634 3292 723 3348 nostri
751 3291 881 3363 Septimi,
931 3307 984 3345 nee
1000 3290 1280 3362 propriaquisquam
1302 3290 1474 3361 justificatur
1487 3291 1600 3360 virtute,
1615 3293 1749 3363 quoniam

62 3403 130 3458 ques
144 3386 173 3441 in
188 3386 306 3442 subditis
320 3386 452 3456 habetur,
480 3386 648 3458 agnovimus
661 3386 798 3458 quosdam
815 3401 880 3457 pre·
933 3384 1023 3456 gratia
1042 3384 1195 3455 unicuique
1217 3383 1390 3455 principium
1412 3383 1531 3454 justitias
1555 3388 1584 3438 et
1606 3385 1749 3441 bonorum

63 3481 204 3552 sbyteros,
218 3481 360 3550 diacones,
374 3497 406 3536 ac
419 3481 521 3536 diversi
542 3481 649 3536 ordinis
671 3480 796 3548 clericos,
811 3495 883 3551 quos
932 3478 997 3532 fons
1018 3483 1103 3549 atque
1127 3477 1208 3549 origo
1230 3478 1398 3532 meritorum
1413 3482 1464 3532 est.
1481 3476 1538 3531 Sed
1555 3477 1664 3533 abistis
1682 3479 1749 3535 ideo

63 3574 227 3646 Pelagiana,
240 3574 283 3629 vel
298 3574 464 3630 Coelcstiana
476 3574 592 3630 haeresis
605 3574 737 3630 habuerit
753 3574 882 3645 implica·
933 3587 984 3643 per
997 3571 1155 3627 naturalem
1171 3571 1343 3627 industriam
1359 3571 1464 3626 dieitur
1477 3571 1639 3642 preveniri,
1648 3578 1750 3645 utquae

62 3674 118 3736 tos,
142 3668 182 3722 ita
201 3667 230 3722 in
251 3671 374 3723 vestram
396 3668 570 3740 provinciam
590 3668 625 3723 ad
651 3667 884 3723 communionem
933 3671 998 3721 ante
1014 3665 1136 3738 gratiam
1147 3665 1264 3738 proprio
1275 3666 1350 3719 clara
1364 3664 1401 3719 sit
1413 3665 1515 3732 studio,
1530 3666 1608 3721 nullo
1620 3666 1752 3723 videatur

62 3760 238 3817 catholicam
259 3762 430 3833 pervenisse,
454 3767 487 3817 ut
508 3763 585 3817 nulla
610 3762 646 3817 ab
671 3762 712 3816 eis
739 3761 885 3816 damuatio
933 3759 1043 3832 peccati
1057 3759 1203 3831 originahs
1216 3759 1333 3815 vulnere
1354 3758 1489 3814 sauciata.
1505 3759 1570 3814 ldeo
1583 3760 1672 3815 etiam
1685 3777 1749 3832 par-

63 3855 176 3928 proprii
192 3855 355 3926 exigeretur
373 3855 486 3923 erroris,
502 3859 533 3909 ut
548 3856 736 3927 pastoralibus
749 3855 883 3923 excubiis,
933 3855 1013 3908 vulos
1023 3853 1131 3923 dicunt,
1142 3853 1166 3908 si
1178 3854 1238 3909 sine
1253 3853 1395 3925 baptismo
1409 3853 1474 3907 hinc
1488 3853 1523 3909 de
1537 3854 1641 3909 seculo
1654 3852 1751 3929 213

65 3950 192 4005 nimium
210 3949 443 4019 dormitantibus,
458 3951 541 4021 lupus
553 3950 648 4005 orium
662 3949 783 4021 pellibus
795 3953 885 4005 tectus
934 3947 1066 4014 exierint,
1081 3964 1138 4002 non
1152 3964 1233 4018 posse
1247 3947 1389 4013 damnari,
1405 3962 1499 4018 neque
1513 3963 1577 4004 reos
1591 3947 1620 4002 in
1635 3952 1751 4020 peccatu

64 4043 177 4100 inovile
188 4043 376 4111 Dominieum,
384 4061 442 4100 non
454 4044 591 4115 depositis
600 4043 883 4113 bestialibusanimis‚
935 4042 1000 4099 Adre
1014 4041 1115 4111 teneri,
1130 4041 1181 4096 sed
1200 4040 1237 4095 ad
1251 4057 1372 4112 ragnum
1389 4041 1438 4095 llei
1456 4041 1499 4095 vel
1518 4041 1653 4096 advitam
1669 4046 1752 4098 eeter-

64 4138 208 4194 introiret.
222 4139 254 4193 Et
264 4154 316 4210 per
327 4138 524 4194 auctoritatem
537 4155 679 4193 canonum
693 4137 886 4193 decretorum·
934 4153 1001 4192 narn
1024 4137 1084 4190 sine
1106 4135 1165 4190 ulla
1189 4134 1370 4190 cunctatione
1393 4135 1500 4204 venire,
1516 4150 1581 4189 cum
1602 4136 1753 4207 Apostolus

65 4249 125 4306 que
144 4235 317 4301 nostrorum,
332 4249 369 4287 ne
388 4232 547 4288 insontibus
572 4232 690 4303 quidem
709 4232 885 4301 conceditur,
936 4230 1031 4286 dicat:
1049 4251 1063 4282 ιι
1079 4231 1133 4284 Per
1153 4244 1243 4283 unum
1258 4228 1404 4284 bominem
1424 4231 1573 4300 peccatum
1595 4229 1711 4285 intravit
1723 4230 1753 4286 in

65 4331 234 4399 usurparet,
249 4330 282 4381 ut
305 4327 409 4383 relictis
424 4326 549 4382 ecclesiis
564 4327 594 4380 in
608 4325 711 4396 quibus
725 4325 887 4381 clericatum
937 4325 1088 4393 mundum,
1102 4329 1131 4378 et
1153 4338 1205 4394 per
1219 4325 1368 4393 peccatum
1392 4339 1478 4389 rnors,
1495 4326 1524 4376 et
1542 4322 1581 4376 ita
1600 4322 1630 4377 in
1653 4339 1753 4380 omnes

66 4425 119 4479 aut
130 4423 308 4493 acceperant,
324 4425 374 4476 aut
387 4425 563 4492 receperant,
576 4419 762 4475 instabilitate
776 4436 826 4474 sua
835 4435 888 4492 per
938 4418 1067 4474 homines
1079 4416 1242 4490 pertransiit
1256 4418 1340 4487 (Rom.
1355 4432 1381 4483 v,
1399 4418 1454 4486 tt);
1472 4437 1487 4466 »
1502 4419 1709 4488 propterquod
1726 4421 1755 4474 et

68 4515 185 4571 diversa
200 4514 445 4581 circumferantur,
463 4517 595 4569 amantes
609 4530 722 4585 semper
739 4530 844 4581 errare,
860 4520 927 4596 etl)
939 4512 991 4583 ipsi
1006 4511 1115 4584 parsuli
1127 4512 1319 4583 baptizantur.
1331 4509 1467 4574 Quamvis
1479 4509 1508 4563 in
1521 4509 1570 4564 illo
1581 4526 1639 4565 uno
1647 4511 1755 4581 possint

69 4624 222 4681 nunquam
231 4609 261 4663 in
268 4608 455 4664 fundamento
466 4607 623 4679 apostolico
632 4624 810 4680 permanere.
819 4610 890 4673 Ouo
940 4604 1060 4676 intelligi
1074 4603 1156 4674 plura
1167 4605 1295 4675 peccata,
1312 4603 1336 4656 si
1350 4618 1440 4656 unum
1457 4603 1551 4673 ipsum
1565 4603 1594 4657 in
1609 4619 1660 4659 sua
1672 4607 1753 4676 quasi

68 4704 152 4758 niam
162 4702 241 4774 quod
255 4703 332 4759 nullo
343 4701 460 4757 discussi
474 4702 615 4772 examine,
627 4703 704 4758 nullo
714 4703 891 4774 suntprseJ‘u-
940 4698 1070 4754 membra
1084 4696 1198 4768 singula
1210 4695 1360 4751 medetur.

69 4797 147 4853 dicio
163 4814 221 4852 sua*
236 4796 417 4868 professionis
431 4796 567 4863 obstricti,
583 4797 660 4852 hunc
686 4795 808 4851 maxime
828 4797 888 4851 fru-
975 4796 1045 4850 Nam
1057 4795 1086 4848 et
1098 4789 1231 4862 superbia
1243 4794 1286 4844 est
1298 4789 1365 4858 illic,
1377 4788 1444 4860 quia
1456 4788 1487 4861 in
1498 4806 1547 4844 sua
1562 4790 1649 4848 homo
1662 4793 1757 4864 potius

69 4897 150 4947 ctum
159 4895 306 4962 expetunt,
315 4891 404 4946 utsub
414 4890 891 4962 velamentoeonrmunionisplures
941 4903 1002 4942 esse
1016 4902 1103 4959 quam
1119 4885 1149 4939 in
1164 4883 1215 4939 llei
1229 4886 1370 4954 potestate
1391 4881 1505 4952 dilexit;
1520 4889 1549 4939 et
1564 4885 1754 4960 sacrilegium,

69 4986 171 5040 domos
183 4985 295 5049 adeant,
307 4989 335 5041 et
347 5002 399 5058 per
411 4985 475 5041 falsi
485 4985 610 5041 nominis
622 4984 778 5052 scientium,
789 4986 891 5041 multo·
941 4981 1139 5054 quialleonon
1148 4976 1287 5046 credidit;
1299 4980 1328 5031 et
1336 4975 1535 5045 homicidium,
1544 4977 1610 5049 qrria
1621 4997 1651 5035 se
1659 4982 1757 5053 praeci-

71 5096 139 5134 mm
149 5080 236 5135 corda
246 5082 443 5152 corrumpant,
454 5080 590 5153 Quodque
604 5079 700 5151 utique
711 5078 822 5134 efficere
832 5096 892 5134 non
941 5073 1040 5147 pitarit
1049 5073 1079 5128 in
1090 5077 1229 5138 mortem3
1245 5075 1273 5126 et
1285 5069 1435 5126 fornicatio
1444 5071 1607 5144 spiritualis,
1616 5075 1757 5146 quiainte

69 5178 199 5245 possent,
212 5173 236 5228 si
253 5173 438 5229 ecclesiarum
459 5173 596 5245 presules
618 5173 804 5229 necessariam
827 5173 890 5228 dili-
942 5170 1030 5241 gritas
1043 5167 1147 5223 mentis
1159 5167 1293 5221 humanat
1308 5165 1470 5237 serpentina
1484 5167 1613 5223 suasione
1623 5173 1757 5241 corrupta

71 5266 202 5339 gentiam
214 5266 242 5321 iu
253 5268 352 5322 talium
361 5268 523 5339 receptione
535 5266 891 5338 servarent,neccuiquam
942 5267 998 5330 est;
1013 5266 1042 5318 et
1056 5262 1177 5328 furtum,
1190 5262 1258 5333 quia
1271 5259 1431 5332 prohibitus
1444 5266 1594 5331 usurpatus
1609 5261 1754 5330 estcibus;

72 5377 174 5415 eorum
189 5360 302 5432 evagari
314 5360 449 5416 licuisset.
468 5362 507 5416 Ne
523 5377 593 5433 ergo
614 5361 731 5416 ulterius
744 5360 890 5429 audeatur,
942 5362 972 5413 et
986 5356 1115 5423 avaritia,
1131 5355 1198 5426 quia
1217 5356 1382 5427 plusquam
1398 5353 1528 5408 sufficere
1541 5353 1580 5406 illi
1592 5353 1691 5408 debuit
1705 5371 1756 5426 ap·

73 5472 145 5510 neve
159 5471 210 5526 per
224 5456 416 5527 quorumdam
430 5455 639 5527 negligentiam
652 5454 811 5510 introducta
824 5471 891 5525 per·
942 5451 1052 5524 petivit,
1066 5456 1095 5505 et
1109 5450 1132 5504 si
1145 5448 1221 5521 quod
1234 5448 1309 5504 aliud
1320 5448 1349 5503 in
1359 5448 1414 5503 hoc
1428 5463 1484 5501 uuo
1496 5445 1619 5501 admisso
1627 5445 1758 5519 diligenti

71 5549 163 5605 uicies
178 5550 212 5604 ad
225 5549 404 5605 eversionem
427 5550 582 5605 multarum
596 5549 695 5604 tendat
715 5548 892 5615 animarum,
943 5543 1167 5601 consideratione
1189 5542 1294 5614 poterit
1317 5539 1446 5596 inveniri.
1471 5541 1623 5595 Parentum
1645 5557 1758 5614 quoque

72 5645 128 5700 bac
137 5644 228 5700 nostri
239 5645 407 5700 auctoritate
420 5644 555 5717 praecepti
568 5642 714 5698 industriae
729 5646 785 5697 tuse
795 5644 893 5698 frater·
944 5638 1064 5712 peccatis
1076 5637 1208 5710 parvulos
1223 5634 1344 5707 obligari
1359 5650 1417 5689 non
1432 5633 1523 5688 solum
1536 5632 1696 5704 primorum
1707 5637 1757 5692 ho·

72 5737 176 5795 uitatis
196 5737 358 5807 indicimus,
379 5743 410 5794 ut
425 5742 599 5810 congregata
619 5736 695 5809 apud
713 5753 761 5791 ros
783 5735 893 5809 synodo
943 5733 1064 5798 minum,
1078 5731 1128 5786 sed
1142 5731 1229 5786 etiarn
1244 5743 1361 5784 suorum
1376 5726 1410 5781 de
1424 5726 1528 5798 quibus
1541 5727 1597 5799 ipsi
1610 5728 1770 5793 natisunt,

73 5831 295 5915 provincialium
320 5833 507 5902 secerdotum,
521 5848 621 5889 omues
644 5831 702 5887 sire
724 5829 893 5905 presbyteri,
944 5843 1005 5885 non
1026 5822 1258 5901 improbabiliter
1282 5819 1402 5878 diditur,
1421 5819 1485 5877 hta
1507 5819 1624 5893 quippe
1643 5816 1804 5872 manha
