3870 6150
51 263 102 319 tot
660 264 895 321 botanismon
914 263 1105 320 cottsstvlo.
1682 265 1734 326 ‘202

50 371 146 426 Deum
155 365 306 424 hominem
316 368 393 424 hunc
403 385 454 441 per
462 369 558 425 omnia
566 370 720 441 evangelici
729 371 869 426 sermonis
880 371 1066 456 Adispcrdet
1089 378 1126 428 te.
1150 373 1210 428 Noli
1230 373 1331 430 anxius
1352 391 1412 432 esse
1436 375 1466 430 in
1486 376 1590 431 divitiis
1610 377 1733 448 injustis,

52 463 173 518 modum
196 462 296 530 tenuit,
317 465 350 516 ut
368 479 397 517 se
416 462 466 518 liei
482 462 585 519 Filium
604 463 682 519 credi
701 464 826 531 doceret,
842 468 871 520 et
918 465 991 521 nihil
1005 466 1164 537 proderunt
1177 465 1229 520 tihi
1242 466 1271 520 in
1284 466 1331 521 die
1349 468 1527 524 obductionis
1545 471 1573 523 et
1590 468 1733 527 vindictae.

55 555 279 613 hominisfilinm
292 555 468 626 predicaret,
486 560 516 611 et
530 556 699 613 admoneret
709 558 828 628 loquens
841 562 870 612 et
919 560 981 614 Non
995 559 1113 614 ventiles
1137 565 1165 614 te
1179 559 1209 613 in
1230 575 1345 614 omnem
1365 564 1491 631 ventum,
1513 565 1542 616 et
1562 578 1619 617 non
1642 578 1690 617 eas
1703 563 1733 617 in

54 666 168 721 gerens,
182 648 273 704 homo
286 649 417 703 universa
429 666 494 720 qnae
507 650 558 704 liei
570 655 636 704 sunt
651 651 770 721 loquens
783 654 810 705 et
824 667 871 722 ge·
921 653 1001 707 omni
1010 653 1063 707 via.
1080 652 1125 708 Sic
1140 652 1217 707 enim
1231 652 1327 708 omnis
1334 656 1465 725 peccator
1477 655 1613 727 probatur
1627 655 1734 728 duplici

56 759 128 811 rens,
148 742 256 797 deinde
274 743 347 797 Deus
368 741 498 797 universa
517 759 580 815 quse
599 743 722 798 hominis
739 749 815 813 sunt,
831 744 871 799 ita
919 745 1029 817 lingua.
1051 747 1116 800 Esto
1139 745 1239 800 firmus
1252 745 1282 800 in
1292 745 1336 800 via
1346 746 1404 813 Dei,
1418 750 1446 801 ct
1459 746 1489 800 in
1504 747 1621 804 veritate
1634 765 1735 805 sensus

56 842 149 891 tamen
158 840 192 891 ut
200 835 231 890 in
239 836 302 907 ipsc
315 834 362 890 illo
372 835 519 908 utriusque
528 837 640 906 generis
650 852 779 892 sermone
794 853 869 892 nnn·
920 839 973 908 tui,
988 843 1017 893 et
1030 838 1157 908 scientia,
1174 843 1202 894 ct
1222 843 1412 911 prosequatur
1435 844 1463 894 te
1478 840 1596 895 verbum
1613 843 1691 913 pacis
1705 846 1734 897 et

58 946 139 1001 quam
149 929 207 984 nisi
218 945 284 984 cum
296 928 503 1000 significatione
513 929 766 999 hominislccutus,
781 934 809 984 et
821 929 871 985 oei
918 931 1047 1002 justitiae.
1063 933 1128 986 Esto
1141 934 1304 987 mansuetus
1324 932 1360 987 ad
1374 931 1548 987 audiendum
1561 934 1689 1004 verbum,
1704 940 1735 991 ut

59 1023 96 1079 sit.
116 1024 184 1078 llaec
206 1022 302 1094 itaque
315 1021 431 1077 fallendi
446 1022 589 1094 simplices
602 1026 690 1095 atque
705 1022 871 1093 ignorantes
922 1024 1073 1094 intelligas,
1090 1029 1118 1080 et
1137 1040 1203 1079 cum
1223 1023 1359 1095 sapientia
1381 1025 1425 1079 ter
1443 1041 1623 1097 responsum.
1642 1027 1668 1083 Si
1694 1032 1736 1083 est

59 1116 197 1173 hereticis
213 1116 323 1171 occasio
344 1121 395 1183 est,
410 1121 443 1171 nt
463 1133 528 1188 qnae
540 1116 575 1170 ah
590 1132 623 1171 eo
645 1115 803 1171 secundum
817 1116 869 1170 hc·
922 1116 972 1172 tibi
981 1118 1150 1185 intellectus,
1161 1118 1303 1189 responde
1313 1117 1444 1189 proximo
1454 1135 1461 1186 ;
1472 1118 1621 1175 sinautem
1631 1119 1667 1175 sit
1676 1136 1736 1175 ma-

62 1211 160 1266 ninem
173 1210 250 1265 dicta
263 1214 341 1280 sunt,
357 1210 432 1266 dicta
445 1226 505 1265 esse
520 1209 678 1265 secundum
698 1208 799 1264 divinae
818 1225 870 1264 na·
920 1226 975 1264 nus
986 1214 1037 1265 tua
1048 1227 1134 1282 super
1146 1228 1177 1266 cs
1189 1214 1270 1266 tuum
1290 1226 1326 1266 ne
1341 1211 1464 1283 capiaris
1477 1212 1507 1269 in
1522 1212 1609 1269 verbo
1623 1212 1734 1268 indisci-

63 1315 122 1359 turae
134 1303 336 1358 infirmitatem
348 1303 534 1360 mentiantur.
556 1304 592 1358 Et
612 1302 681 1374 quia
697 1318 770 1357 unus
784 1306 871 1374 atque
921 1305 1037 1377 plinato,
1054 1309 1082 1360 et
1096 1303 1288 1360 confundaris.
1303 1306 1399 1360 Honor
1414 1306 1443 1360 et
1456 1303 1546 1376 gloria
1557 1306 1587 1361 in
1604 1321 1736 1363 sermone

63 1397 129 1452 idem
141 1400 196 1464 est,
211 1396 330 1469 loquens
342 1397 437 1452 omnia
449 1395 871 1469 quaeloquiturdesemctipso,
922 1398 1038 1466 sensati,
1063 1397 1162 1469 lingna
1182 1414 1249 1452 vero
1271 1398 1461 1469 imprudentis
1481 1398 1625 1455 subversio
1648 1399 1734 1455 illius.

65 1489 150 1544 omnia
163 1504 233 1544 eum
253 1489 288 1544 de
308 1488 454 1544 divinitate
471 1490 597 1545 locutum
610 1505 672 1544 esse
687 1489 871 1544 contendant.
922 1492 984 1547 Non
996 1490 1147 1563 appelleris
1158 1507 1285 1561 susurro,
1299 1494 1328 1546 et
1340 1491 1437 1562 lingua
1455 1497 1505 1547 tua
1519 1508 1554 1548 ne
1567 1493 1696 1564 capiaris,
1708 1498 1737 1548 et

64 1583 185 1638 liecsane
200 1597 343 1654 negamus
353 1585 447 1638 totum
458 1581 538 1638 illurn
552 1582 601 1654 qui
611 1582 637 1637 ei
651 1585 750 1637 manet
760 1586 872 1637 naturae
922 1584 1113 1640 confundaris.
1131 1584 1223 1656 Super
1236 1585 1330 1640 iurem
1343 1584 1422 1640 enim
1433 1590 1475 1640 est
1488 1585 1627 1654 conlusio,
1639 1591 1668 1642 et
1679 1603 1736 1658 pos

64 1693 112 1732 sne
125 1692 188 1731 esse
201 1693 376 1732 sermonem.
391 1676 446 1732 Sed
461 1676 485 1731 si
503 1677 583 1732 lesus
597 1675 724 1731 Christus
737 1678 766 1730 et
782 1675 870 1731 homo
922 1677 1054 1746 nitentia,
1066 1682 1095 1733 et
1106 1677 1251 1734 denotatio
1266 1678 1390 1750 pessime
1404 1695 1491 1751 super
1506 1678 1682 1750 bilinguem:
1693 1697 1737 1735 su·

64 1776 83 1825 et
92 1772 176 1839 Deus,
185 1774 216 1825 et
225 1786 351 1841 nequam
361 1786 427 1825 curn
436 1769 525 1825 homo
532 1770 577 1835 sit,
584 1772 647 1824 tum
656 1769 869 1841 primumlleus,
880 1747 909 1819 Β
922 1770 1058 1827 surratori
1067 1774 1164 1827 autem
1173 1770 1282 1841 odium,
1299 1776 1327 1826 et
1339 1770 1496 1841 inimicitia,
1511 1776 1540 1827 et
1551 1773 1735 1839 contumelia,

64 1879 146 1936 neque
157 1866 222 1918 tnm
235 1878 302 1918 cum
311 1865 341 1918 et
352 1862 439 1918 homo
450 1863 485 1917 sit
499 1865 529 1918 et
544 1863 627 1930 Deus,
642 1865 705 1917 tum
715 1878 774 1917 non
785 1862 871 1917 etiam
917 1865 1041 1936 justifica
1053 1863 1192 1936 pusillum
1203 1866 1232 1918 et
1244 1879 1381 1936 magnum
1392 1863 1531 1920 similiter.
1543 1865 1606 1920 Noli
1615 1865 1677 1921 lieri
1685 1882 1737 1938 pro

62 1962 83 2012 et
101 1957 188 2024 lleus,
211 1973 307 2028 neque
333 1960 397 2029 post
414 1956 563 2012 hominem
582 1955 618 2025 in¹
633 1955 692 2011 Deo
716 1971 774 2010 non
796 1958 871 2011 totus
922 1957 1015 2013 amico
1030 1956 1162 2012 inimicus
1176 1956 1317 2028 proximo.
1330 1957 1539 2029 improperium
1550 1957 1662 2013 enimet
1671 1974 1738 2013 con-

60 2051 149 2117 bomo,
170 2052 249 2105 totus
269 2051 351 2118 Deus,
376 2066 465 2105 unum
486 2052 572 2122 atque
591 2049 670 2104 idem
688 2064 803 2105 necesse
818 2051 870 2118 est,
922 2050 1070 2105 tumeliam
1080 2049 1173 2104 malus
1191 2048 1384 2118 hereditabit,
1400 2053 1429 2106 et
1440 2050 1534 2105 omnis
1548 2053 1679 2121 peccator
1692 2050 1736 2107 in-

59 2144 161 2198 dicatur
171 2144 235 2214 ejus
246 2159 305 2199 esse
315 2146 527 2199 sacramentum
539 2142 615 2215 quod
629 2141 752 2214 generis.
761 2141 795 2197 Et
805 2158 872 2197 cum
920 2143 1002 2198 vidus
1013 2147 1043 2198 et
1051 2141 1198 2215 bilinguis.
1211 2144 1272 2197 Non
1283 2145 1311 2198 te
1320 2143 1439 2198 extollas
1448 2142 1479 2198 in
1488 2143 1662 2214 cogitatione
1672 2144 1735 2199 ani-

59 2237 124 2293 inec
131 2235 291 2292 secundum
299 2241 413 2308 tempus
422 2234 557 2291 discernis
563 2235 712 2291 hominem
721 2236 811 2303 allec,
820 2234 871 2290 liei
920 2253 976 2292 mae
988 2237 1130 2293 tuaevelut
1138 2240 1247 2304 taurus,
1260 2252 1297 2292 nc
1310 2236 1385 2291 torte
1398 2236 1522 2292 elidatur
1531 2237 1619 2292 virtus
1630 2240 1739 2309 tuapar

58 2334 214 2402 tnncatque
220 2329 345 2385 hominis
351 2329 479 2385 discerne
487 2329 703 2384 sermonemEt
710 2344 775 2384 cum
781 2328 871 2382 Deum
921 2330 1079 2398 stultitiam,
1092 2332 1121 2384 et
1135 2329 1202 2385 folia
1217 2333 1266 2385 tua
1281 2329 1421 2397 comedat,
1437 2333 1466 2384 et
1477 2331 1586 2385 tructus
1601 2333 1737 2403 tnosper-

58 2427 136 2497 atqrm
150 2421 305 2479 hominem
320 2422 349 2477 in
365 2425 494 2494 tempore
507 2422 661 2491 confiteris,
677 2421 729 2476 liei
745 2423 812 2476 tnnc
826 2425 870 2475 at·
921 2422 978 2490 dat,
992 2425 1021 2477 et
1039 2421 1210 2494 relinquaris
1233 2422 1313 2478 velut
1329 2422 1441 2493 lignum
1459 2422 1571 2478 aridum
1584 2423 1615 2478 in
1631 2440 1737 2480 eremo.

58 2533 107 2590 que
119 2516 250 2572 hominis
263 2515 292 2570 in
305 2520 435 2588 ternpore
445 2514 520 2571 dicte
529 2514 662 2586 dijudica.
677 2516 748 2571 Cum
760 2529 825 2569 vcro
836 2531 871 2570 ex
920 2514 1024 2570 Anima
1037 2515 1114 2569 enim
1136 2530 1260 2587 nequam
1276 2514 1413 2586 disperdit
1432 2531 1496 2587 quae
1510 2531 1539 2570 se
1553 2514 1649 2585 habet,
1665 2521 1692 2571 et
1707 2515 1737 2571 in

58 2611 171 2666 homine
186 2615 215 2664 et
233 2609 291 2664 Deo
314 2625 428 2663 rursum
447 2609 533 2664 totius
553 2607 689 2677 hominis,
708 2607 795 2662 totius
810 2608 872 2679 jam
921 2607 1059 2680 gaudium
1072 2607 1179 2663 inimici
1192 2608 1242 2663 dat
1254 2607 1346 2678 illum,
1361 2611 1390 2663 et
1399 2608 1513 2663 deducit
1527 2608 1673 2664 insortam
1681 2609 1737 2664 im·

58 2704 235 2774 licitempus
258 2700 404 2772 intelligis,
425 2701 447 2756 si
469 2701 586 2773 quidem
607 2700 676 2756 illud
698 2700 735 2755 ad
748 2701 869 2756 demon·
920 2700 1035 2773 piorum
1059 2701 1151 2772 (tiocli.
1172 2718 1199 2768 v,
1227 2704 1308 2768 8·t8;
1348 2717 1386 2768 vr,
1416 2701 1478 2773 td).
1508 2722 1522 2749 »
1550 2701 1663 2757 Talibus
1689 2719 1738 2757 vos

57 2796 223 2852 strationem
236 2794 373 2866 temporis
391 2793 499 2850 dictum
523 2798 575 2864 cst,
593 2793 715 2865 tempori
728 2793 870 2865 coaptatio
921 2793 1186 2862 exhortationibus,
1221 2794 1341 2864 tratres,
1371 2792 1493 2849 vicissim
1519 2798 1681 2861 monetote,
1710 2802 1739 2853 et

57 2906 118 2961 quae
140 2888 220 2944 dicta
243 2892 319 2953 sunt,
337 2891 368 2942 ut
391 2904 457 2942 cnm
481 2887 559 2942 aliud
582 2888 701 2942 sitente
723 2885 871 2942 hominem
920 2888 996 2943 bona
1027 2902 1139 2958 semper
1171 2887 1328 2955 sectamini,
1364 2887 1496 2960 malaque
1529 2887 1622 2943 vitate
1649 2889 1737 2961 ldagis

59 2983 135 3052 Deus,
148 2981 229 3036 aliud
238 2981 275 3035 sit
285 2981 392 3035 horno:
409 2986 438 3036 et
456 2981 540 3051 tiens,
560 2979 636 3034 aliud
656 2979 692 3034 sit
705 2981 770 3050 post
782 2978 871 3034 homi·
920 2980 998 3036 enim
1021 2980 1122 3036 studiis
1145 2980 1301 3036 secundum
1333 2979 1451 3035 beatum
1474 2980 1641 3053 Apostolum
1664 2998 1736 3054 pree-
1842 3038 1846 3044 ,

58 3074 734 3143 nemctlleum,totushomoettctnsDcus,non
748 3073 870 3128 coniun·
921 3074 1078 3129 cavendum
1100 3078 1151 3142 est,
1174 3088 1210 3129 ne
1234 3073 1304 3128 fides
1325 3076 1354 3128 et
1376 3072 1524 3145 disciplina
1542 3073 1655 3129 Domini
1680 3074 1737 3130 bla-

58 3166 872 3240 dastemporibusetgeneribusdispensationissacramen·
921 3167 1118 3239 sphementur.
1138 3167 1172 3221 Et
1191 3165 1213 3220 si
1232 3166 1281 3220 illa
1295 3182 1504 3238 nonnunquam
1524 3167 1641 3224 sinenda
1660 3172 1736 3235 sunt,

57 3266 125 3331 turn,
136 3277 266 3333 cumpro
278 3260 414 3333 qualitate
423 3277 563 3332 generum
572 3277 605 3315 ac
612 3262 780 3315 naturarum
793 3259 872 3315 aliud
920 3277 985 3333 quae
1012 3259 1045 3330 (si
1064 3262 1232 3315 caeterorum
1258 3262 1366 3315 constet
1385 3259 1540 3331 integritas)
1561 3260 1620 3316 sola
1637 3277 1738 3317 nocere

58 3352 555 3411 cumsacramentchominisnecesse
566 3354 870 3410 estsermonemiuisse
920 3369 980 3409 non
992 3354 1113 3420 valeant,
1125 3353 1172 3408 illa
1180 3357 1279 3409 tamen
1288 3357 1355 3408 sunt
1363 3369 1541 3424 magnopere
1551 3354 1737 3425 praecavenda

59 3465 112 3503 non
125 3452 207 3516 nato,
216 3447 294 3502 alind
303 3446 397 3502 adhuc
410 3448 560 3517 morituro,
569 3446 646 3502 aliud
654 3447 741 3503 etiam
751 3450 868 3503 aeterno.
921 3463 985 3519 quae
992 3446 1080 3518 recipi
1092 3446 1152 3502 sine
1161 3446 1310 3502 manifesta
1320 3446 1530 3502 decoloratione
1537 3463 1596 3502 non
1604 3450 1735 3519 possunt,

56 3539 871 3613 NostriigiturcansahoecomnialesnsChristusgercnset
922 3557 953 3595 ac
977 3541 1000 3594 si
1018 3555 1052 3594 ca
1068 3540 1131 3610 ipsa
1147 3554 1210 3610 quae
1233 3539 1311 3594 nullo
1330 3539 1502 3595 detrimento
1519 3539 1668 3614 aliquoties
1690 3540 1735 3597 in-

56 3634 178 3707 corporis
190 3633 374 3690 nostrihomc
383 3632 870 3689 natussecnndnmconsuetudinem
920 3632 1076 3703 telligenda
1088 3631 1253 3699 credentur,
1262 3631 1304 3687 vel
1317 3647 1414 3687 rerum
1424 3635 1646 3705 temporumque
1662 3632 1738 3706 cogit

58 3731 162 3783 naturae
173 3731 282 3782 nostrae
295 3726 406 3782 locutus
417 3731 469 3797 est,
488 3743 546 3783 non
559 3731 656 3783 tamen
670 3726 805 3781 omittens
816 3742 868 3780 na·
920 3725 1050 3794 intuitus,
1066 3724 1109 3780 vel
1120 3723 1283 3779 accelerate
1295 3724 1464 3795 provisionis
1479 3730 1640 3796 respectum
1653 3725 1735 3781 accu-

58 3824 121 3876 ture
148 3837 210 3876 snae
232 3836 294 3876 esse
325 3820 401 3892 quod
428 3822 501 3876 Deus
527 3823 579 3875 est.
606 3821 675 3875 Nam
700 3818 813 3874 tametsi
840 3819 870 3875 in
919 3822 972 3886 sat,
997 3823 1104 3890 quanto
1127 3817 1220 3888 magis
1238 3816 1288 3871 illa
1307 3821 1375 3872 sunt
1398 3816 1557 3873 nullatenus
1577 3817 1736 3874 mutilanda

60 3918 144 3984 partu,
156 3917 189 3968 et
197 3913 340 3986 passione,
353 3918 381 3969 et
394 3917 486 3969 morte
495 3917 607 3969 naturae
616 3916 790 3968 nostraerem
802 3928 868 3984 pcr-
919 3928 984 3984 quse
999 3927 1052 3967 nec
1075 3910 1131 3965 ulla
1150 3910 1313 3981 necessitas,
1332 3925 1385 3966 nec
1408 3909 1598 3965 ecelesiastica
1620 3926 1736 3982 prorsus

60 4007 150 4078 egerit,
163 4023 211 4062 res
232 4009 332 4062 tamen
350 4006 426 4079 ipsse
445 4022 544 4063 omnes
564 4005 668 4062 virtute
688 4009 798 4061 naturae
811 4023 869 4061 suae
919 4007 1071 4076 extorquet
1086 4003 1212 4058 utilitas?
1226 4002 1342 4072 ldeirco,
1361 4003 1471 4072 iratres,
1488 4003 1541 4058 ista
1558 4002 1735 4075 praetulimus

10 4092 12 4097 ’
61 4099 145 4168 gessit.
161 4099 248 4154 Vides
260 4116 297 4155 ne
311 4100 350 4156 ita
364 4100 455 4156 Deum
469 4105 499 4155 et
513 4100 662 4155 hominem
675 4099 824 4171 predicari
839 4103 870 4155 ut
918 4101 952 4153 ut
965 4099 1010 4152 bae
1031 4097 1136 4169 species
1157 4112 1227 4169 quas
1243 4113 1303 4153 non
1327 4096 1392 4152 licet
1414 4094 1510 4151 offerri
1533 4113 1619 4168 super
1644 4096 1733 4153 altare

62 4191 338 4259 norshomini,1tec
356 4209 423 4248 vero
445 4193 536 4248 carnis
555 4192 683 4249 excitatio
704 4192 867 4263 deputetur,
914 4191 998 4263 juxta
1012 4189 1244 4246 constitutionem
1269 4190 1473 4262 apostolorum,
1493 4206 1650 4263 corumque
1669 4207 1734 4246 suc-

62 4298 107 4340 ncn
128 4289 228 4341 tamen
250 4285 323 4341 alius
341 4285 377 4341 sit
396 4286 446 4358 qui
467 4290 598 4341 mortuus
616 4289 666 4353 est,
694 4289 724 4369 qt
740 4284 811 4340 alius
833 4286 869 4340 sit
918 4300 1061 4353 cessurum
1082 4284 1118 4338 ad
1138 4283 1254 4338 domum
1275 4283 1456 4339 sacerdotum
1474 4283 1649 4349 deierantur,
1672 4286 1736 4339 cta

63 4393 204 4452 perquem
226 4383 358 4441 mortuus
380 4378 514 4451 resurgit.
534 4378 659 4450 Spoliata
681 4377 760 4434 enim
785 4394 868 4433 carne
918 4377 1112 4433 sacerdotibus
1123 4376 1338 4445 benedicantur,
1360 4380 1389 4432 st
1406 4393 1459 4448 per
1473 4375 1632 4448 simplicem
1644 4375 1732 4432 bene-

62 4469 178 4529 Christus
192 4475 237 4528 est
249 4475 390 4540 mortuus,
411 4477 441 4528 et
459 4488 572 4527 rursum
593 4471 737 4527 Christum
755 4489 772 4526 a
791 4476 908 4551 mor-1)
920 4470 1072 4525 dictionem
1087 4469 1239 4525 benedicta
1259 4470 1376 4525 demum
1399 4486 1416 4525 a
1439 4469 1552 4540 populis
1572 4472 1732 4537 sumantur,

61 4565 252 4635 acescens,
267 4565 346 4620 idem
363 4563 490 4621 Christus
504 4568 640 4620 estcarne
657 4581 686 4620 se
697 4565 866 4638 exspolians.
921 4563 995 4619 labae
1007 4565 1119 4618 tantum
1133 4565 1160 4618 et
1175 4579 1246 4631 uve,
1262 4564 1290 4618 et
1303 4567 1405 4617 cetera
1416 4578 1479 4635 quae
1490 4561 1611 4634 apostoli
1627 4562 1733 4619 consti·

61 4655 185 4715 numm
199 4658 251 4716 liei
263 4657 294 4712 in
309 4658 413 4714 mrtute
425 4658 638 4714 resurrectionis
657 4657 796 4730 intellige,
811 4658 866 4714 dis·
918 4658 1038 4711 tucrunt
1048 4672 1133 4726 super
1148 4655 1237 4710 altars
1250 4655 1414 4711 offerantur.

10 4816 12 4821 y
60 4753 249 4820 pausationem
261 4750 535 4808 hominisinmorte
547 4767 680 4824 agnosce.
691 4753 726 4806 Et
737 4768 802 4807 curn
812 4752 870 4807 sint
954 4750 1090 4822 Optamus
1103 4749 1200 4820 igitur,
1211 4750 1312 4805 fratres
1321 4746 1490 4818 charissimi,
1509 4751 1538 4804 et
1555 4748 1620 4804 totis
1638 4752 1733 4805 omni-

60 4850 170 4919 vtraque
183 4845 243 4900 suis
257 4849 337 4917 gesta
357 4846 477 4916 naturis,
500 4862 590 4900 unum
606 4849 702 4901 tamen
725 4845 868 4902 Christum
918 4845 1067 4915 potentem
1083 4841 1236 4897 Dominum
1248 4841 1380 4914 precibus
1397 4857 1545 4897 exoramus
1557 4845 1591 4897 ut
1603 4842 1732 4899 dilectio·

59 4936 152 5007 Ιεωω,
168 4954 238 4995 enm
250 4941 394 4994 memento
407 4954 468 4994 esse
491 4939 541 5011 qui
558 4941 713 5010 utrumque
729 4941 782 4993 est.
803 4939 867 4993 llaec
918 4952 984 4991 nem
998 4937 1122 4990 vestram
1135 4928 1279 4990 in'amoris
1289 4934 1333 4990 sui
1346 4935 1537 4990 constantiam
1550 4935 1636 4992 iaciat
1644 4939 1734 5010 magis

58 5029 136 5102 igitur
148 5032 374 5088 demonstranda
383 5048 453 5087 ame
465 5031 562 5104 paneis
576 5032 702 5101 fuerunt,
716 5035 750 5086 ut
760 5031 867 5086 utrius·
918 5028 1065 5101 magisque
1079 5029 1244 5097 fervescere,
1254 5031 1340 5100 atque
1362 5028 1393 5084 in
1406 5044 1472 5100 pace
1490 5029 1619 5085 Ecclesiae
1631 5030 1662 5086 in
1676 5047 1734 5086 una

59 5129 226 5195 qaenatnree
241 5126 364 5180 sormam
387 5124 501 5180 tractari
521 5125 550 5180 in
569 5124 690 5181 Domino
708 5128 805 5181 nostro
822 5127 866 5181 Je-
917 5137 966 5176 vos
980 5121 1118 5177 concedat
1131 5138 1249 5177 manere
1265 5122 1425 5177 concordia.
1441 5122 1632 5178 Admonemus
1647 5124 1733 5178 etiam

60 5231 86 5272 vn
105 5218 219 5275 Christo
248 5218 490 5286 meminissemus,
518 5218 585 5290 quia
612 5219 662 5291 qni
690 5234 811 5274 manens
837 5218 867 5274 in
917 5214 1125 5272 fraternitatem
1137 5220 1271 5286 vestram,
1287 5215 1524 5272 utincomrnissis
1534 5215 1610 5271 vohis
1621 5216 1730 5271 anima-

60 5307 139 5368 forms
152 5312 217 5382 liei,
232 5311 357 5366 formam
371 5311 444 5368 servi
461 5310 593 5384 suscepit,
616 5310 676 5384 ipse
689 5311 867 5368 divinitatem
917 5309 970 5365 bus
988 5310 1108 5365 solerter
1125 5309 1289 5381 invigiletis,
1308 5309 1527 5381 animarumque
1545 5308 1635 5380 magis
1647 5309 1732 5363 lucris

60 5416 236 5478 aeqrraqnam
249 5404 354 5461 amisit.
918 5419 1005 5475 quam
1017 5403 1175 5459 commodis
1195 5403 1259 5458 vitae
1274 5402 1423 5474 presentis
1442 5402 1605 5458 intendatis.
1620 5402 1651 5455 ln
1664 5416 1731 5455 con·

87 5497 237 5566 Ceterum,
247 5498 363 5564 iratres,
376 5498 527 5555 hortamur
540 5515 599 5568 vos,
618 5500 649 5554 ut
664 5498 803 5555 moneatis
818 5515 868 5554 eos
918 5497 1041 5552 tinendis
1054 5512 1122 5552 varo
1135 5514 1174 5570 ac⁴
1186 5497 1367 5569 disponendis
1381 5496 1467 5552 rebus
1481 5493 1675 5551 ecclesiasticis
1687 5493 1729 5549 di-

61 5591 173 5648 anserii
184 5591 223 5648 ad
237 5592 339 5649 Deum.
350 5593 430 5649 Unde
440 5591 576 5664 scriptum
587 5594 630 5648 est
646 5609 679 5647 s«
692 5591 753 5660 vili,
766 5609 803 5648 ns
813 5596 869 5648 tar·
917 5590 1038 5663 ligantes
1052 5591 1182 5646 custodes
1196 5589 1333 5657 existatis,
1352 5592 1384 5645 ut
1395 5605 1430 5644 ex
1449 5588 1526 5643 omni
1544 5589 1622 5659 parte
1636 5603 1730 5643 susce-

61 5681 98 5739 des
115 5685 245 5742 converti
260 5686 298 5742 ad
316 5688 417 5758 licum
431 5703 468 5743 ne
483 5684 595 5742 differas
610 5685 646 5742 dc
663 5684 709 5742 die
729 5685 759 5740 in
778 5685 866 5742 diem.
917 5687 999 5757 ptum
1010 5700 1058 5739 vos
1073 5684 1216 5756 condigne
1227 5683 1345 5756 gessisse
1352 5680 1617 5755 pastorisollicium,
1630 5685 1731 5737 ventu-

62 5773 146 5835 Suhito
156 5778 340 5839 enbnvcniet
357 5779 401 5837 irs
410 5779 496 5850 illius,
512 5783 541 5837 et
550 5779 581 5836 in
594 5783 723 5853 tempore
736 5778 868 5836 vindicta
917 5794 965 5836 rus
974 5779 1075 5851 juder,
1086 5775 1760 5855 eumadindicandnmvenerit,debeatappre-
