3870 6150
516 250 754 309 annueramus
772 250 964 308 cuthberto.
1548 258 1600 312 390

112 357 179 413 huic
201 358 321 413 concilio
346 358 468 414 aderant
490 359 675 416 damnatione
687 377 735 415 va·
746 361 877 446 Anullas
887 360 949 431 J'am
962 359 1121 432 provincias
1142 359 1248 416 hahere
1266 361 1401 430 occtrrrit,
1413 359 1480 417 huie
1503 367 1600 418 autem

103 455 200 508 erunt.
786 455 873 508 etiam
883 454 913 508 in
928 453 1109 509 ecclesiarum
1118 453 1249 525 plebibus
1257 471 1309 526 per
1321 457 1383 510 loca
1398 458 1496 511 tamen
1507 457 1599 529 magis

118 561 188 618 ergo
208 545 238 601 in
257 545 429 618 quibusdam
454 546 641 602 schismaticis
663 547 733 602 reci·
786 564 873 619 quam
887 564 939 620 per
956 546 1039 604 nrbes
1053 547 1107 602 hoc
1121 547 1212 601 visum
1226 551 1269 602 est
1284 564 1345 603 esse
1359 548 1553 605 tribuendum.
1567 552 1599 606 ln
1653 604 1655 609 .

103 654 189 694 sunm
209 640 362 695 concilium
388 640 483 711 potuit
506 657 523 695 a
548 640 666 712 singulis
683 656 736 712 per
786 641 905 697 ecelesia
923 657 1037 713 quoque
1060 657 1117 713 qna
1137 640 1284 696 ordinatus
1306 642 1402 713 inerit,
1418 644 1601 700 consecrandi

103 748 141 802 ra,
156 732 210 788 hoc
223 733 312 788 etiam
324 750 450 804 praesens
471 737 625 789 conventus
639 733 737 789 statuit
785 734 936 807 virginem,
946 734 1020 790 sieut
1032 734 1222 790 confirmandi
1233 735 1418 807 neophytum,
1426 737 1474 808 jus
1483 737 1601 793 habebit

113 826 220 881 servari
235 826 350 894 debere,
364 826 393 881 id
408 831 461 898 est,
478 830 509 882 ut
527 828 684 899 cuicunque
700 826 735 882 de
786 832 815 883 et
827 844 878 900 per
890 828 987 883 omnia
999 832 1031 883 ut
1041 828 1076 882 sit
1089 829 1188 882 multae
1202 827 1388 898 indulgentie
1403 829 1600 885 testimonium

103 919 126 974 le
135 918 242 991 aliquid
256 919 402 975 charitatis
423 920 541 975 conciha
559 920 734 987 dictaverint,
786 938 900 994 semper
913 939 943 977 se
956 921 1120 977 inferiorem
1135 921 1278 992 episcopo,
1293 921 1468 992 superiorem
1483 923 1599 996 presby-

103 1034 107 1067 ι
121 1013 323 1085 parochiarum
338 1030 457 1069 suarum
471 1014 620 1069 ecclesiam
633 1014 734 1070 cedere
785 1020 846 1072 tero
858 1016 1083 1088 agat,mandatis
1092 1015 1220 1086 votisque
1229 1014 1358 1070 omnium
1368 1019 1601 1088 sanctorumpro·

103 1106 289 1178 chorepiscopi
303 1108 432 1174 nomine,
446 1113 479 1162 ut
495 1108 573 1163 idem
588 1124 678 1162 canon
693 1108 734 1164 lo·
786 1110 970 1182 sequentibus
983 1109 1059 1164 vivat
1077 1108 1106 1162 in
1119 1107 1224 1163 timore
1245 1108 1366 1179 Domini,
1382 1111 1412 1164 et
1435 1109 1600 1182 episcopum

103 1199 267 1271 peregrina,
284 1203 316 1254 ut
330 1201 421 1268 aiunt,
436 1202 636 1255 communione
657 1201 735 1256 fove·
786 1219 868 1258 suum
884 1203 969 1271 colat,
984 1203 1042 1258 heo
1057 1202 1170 1270 serviat,
1184 1201 1285 1273 synodi
1298 1201 1372 1257 circa
1385 1217 1414 1257 se
1428 1201 1598 1260 benevolen-

103 1309 175 1348 nam
188 1293 285 1366 itaque
301 1295 444 1364 statuitur,
456 1299 488 1349 ut
499 1295 554 1350 hoc
566 1295 596 1349 in
609 1294 737 1366 qualibet
786 1297 833 1352 tiae
848 1296 954 1369 gratias
973 1298 1049 1367 agat,
1062 1311 1235 1367 semperque
1257 1294 1409 1368 indignum
1431 1312 1461 1351 sc
1482 1296 1601 1353 indultis

103 1391 268 1458 raeterquam
292 1387 323 1441 in
346 1387 448 1459 Alpina
473 1388 617 1442 maritima
641 1388 735 1456 liceat,
786 1390 909 1461 negatis,
927 1391 956 1443 et
968 1388 1109 1460 imparem
1125 1405 1185 1445 esse
1197 1389 1331 1444 fateatur.

103 1500 107 1535 ι
126 1480 222 1552 aliqua
250 1485 331 1551 parte
354 1481 512 1549 accesserit,
535 1483 568 1537 ut
591 1481 735 1537 malornm
822 1484 853 1537 V.
862 1485 893 1538 ln
905 1498 1058 1537 commune
1068 1485 1164 1537 autem
1178 1498 1278 1537 omnes
1292 1483 1341 1552 qui
1357 1488 1549 1539 convenerant
1559 1501 1601 1540 sa·

103 1572 203 1645 quietis
212 1573 365 1645 impatiens
377 1574 554 1630 damnationi
567 1591 655 1647 quam
667 1575 736 1631 inse
786 1576 915 1631 cordatos
925 1575 1212 1647 sibimetipsiscontra
1219 1574 1382 1646 hujusmodi
1391 1576 1602 1649 scandalaprae-

103 1666 295 1738 tsthacebit.
308 1667 361 1723 Sed
370 1668 394 1723 si
403 1669 467 1741 quis
476 1667 570 1723 eidem
578 1669 736 1740 quidquam
786 1668 946 1725 cavendum
958 1672 1141 1725 censuerunt.
1155 1669 1251 1741 ltaque
1270 1672 1389 1740 propter
1401 1669 1542 1741 eiusmodi
1556 1674 1600 1726 te·

103 1762 208 1816 statuta
223 1766 290 1816 sunt
303 1761 526 1833 transgredienti
539 1762 733 1817 communica·
746 1744 775 1816 Β
787 1763 949 1819 meritatem
971 1762 1065 1818 stabili
1087 1760 1257 1817 delinitione
1276 1763 1437 1817 consultum
1453 1768 1505 1831 est,
1520 1768 1552 1819 nt
1564 1764 1599 1819 de

103 1854 240 1909 munione
249 1855 379 1910 omnium
386 1855 435 1910 fiat
444 1855 562 1925 alienus,
572 1855 734 1911 deindenec
785 1860 888 1911 cratero
901 1856 1109 1922 observaretur,
1124 1871 1161 1910 ne
1175 1854 1240 1926 quis
1253 1855 1363 1909 adeam
1378 1855 1525 1910 ecclesiam
1537 1873 1601 1928 quae

105 1948 177 2018 loco,
190 1953 295 2019 praetcr
309 1965 395 2021 quam
414 1949 444 2002 in
459 1949 572 2020 publico
587 1952 734 2020 gerentur,
785 1950 949 2022 episcopum
970 1948 1151 2021 perdidisset,
1169 1947 1223 2003 nisi
1237 1947 1336 2003 vicinoe
1350 1948 1474 2004 ecclesiae
1490 1950 1600 2022 episco-

103 2041 168 2097 nei
187 2041 275 2096 laicus
298 2042 478 2110 decernatur,
491 2058 576 2115 quem
599 2042 685 2097 curiae
707 2044 736 2097 et
785 2059 839 2116 pus
869 2042 1067 2115 exsequiarum
1095 2044 1223 2113 tempore
1249 2041 1406 2109 accederet,
1430 2043 1480 2113 qui
1504 2045 1601 2098 tamen

103 2135 165 2190 :cies
178 2139 228 2189 aut
243 2135 314 2190 ordo
334 2135 475 2191 nobihtat.
491 2136 610 2191 Additur
631 2153 667 2190 ne
680 2153 734 2190 un·
786 2136 880 2192 statim
894 2135 1021 2192 ecclesias
1033 2135 1122 2206 ipsius
1136 2151 1233 2190 curam
1256 2134 1461 2191 districtissime
1477 2142 1600 2208 gereret,

103 2228 480 2300 itatibusvelepiscoporum
493 2229 736 2285 absentiaofferre
785 2246 822 2285 ne
843 2229 911 2303 quid
933 2232 1001 2284 anta
1023 2228 1234 2283 ordinationem
1256 2228 1482 2290 discordantium
1503 2229 1535 2285 in
1550 2247 1600 2285 no-

103 2337 149 2377 ree
158 2322 288 2377 ordinare
297 2323 341 2376 vel
352 2323 486 2377 ultimum
496 2323 630 2378 clericum
644 2323 736 2378 necin
786 2323 919 2379 vitatibus
931 2321 1098 2378 clericorum
1114 2320 1291 2393 subversioni
1305 2322 1413 2377 liceret.
1426 2323 1523 2395 ltaque
1536 2339 1601 2379 cum

103 2413 163 2485 sia,
178 2431 242 2487 qnae
263 2414 304 2470 illi
326 2416 519 2488 cujuscunque
540 2415 660 2471 minima
674 2416 735 2470 luo·
785 2418 841 2473 tale
873 2415 980 2489 aliquid
1011 2415 1122 2483 accidit,
1156 2415 1254 2471 vicinis
1283 2414 1442 2472 vicinarum
1473 2416 1602 2472 ccclesia-

103 2524 126 2576 ι,
139 2525 192 2564 nec
206 2509 254 2563 ulli
277 2508 478 2580 episcoporum
498 2510 543 2564 vel
568 2509 737 2565 succedente
786 2527 852 2565 rum
866 2507 1016 2580 inspectio,
1032 2508 1195 2580 descriptio,
1209 2508 1392 2579 recensioque
1408 2524 1505 2565 rerum
1519 2526 1602 2566 man·

103 2606 164 2674 ipio
176 2603 272 2674 aliquo
281 2602 312 2657 in
325 2603 497 2658 rudimentis
511 2602 568 2658 suis
581 2603 647 2658 huic
657 2603 738 2675 quasi
788 2603 882 2660 datur.

103 2697 253 2751 everentia
270 2696 372 2751 cedere
385 2697 475 2764 liceat,
490 2713 541 2751 nec
555 2713 674 2768 usquam
685 2696 738 2768 ipsi
823 2698 866 2753 Vl.
876 2697 938 2752 llaec
948 2700 1043 2751 autem
1051 2695 1149 2750 omnia
1162 2694 1363 2766 exsequiarum
1371 2697 1502 2768 ternpore
1511 2713 1603 2769 usque

103 2789 130 2844 le
140 2790 346 2861 episcopalibus
356 2789 456 2845 officiis
464 2806 612 2862 usurpare,
623 2796 738 2861 proeter-
787 2792 824 2847 ad
835 2791 987 2864 septimam
997 2789 1124 2845 defuncti
1135 2793 1203 2860 agat
1216 2787 1304 2856 diem,
1312 2787 1415 2844 exinde
1429 2790 1553 2846 ecclesiae
1561 2807 1604 2847 re·

103 2882 266 2955 lesiaquam
275 2884 441 2955 cujusquam
452 2883 739 2939 misericordiafuerit
788 2886 883 2940 terens
896 2883 1064 2940 mandatum
1078 2881 1292 2953 metropolitani
1305 2881 1390 2937 simul
1399 2884 1605 2940 cumomnibus

103 2992 113 3030 ι
127 2992 184 3049 qua
196 2976 223 3031 ei
242 2978 334 3031 solum
348 2978 506 3049 neophytos
519 2978 697 3045 confirmare,
711 2980 739 3032 et
789 2975 1605 3050 sanctisepiseopissepeliatur,nequisquamadecclesiam

103 3072 180 3127 ieros
189 3070 291 3125 offerre
302 3072 474 3127 conceditur.
485 3072 566 3135 Quod
577 3072 602 3127 si
611 3087 739 3144 unquam
789 3089 854 3145 qnae
867 3087 1014 3127 summum
1028 3070 1163 3125 amiserat
1176 3069 1356 3124 sacerdotem
1371 3069 1605 3145 nisimetropoli·

103 3163 141 3220 nis
163 3165 300 3221 charitate
321 3165 436 3220 alterius
448 3171 613 3237 provocatus
628 3165 737 3221 habita·
748 3115 776 3190 C
788 3167 849 3224 tani
864 3167 963 3224 litteris
978 3166 1165 3238 invitatustne
1179 3165 1290 3236 aplebe
1302 3164 1469 3239 decipiatur)
1480 3168 1604 3240 accedat,

103 3258 283 3314 putationem
298 3259 457 3329 variaverit,
472 3277 530 3315 non
544 3259 626 3314 aliter
640 3259 670 3313 in
685 3260 740 3313 alia
789 3267 819 3317 et
830 3260 887 3316 vim
901 3260 961 3333 pati
970 3260 1089 3315 voluisse
1099 3258 1238 3314 videatur.
1249 3259 1308 3330 Ego
1318 3259 1443 3315 llilarius
1455 3261 1605 3332 episcopus

103 3351 187 3424 [rilem
201 3351 330 3425 accipiat,
340 3370 427 3426 quam
436 3353 465 3407 in
481 3352 571 3426 priori
584 3352 740 3409 habuitcui
786 3356 868 3426 juxta
881 3354 910 3409 id
922 3353 999 3426 quod
1013 3352 1153 3408 universis
1175 3352 1278 3407 sanctis
1300 3352 1440 3423 episcopis
1458 3354 1540 3422 meis,
1556 3355 1604 3426 qui

103 3451 148 3516 at,
164 3462 215 3502 nec
229 3447 346 3502 omnino
364 3464 492 3520 unquam
513 3447 634 3502 duarum
649 3447 738 3502 eccle·
790 3464 905 3504 mecum
920 3446 1157 3519 subscripserunt,
1172 3445 1281 3517 placuit
1301 3447 1406 3500 statuta
1422 3446 1540 3502 Petrum
1561 3448 1606 3503 his

103 3540 284 3596 ornationem
293 3541 428 3609 obtineat,
441 3542 485 3596 cui
496 3540 580 3596 etiam
594 3541 666 3595 inea
676 3555 740 3612 quae
790 3540 1005 3598 delinitionibus
1026 3537 1179 3609 subscripsi
1194 3538 1246 3593 suh
1268 3537 1314 3593 die
1329 3554 1374 3594 ιιι
1395 3539 1538 3595 Kalendas
1552 3541 1605 3597 ne·

103 3633 260 3690 >ministros
271 3651 288 3689 a
300 3635 422 3690 civitatis
431 3635 563 3707 episcopo
576 3651 689 3689 necesse
699 3636 742 3688 est
790 3634 923 3702 cembris,
936 3632 1093 3689 Theodosio
1107 3634 1235 3703 Angusto
1248 3631 1305 3701 Vll,
1319 3631 1402 3687 Festo
1427 3634 1461 3688 lV
1483 3633 1605 3691 consuli·

103 3744 147 3784 ine
163 3729 231 3799 quia
255 3728 452 3784 ministrorum
474 3729 581 3784 mentio
597 3729 670 3783 facta
686 3729 739 3794 est,
789 3728 926 3800 bus.1tgo
945 3725 1111 3782 Severianus
1135 3723 1285 3796 episeopus
1307 3721 1375 3779 huic
1388 3724 1547 3783 definitioni
1559 3727 1603 3783 in·

112 3821 149 3876 ab
163 3822 226 3893 ipso
241 3823 348 3878 inventi
361 3828 428 3878 sunt
441 3821 682 3879 excommunicati
696 3825 739 3878 te·
791 3822 887 3891 terfui,
912 3824 941 3877 et
963 3817 1114 3891 subscripsi
1135 3817 1180 3873 die
1207 3817 1372 3873 consulibus
1394 3820 1603 3894 suprascriptis.

104 3931 154 3972 ero
175 3917 310 3988 provecti,
329 3920 466 3973 statutum
491 3921 534 3972 est
557 3934 603 3972 eos
628 3917 677 3988 qni
702 3917 742 3971 ita
791 3919 849 3989 Ego
861 3912 1180 3985 Audentiusepiscopus
1200 3911 1310 3967 statutis
1330 3911 1460 3984 interfui,
1476 3913 1521 3970 die
1535 3931 1603 3971 eon·

103 4014 142 4066 int
156 4010 350 4082 deponendos.
366 4012 473 4075 Quibus
487 4015 584 4067 autem
595 4013 674 4066 nuha
684 4027 743 4066 ma·
791 4011 897 4066 salibus
909 4006 1116 4080 suprascriptis.
1130 4007 1190 4078 Ego
1209 4005 1299 4061 Julius
1322 4005 1473 4079 episcopus
1494 4009 1605 4065 statutis

103 4103 233 4160 madonis
256 4105 493 4177 praejudicaverit,
508 4109 594 4178 prout
612 4104 740 4161 Ebredu·
791 4103 919 4173 interfui,
935 4107 964 4158 et
977 4098 1128 4173 subscripsi
1147 4098 1193 4155 die
1214 4098 1375 4155 consulibus
1396 4101 1604 4174 suprascriptis.

103 4197 742 4270 loticonstituendovisnmest,autinecclesiae
790 4200 850 4271 Ego
868 4195 1010 4252 Achadius
1027 4193 1175 4266 episcopus
1188 4192 1234 4248 his
1249 4191 1463 4249 definitionibus
1476 4194 1603 4264 interfui,

103 4290 158 4347 erio
171 4294 320 4361 tenendos,
334 4297 383 4348 aut
401 4293 437 4348 ad
457 4295 551 4365 ipsum
573 4308 741 4365 quocunque
791 4295 820 4348 et
832 4289 983 4362 subscripsi
1003 4287 1049 4344 die
1070 4286 1233 4343 consulibus
1248 4287 1457 4359 suprascriptis.
1472 4289 1530 4361 Ego
1545 4292 1603 4345 Au·

103 4386 311 4457 ransiercndos,
326 4387 473 4459 plebisque
489 4386 742 4459 acciperentlicen·
791 4386 891 4458 apitius
905 4383 1053 4456 episcopus
1066 4381 1111 4437 bis
1124 4379 1336 4437 definitionibus
1356 4381 1483 4453 interfui,
1497 4387 1526 4438 et
1537 4384 1604 4439 sub-

103 4477 354 4551 stitutionishujus
366 4482 506 4553 permissu
520 4481 779 4565 benedicerentl)
790 4479 888 4552 scripsi
901 4476 1062 4533 consulibus
1081 4475 1126 4531 die
1149 4473 1354 4546 suprascriptis.
1373 4475 1432 4546 Ego
1451 4474 1605 4533 Severinus

103 4572 537 4648 itumest,etinunaeademque
549 4576 743 4631 ecclesianeo·
791 4573 941 4648 opiscopus
962 4568 1177 4626 definitionibus
1192 4568 1236 4622 his
1250 4566 1377 4637 interfui,
1394 4572 1423 4622 et
1442 4567 1603 4643 subscripsi,

103 4666 227 4723 amare.
253 4671 285 4725 ln
304 4669 426 4724 castellis
445 4687 477 4726 ac
491 4670 558 4725 vicis
581 4673 673 4726 totum
688 4671 742 4726 illis
791 4671 851 4740 Ego
863 4664 991 4722 Valerius
1015 4663 1162 4736 episcopus
1177 4661 1222 4716 his
1242 4659 1453 4716 delinitionibus
1477 4662 1603 4732 interfui,

103 4766 188 4817 rteros
203 4762 291 4817 sicubi
304 4764 435 4819 venerint
447 4764 531 4820 liceat
543 4764 621 4835 quod
635 4765 666 4820 in
678 4765 744 4820 civi·
791 4766 821 4818 et
832 4757 994 4831 subscripsi.
1010 4759 1070 4829 Ego
1083 4754 1234 4811 Neuterius
1247 4753 1396 4825 episcopus
1409 4753 1454 4810 his
1466 4755 1606 4814 delinitio·

103 4854 164 4911 rino
180 4857 384 4928 prescribitur.
791 4857 876 4913 nibus
889 4850 1016 4919 interfui,
1033 4853 1061 4905 et
1075 4847 1239 4919 subscripsi.
1264 4849 1323 4919 Ego
1335 4846 1481 4920 Asclepius
1494 4849 1603 4922 episco-

103 4949 232 5022 asbyteri
245 4951 377 5022 privatim
400 4951 533 5007 fidelibus
553 4951 739 5007 desideranti·
791 4966 845 5022 pus
865 4947 910 5004 his
931 4943 1144 5002 definitionibus
1168 4940 1294 5008 interfui,
1309 4942 1338 4996 et
1361 4940 1522 5014 subscripsi.
1544 4947 1604 5018 Ego

103 5043 185 5112 icant,
207 5047 236 5099 et
259 5045 453 5101 interminatas
477 5046 528 5100 has
555 5045 743 5101 discussiones
791 5042 954 5099 Theodorus
973 5038 1122 5112 episcopus
1136 5035 1181 5091 bis
1203 5033 1415 5091 definitionibus
1433 5035 1560 5106 interfui,
1577 5045 1606 5095 et

103 5136 209 5193 afinitas
224 5139 341 5194 omnino
360 5140 526 5212 presbytero
538 5156 590 5211 per
604 5138 740 5205 familias,
792 5135 954 5209 subscripsi.
968 5135 1028 5206 ligo
1042 5128 1208 5186 Vincentius
1222 5129 1373 5201 presbyter
1392 5129 1517 5203 episcopi
1529 5132 1602 5188 Con·

103 5247 153 5304 per
172 5232 296 5304 privatas
321 5233 421 5289 domos
439 5250 492 5305 pro
513 5233 654 5289 desiderio
668 5231 741 5287 tide·
792 5229 954 5287 stantiniani
967 5228 1002 5283 ab
1017 5225 1119 5282 eodem
1134 5222 1284 5279 ordinatus
1304 5221 1423 5278 interfui
1437 5223 1496 5279 vice
1516 5223 1605 5296 ipsius

103 5330 183 5383 stem
205 5326 411 5383 benedictionis
432 5328 554 5399 aperire,
570 5328 647 5400 quod
668 5343 741 5383 non·
792 5328 822 5380 et
839 5321 999 5395 subscripsi.

319 5569 518 5636 lNClPlUNT
540 5568 737 5635 CAPITULA
757 5561 1018 5633 nuuucmsls
1040 5557 1218 5627 CONClLll.

103 5702 148 5760 las
162 5702 293 5761 minister
303 5704 364 5761 sine
375 5706 529 5761 chrismate
541 5705 744 5778 proficiscatur.
831 5704 858 5759 3.
879 5701 917 5756 lte
929 5695 1131 5771 paenitentibus
1145 5692 1195 5768 qui
1206 5691 1241 5747 ds
1255 5700 1373 5763 corpora
1386 5692 1498 5745 etsdnt.

103 5797 252 5854 uticusiin
258 5800 527 5854 mortisdiscrimine
535 5802 745 5855 convertantur.
832 5785 860 5850 i.
881 5794 920 5849 [te
933 5790 1042 5847 clericis
1055 5786 1249 5862 poenitentiam
1263 5781 1431 5839 volentibus.
