3870 6150
589 244 826 303 ammittant
844 244 1038 303 contactio.
1605 247 1657 306 tat

103 348 788 426 humbringlumpostseperelegitregnatnrum,
799 366 829 441 Α
840 352 961 410 forsitan
979 352 1149 426 respiciente
1170 354 1289 413 Domino
1307 352 1390 413 saluti
1411 352 1540 430 pristine
1561 357 1654 416 reler-

103 445 172 500 ciali
179 444 376 501 benedictione
384 447 788 518 aagendamtlidimusenim,
839 453 965 515 meatur,
977 452 1068 521 agunt
1084 449 1262 506 cautionibus
1276 450 1357 506 vanis
1379 454 1407 506 et
1429 450 1655 524 oppositionibus

104 539 227 612 rpatulo
241 541 359 596 alternas
372 541 486 597 visionis
501 542 789 614 intuitupraelucente
839 541 1029 610 exsecrandis,
1051 543 1173 615 qualiter
1196 561 1260 599 ase
1281 547 1406 600 tonsurae
1431 545 1594 601 venerabile
1615 545 1654 601 sl-

103 633 702 707 ¹uarias,bajuspraemissiordinisscripturas,
711 636 790 693 idest
840 652 930 708 gnum
944 636 1098 710 expellant,
1109 641 1192 710 atquc
1205 637 1335 693 habitum
1348 637 1496 711 religionis
1507 638 1654 712 abjiciant,

106 728 790 803 mauuseaiorumpalatiiroboratam,coramqui·
839 728 1102 802 imprudentissime
1115 735 1273 786 asserentes
1281 731 1345 787 idco
1356 748 1386 787 se
1396 731 1482 787 nullis
1490 732 1599 805 regulis
1608 748 1654 789 ec·
1732 800 1737 805 p

103 821 208 878 cedens
218 823 350 896 princeps
362 827 390 879 et
399 825 544 896 religionis
557 825 675 892 cultum,
687 828 716 880 et
728 827 789 879 ton-
839 822 999 879 clesiasticae
1013 822 1172 896 discipline
1188 824 1240 879 sab
1255 824 1310 881 hoc
1327 830 1391 880 roto
1405 825 1507 896 teneri,
1518 826 1585 901 quia
1594 843 1654 899 pre·

103 916 790 990 raeadeptuses'tvcnerabilesignum,scripturam
838 916 998 985 nitentiam,
1012 932 1065 973 nec
1080 916 1135 990 ipsi
1149 917 1304 991 petierunt,
1321 935 1373 974 nec
1388 919 1598 975 consentientes
1612 936 1656 976 ac-

103 1008 421 1067 lebnitionisabeodcm
429 1011 564 1082 edictam,
574 1012 623 1067 abi
634 1011 788 1084 gloriosum
839 1012 988 1083 ceperunt,
997 1027 1121 1083 qaorum
1135 1010 1314 1084 impudentia
1327 1011 1430 1067 divine
1445 1012 1655 1087 bonitatisque

103 1119 124 1160 n
137 1108 269 1162 nostmm
278 1105 427 1177 Eringium
440 1111 506 1178 post
515 1123 545 1162 se
558 1107 621 1162 lieri
634 1123 733 1180 regem
745 1124 790 1162 ex·
839 1120 888 1162 eos
898 1103 935 1159 ad
946 1109 1005 1160 tarn
1017 1105 1177 1161 venerabile
1193 1122 1225 1160 ac
1237 1105 1352 1162 secundi
1364 1106 1474 1162 fructus
1488 1107 1597 1162 vocarit
1608 1125 1654 1164 sa·

103 1197 163 1254 liam
184 1215 297 1271 quoque
316 1200 549 1257 informationem
568 1201 631 1273 jam
652 1201 721 1257 dicti
735 1200 789 1257 viri
838 1201 1017 1254 crementum
1028 1198 1151 1270 turpiter
1162 1198 1329 1267 immemor,
1340 1202 1369 1255 et
1383 1199 1524 1255 obstinata
1533 1199 1657 1272 procaci-

105 1309 143 1348 ne
164 1292 337 1349 honorabilis
350 1299 378 1350 et
395 1295 565 1351 sanctissimi
587 1295 683 1351 iratus
700 1296 790 1352 nostri
838 1297 881 1347 aas
892 1308 950 1347 non
964 1291 1118 1364 aliquando
1132 1292 1239 1348 diceret
1250 1292 1327 1361 talia,
1344 1293 1368 1348 si
1380 1294 1504 1366 qualiter
1516 1293 1552 1349 ad
1568 1293 1657 1350 vitam

103 1386 241 1442 l‘oletanae
262 1388 334 1443 sedis
356 1388 490 1460 episcopi,
505 1389 554 1444 ubi
566 1406 632 1445 eum
651 1390 790 1462 separarit
839 1402 891 1458 per
904 1386 1074 1442 sacrosancti
1089 1386 1192 1442 lavacri
1212 1387 1334 1459 gratiam
1347 1387 1466 1455 reniret,
1480 1372 1659 1444 meminisset

103 1484 119 1536 l
129 1481 273 1551 instruxit,
285 1485 318 1536 ut
332 1482 488 1538 cumomni
503 1483 651 1555 diligentia
662 1484 724 1555 jam
735 1484 790 1540 dic·
839 1479 946 1536 etenim
961 1480 1142 1553 parrulorem
1155 1480 1308 1537 infantium
1321 1481 1379 1537 rita
1393 1481 1528 1554 originali
1542 1485 1657 1553 peccato

103 1575 198 1632 uiuum
206 1579 342 1632 nostrum
364 1577 513 1648 Eringium
529 1577 559 1632 in
573 1594 664 1649 regno
678 1595 789 1650 ungere
839 1574 972 1642 obnoxia,
989 1591 1053 1647 quae
1069 1575 1141 1630 nulli
1155 1578 1271 1648 propter
1283 1580 1398 1633 atatem
1420 1575 1599 1632 discernendi
1613 1576 1656 1632 rel

111 1671 141 1726 et
152 1670 231 1725 omni
244 1671 393 1742 diligentia
407 1672 548 1726 unctionis
561 1672 648 1741 ipsius
669 1672 788 1728 celebri·
839 1667 992 1740 expetendi
1004 1669 1099 1724 senam
1116 1669 1210 1742 aptior
1218 1669 1373 1741 judicetur,
1388 1669 1441 1725 nisi
1455 1686 1491 1727 ex
1503 1670 1656 1745 sponsione

102 1767 123 1820 t.
139 1766 169 1820 ln
181 1781 238 1835 qua
253 1764 392 1835 scriptura
405 1769 434 1819 at
447 1765 615 1837 subscriptio
627 1766 710 1823 nobis
717 1748 828 1838 ejus-B
839 1762 966 1818 bdelium
999 1762 1133 1835 baptismi
1169 1762 1309 1836 accipiant
1335 1767 1556 1834 sacramentum,
1579 1765 1656 1820 nullo

103 1857 189 1914 amba
209 1858 347 1930 principis
362 1859 471 1927 claruit,
485 1861 513 1914 ct
531 1859 625 1915 omnis
647 1859 790 1916 evidentia
839 1877 934 1928 sensu,
947 1859 1026 1916 nulla
1040 1860 1126 1916 etiam
1138 1859 1319 1916 discretionis
1332 1860 1470 1917 industria
1480 1862 1509 1917 id
1521 1865 1656 1933 appetere

103 1951 197 2007 ationis
209 1951 377 2007 earumdem
388 1950 789 2023 scripturarumsemaniieste
839 1956 967 2026 possunt.
996 1953 1077 2010 llnde
1110 1953 1183 2009 sicut
1213 1953 1365 2027 baptisma,
1391 1954 1469 2028 quod
1504 1954 1654 2010 nescienti-

103 2043 790 2119 rit.Quibusomnibnsnpprobatisatqacamplec-
838 2048 891 2103 bus
908 2047 1033 2120 parvulis
1054 2047 1115 2103 sine
1131 2047 1188 2103 ulla
1203 2048 1384 2105 contentione
1407 2047 1437 2103 in
1464 2047 1520 2103 ilde
1544 2052 1656 2103 tantiam

103 2154 141 2194 un
150 2155 220 2194 sane
231 2144 328 2195 nostro
342 2140 424 2194 cetui
437 2139 527 2195 visum
542 2144 594 2208 est,
606 2140 789 2212 atproedictis
838 2141 1036 2214 proximorum
1049 2141 1195 2212 accipitur,
1209 2142 1249 2197 ita
1258 2141 1434 2215 paenitentiae
1450 2142 1567 2212 donum,
1578 2143 1657 2215 quod

103 2232 789 2304 nibus,scripturarumnostrorumemniumcon-
840 2235 1030 2292 nescientibus
1054 2235 1189 2303 illabitur,
1204 2236 1322 2308 aliisque
1345 2234 1546 2309 impugnantia
1567 2237 1655 2292 viola-

105 2331 275 2399 apponatur,
283 2333 410 2400 utquam
420 2334 487 2384 ante
496 2332 627 2401 tempora
637 2329 665 2384 in
673 2330 789 2386 occultis
838 2328 933 2397 tionis,
947 2329 977 2384 hi
991 2329 1038 2403 qui
1058 2329 1129 2384 illud
1143 2329 1314 2402 exceperint,
1331 2329 1532 2386 observabunt.
1548 2329 1657 2403 siquis

103 2421 242 2490 prescitos
256 2424 351 2477 estest
364 2424 790 2492 regnaturus,nancmanifesto
838 2426 934 2479 autern
957 2422 1084 2496 quolibet
1107 2424 1191 2479 modo
1213 2423 1410 2494 poenitentiam
1434 2423 1587 2497 accipiens,
1603 2424 1657 2480 hoc

105 2530 138 2572 re
151 2515 452 2587 generaliteromnium
462 2516 641 2572 sacerdotum
652 2517 790 2574 habeatur
838 2517 986 2573 violaverit
1001 2517 1136 2590 synodale
1158 2517 1330 2584 institutum,
1343 2521 1374 2571 ut
1387 2533 1452 2573 rere
1465 2522 1657 2589 transgressor

103 2608 184 2664 nibus
196 2613 383 2665 consecratus.
395 2611 427 2665 tt
441 2609 505 2665 ideo
518 2610 612 2666 soluta
627 2627 728 2667 manus
736 2629 787 2686 po·
838 2612 964 2684 paternis
983 2611 1089 2683 regulis
1112 2610 1242 2667 ferietur.
1262 2611 1317 2666 Nec
1332 2610 1409 2665 enim
1430 2611 1485 2666 iste
1499 2615 1657 2667 statuentes

103 2703 172 2759 imni
185 2703 296 2759 vinculo
317 2705 487 2774 juramenti,
501 2722 564 2776 que
578 2706 712 2777 praedicto
726 2705 788 2763 viro
839 2704 1009 2774 sacerdotes,
1026 2720 1155 2777 quosque
1173 2708 1206 2760 ut
1225 2706 1331 2778 passim
1354 2709 1383 2760 et
1403 2704 1525 2760 licenter
1547 2703 1656 2760 donum

103 2816 118 2864 t,
132 2797 200 2853 dum
214 2814 336 2868 regnum
353 2798 446 2853 adlruc
465 2801 585 2867 teneret,
600 2800 715 2871 alligata
735 2805 787 2868 est,
839 2798 1075 2870 poeniteatiaenon
1089 2798 1293 2872 paenitentibus
1303 2796 1598 2870 audeantprorogare,
1609 2797 1657 2854 ab·

103 2908 155 2947 ,um
171 2891 219 2962 qui
234 2894 391 2962 permansit
411 2892 625 2948 serenissimum
639 2894 788 2966 Eringium
838 2891 984 2960 solvimus,
1003 2892 1052 2948 sed
1066 2892 1119 2948 hos
1141 2893 1191 2965 qui
1213 2891 1341 2965 qualibet
1361 2898 1437 2948 sorte
1460 2890 1657 2963 paenitentiam

103 3002 129 3040 m
162 2985 328 3040 obsecutura
358 2991 445 3056 grata
475 2987 618 3042 servitutis
648 2988 788 3047 famulatu
838 2986 1025 3058 susceperint,
1035 3002 1071 3041 ne
1082 2986 1240 3042 alterinsad
1252 2984 1659 3058 mititarecingulumredcant

103 3096 116 3146 ·,
134 3082 163 3134 et
176 3079 275 3146 libera,
290 3096 376 3150 quem
399 3083 427 3133 et
448 3078 575 3135 divinum
597 3081 737 3152 judiciam
755 3081 785 3137 in
838 3079 1006 3152 religamus.
1023 3079 1185 3137 Sacerdotes
1197 3085 1294 3136 tamen
1311 3079 1429 3152 quinon
1441 3078 1655 3149 consentiendo,

103 3172 233 3243 reelegit,
249 3178 277 3227 ct
297 3172 429 3228 decessor
443 3174 574 3245 princeps
595 3191 787 3232 successorem
797 3121 826 3199 C
838 3173 1200 3247 aequepoeniteutiae,aasn
1210 3172 1657 3246 temerat-iopoenitentiamdede·

102 3264 175 3332 ituit,
190 3271 218 3320 et
232 3266 308 3338 quod
323 3271 463 3338 superest,
477 3284 565 3339 quem
585 3268 671 3324 totins
688 3271 786 3343 populi
838 3267 906 3335 rint,
921 3284 1014 3340 neque
1029 3284 1059 3322 se
1075 3266 1224 3322 exhortatu
1239 3267 1360 3340 ejusqui
1375 3266 1573 3338 poenitentiam
1583 3267 1657 3322 acci-

103 3376 127 3415 as
151 3360 309 3431 exquisivit.
332 3361 411 3416 Unde
433 3361 478 3415 his
501 3363 682 3433 praecognitis
701 3369 786 3436 atque
837 3360 931 3432 pitrel
945 3376 1085 3416 manuam
1099 3359 1275 3428 indiciis,rel
1290 3358 1657 3430 quibuslibctaliiseriden·

103 3452 300 3509 tscmicndum
316 3459 358 3509 cst
370 3456 425 3510 beo
441 3455 550 3523 coeli,et
564 3454 698 3525 predicto
711 3456 787 3528 prin·
836 3454 913 3510 tibus
927 3453 1178 3526 significationibus
1197 3453 1347 3509 invitatum
1371 3452 1457 3507 tuisse
1482 3450 1654 3524 probaverit,

103 3562 140 3602 ‚ro
162 3547 277 3619 Eringio
291 3549 360 3618 regi,
378 3549 460 3620 eique
474 3548 521 3619 pia
534 3548 687 3605 devotione
703 3548 785 3606 obse·
837 3546 998 3602 uniusanui
1008 3546 1312 3602 excommunicationis
1322 3545 1472 3601 sententie
1487 3543 1653 3618 subjacebit.

103 3645 165 3696 aet
188 3640 399 3714 promptissima
419 3642 566 3697 viiluntate
587 3641 787 3713 agendumst
871 3641 913 3698 lll.
937 3640 1065 3696 Vidimus
1090 3639 1240 3713 quosdam,
1263 3642 1292 3695 et
1316 3637 1446 3695 flerimus
1471 3654 1505 3694 ex
1532 3653 1653 3693 numero

103 3751 139 3790 tm
152 3733 291 3807 quidquid
306 3735 367 3807 ejus
385 3735 470 3791 satuti
492 3735 629 3808 proiiciat,
645 3736 786 3809 quidquid
837 3736 1016 3808 culpatorum
1034 3737 1172 3806 receptos,
1188 3734 1218 3788 in
1234 3733 1355 3805 gratiam
1377 3733 1539 3804 principum
1558 3738 1653 3788 extor-

103 3845 139 3885 tae
150 3829 322 3884 utilitatibus
335 3834 363 3885 et
382 3830 482 3902 patriae
504 3830 691 3887 consuluerit.
706 3831 785 3888 Unda
836 3846 881 3885 res
904 3827 1043 3884 exstitisse
1076 3827 1237 3899 acollegio
1275 3826 1467 3894 sacerdotum,
1492 3826 1567 3898 quod
1603 3824 1655 3881 dc-

103 3923 165 3996 jam
178 3922 310 3994 deinceps
322 3924 358 3978 ab
368 3923 559 3979 anathematis
569 3925 712 3981 sententia
722 3926 786 3981 alie·
837 3923 962 3980 notabile
982 3922 1091 3978 malum
1118 3920 1165 3976 illa
1189 3937 1234 3976 rcs
1260 3920 1331 3991 agit,
1352 3920 1418 3992 qnia
1439 3919 1552 3976 licentia
1577 3918 1654 3992 prin·

103 4016 237 4074 tdirinae
262 4016 518 4074 animadversionis
544 4019 650 4074 ultione
671 4035 786 4076 securus
835 4017 933 4092 cipalis
957 4017 988 4072 in
1016 4032 1074 4089 quo
1099 4033 1128 4072 se
1158 4015 1226 4071 solvi
1250 4015 1381 4070 licentius
1406 4017 1497 4083 curat,
1520 4014 1559 4068 ibi
1583 4013 1652 4068 alios
1737 4009 1740 4012 ’

107 4116 208 4169 contra
228 4111 348 4167 salutem
372 4115 432 4183 ejus
452 4111 584 4183 deinceps
599 4113 787 4170 auterexerit
837 4111 943 4185 alligat,
964 4114 993 4167 et
1015 4126 1086 4182 quos
1110 4108 1140 4165 in
1166 4125 1248 4165 suana
1275 4108 1510 4165 communionem
1538 4106 1652 4164 videtur

103 4209 143 4262 iat
167 4205 353 4262 commoverit
378 4205 497 4275 caedem,
515 4209 566 4263 aut
584 4223 786 4281 quamcunque
836 4206 989 4279 suscipere,
1013 4221 1030 4259 a
1053 4204 1256 4260 communione
1277 4208 1306 4258 et
1326 4219 1395 4275 pace
1419 4201 1550 4258 Ecclesiae
1576 4200 1654 4257 vide·

103 4301 123 4356 it
139 4299 263 4356 laedendi
279 4300 429 4357 ultionem.
836 4302 884 4355 tur
895 4315 1040 4371 separare,
1055 4301 1087 4353 nt
1105 4298 1154 4371 qui
1178 4313 1244 4354 ciam
1267 4297 1315 4352 illo
1337 4301 1543 4352 convescuntur
1564 4311 1656 4351 sacer·

103 4412 224 4467 rumque
237 4395 290 4463 bis,
302 4396 406 4468 quibus
415 4396 557 4452 miseratio
574 4395 690 4452 Domini
700 4397 785 4453 etiam
836 4392 935 4448 dotum
957 4390 1160 4448 communione
1182 4392 1242 4446 sola
1263 4390 1419 4462 priventur.
1441 4390 1475 4446 at
1497 4389 1564 4446 ideo
1586 4389 1654 4461 quia

103 4505 131 4545 as
157 4488 297 4557 subvenit,
325 4490 471 4545 beneflciis
495 4489 544 4544 [lei
570 4490 704 4546 ridentur
729 4485 968 4568 esscDremissio
991 4485 1102 4554 talium,
1126 4484 1176 4557 qni
1200 4489 1300 4541 contra
1324 4483 1431 4556 legem,
1458 4487 1585 4554 gentem,
1611 4483 1654 4537 vel

103 4589 128 4640 et
144 4582 221 4638 abuti
238 4583 327 4655 gratia
340 4583 484 4655 largitoris
498 4600 554 4656 qua
567 4584 640 4640 bene
654 4583 698 4640 usi
711 4589 789 4657 pete·
838 4579 960 4652 patriam
980 4582 1079 4650 agunt,
1097 4593 1149 4649 pcr
1161 4577 1343 4633 definitiones
1361 4592 1501 4632 canonum
1523 4575 1656 4648 antiquo·

103 4676 193 4749 tseqai
215 4677 424 4733 absolutionem
449 4677 590 4734 facinoris.
600 4678 789 4750 *Impugnant
837 4687 903 4726 rum
926 4675 1063 4745 potestate
1078 4670 1170 4727 solum
1186 4670 1268 4741 regia
1282 4669 1409 4741 punitur,
1424 4668 1469 4724 cui
1484 4674 1513 4725 et
1526 4684 1655 4741 peccasse

103 4770 286 4827 odhonerare
299 4771 468 4838 debuerunt,
480 4776 508 4827 ct
521 4771 789 4845 profanisquaestio·
837 4769 995 4821 noscuntur
1010 4763 1047 4819 ab
1067 4764 1107 4819 eis
1129 4764 1208 4819 nulla
1230 4781 1260 4819 se
1283 4763 1417 4835 deinceps
1437 4761 1592 4820 abstinebit
1612 4780 1656 4820 sa-

103 4864 184 4921 lultre
193 4864 292 4938 gratie
302 4881 472 4920 munusasc
484 4865 788 4938 rejiciuntquodsnm·
837 4859 984 4915 cardetum
999 4858 1174 4925 communio,
1191 4857 1241 4914 sed
1262 4873 1333 4929 quos
1348 4856 1429 4930 regia
1451 4862 1587 4928 potestas,
1607 4861 1657 4913 aut

103 4958 442 5030 templectidabucrunt.
466 4959 577 5015 Etenim
595 4961 787 5034 multossaps
838 4954 868 5009 in
891 4951 1014 5025 gratiam
1040 4951 1228 5024 benignitatis
1250 4950 1406 5023 receperit,
1430 4956 1479 5007 aut
1503 4951 1655 5026 participes

103 5068 135 5109 as
148 5052 180 5108 in
196 5052 285 5108 salute
305 5052 422 5125 positos,
435 5053 570 5109 ultimum
594 5053 788 5110 desiderantes
839 5063 945 5103 mensas
977 5062 1036 5102 suae
1060 5045 1196 5116 effecerit,
1223 5046 1275 5102 hos
1301 5045 1387 5102 etiam
1418 5045 1601 5102 sacerdotum
1627 5050 1656 5101 et

103 5146 442 5216 cernennentes
455 5146 601 5203 nimietate
611 5147 789 5220 aegritudinis
838 5141 1009 5215 populorum
1035 5145 1190 5196 conventus
1216 5139 1358 5212 suscipere
1383 5139 1412 5195 in
1440 5138 1656 5196 ecclesiasticam

103 5239 787 5313 ndictsentiendinaturaleprodidisseoillcium‚
838 5233 1076 5292 communionem
1097 5233 1219 5302 debebit,
1238 5238 1269 5290 ut
1284 5234 1361 5306 quod
1380 5233 1544 5307 principalis
1566 5232 1655 5304 pietas

103 5334 237 5392 iltiscura
250 5334 348 5390 salutis
361 5351 419 5390 sue
435 5335 581 5390 videretur
596 5336 698 5404 inesse,
710 5335 789 5391 nullo
838 5330 924 5386 habet
954 5332 1103 5401 acceptum
1134 5344 1192 5384 non
1223 5345 1240 5383 a
1271 5326 1461 5385 sacerdotibus
1492 5324 1540 5381 [lei
1570 5323 1655 5380 debet

103 5428 199 5485 istinae
210 5428 371 5485 devotionis
383 5435 569 5485 noscerentur
581 5428 721 5485 desiderio
735 5446 788 5486 an·
839 5440 899 5482 esse
913 5427 1089 5483 extraneum.

103 5524 216 5588 luorum
227 5526 322 5578 umen
332 5524 441 5578 casibus
450 5523 614 5579 fraternitas
622 5523 788 5589 condolens,
873 5518 916 5574 IV.
932 5517 1070 5589 ldajorarn
1084 5516 1308 5573 institutionibus
1322 5531 1393 5571 ausu
1414 5511 1567 5570 temerario
1585 5527 1654 5568 con-

103 5632 126 5672 n
138 5616 316 5673 necessitates
329 5616 358 5672 in
372 5618 428 5673 fide
451 5606 608 5690 susceperit
620 5634 681 5684 sua,
697 5620 729 5672 ut
743 5617 788 5672 ul·
838 5612 936 5680 traire,
950 5615 979 5667 et
998 5614 1160 5668 sanctorum
1184 5612 1299 5667 Patrem
1319 5609 1431 5664 decreta
1454 5605 1612 5662 convellere
1626 5611 1655 5663 ct

103 5709 145 5767 llis
162 5710 305 5766 tribuatur
316 5711 460 5779 viaticum,
474 5711 629 5766 scilicetne
647 5711 708 5766 sine
727 5711 788 5767 lru-
839 5707 1020 5781 superiorum
1030 5722 1147 5762 suorum
1157 5705 1295 5760 effrenata
1306 5701 1422 5757 libidine
1432 5706 1531 5757 contra
1540 5700 1655 5757 sanctis

103 5803 208 5862 tende
223 5804 374 5862 videantur
388 5804 508 5862 transire
521 5821 537 5860 e
549 5804 662 5862 saeculo.
676 5803 755 5872 Quod
766 5802 790 5862 si
840 5802 942 5864 simam
957 5799 1086 5883 Apostoli
1098 5798 1266 5860 doctrinam
1276 5790 1688 5865 sancusunasrsuu,‹atxs
