3870 6150
121 238 174 294 ost
574 221 719 292 sermo.
738 235 783 292 so
800 233 883 292 sac.
903 228 947 292 rx.
961 264 995 277 -
1013 228 1135 292 tstoom
1153 227 1367 293 umesronts
1549 187 1562 206 ⁹
1752 233 1800 292 tto

122 350 181 400 tur.
204 343 231 400 Si
254 348 351 400 autem
374 339 517 416 ignobiles
537 343 705 415 consistunt,
723 359 780 400 non
799 344 891 400 solurn
911 343 941 399 in
951 356 1056 431 Arum
1066 343 1237 399 custodiant.
1253 343 1325 400 Data
1337 344 1432 398 octava
1445 340 1638 398 Kalendarum
1652 341 1738 412 lunii,
1753 346 1802 397 hs·

126 436 221 512 157
236 453 355 509 corpore
366 437 562 506 verberentur,
577 437 627 493 sed
638 437 738 494 exsilio
750 440 890 511 perpetuo
898 455 941 494 ca·
990 437 1091 510 clepio,
1107 440 1137 492 et
1150 436 1275 494 Deodnto
1287 438 1330 508 tv,
1347 453 1388 493 oc.
1404 436 1513 494 consul.
1528 435 1625 493 Gratia
1646 437 1712 492 lesu
1726 435 1802 491 Chri·

124 531 286 603 eligentur,
302 535 447 587 utomnes
461 531 565 587 timore
579 531 628 587 Dei
641 532 807 605 compressi,
820 537 941 588 etcom·
991 536 1035 588 sto
1056 530 1175 588 Domino
1197 535 1303 602 nostro,
1328 547 1384 604 pax
1410 530 1497 587 vobis.
1522 532 1626 600 Arnen,
1655 530 1713 586 lteo
1740 545 1801 601 gra·

123 625 231 680 minata
247 625 288 680 eis
302 625 390 697 digna
411 624 550 698 supplicio
572 631 732 682 reverentes
752 624 940 694 immobilem,
991 625 1054 681 tias.

124 720 154 774 et
167 718 228 774 sine
242 717 404 775 turbatione
426 734 528 791 pacem
549 721 709 773 muctarem
735 718 784 773 Dei
806 717 942 774 Ecclesia·

425 999 715 1093 lNClPlUNT
760 999 1023 1094 urthern
1069 999 1282 1094 FELICIS
1327 998 1510 1093 PAPAE.

125 1192 250 1264 Epistola
272 1193 464 1263 Egyptt'orttm
477 1195 639 1265 pontificum
660 1195 699 1250 od
715 1195 836 1252 eumdem
854 1195 942 1252 daia·
993 1209 1091 1267 scopos
1115 1194 1275 1264 damnare,
1300 1193 1366 1251 licet
1391 1194 1453 1250 haec
1482 1196 1512 1248 et
1536 1190 1591 1248 alia
1615 1204 1704 1262 quam
1729 1187 1800 1260 plnn

342 1265 535 1332 mmmmm
547 1265 723 1322 mmmm·
993 1288 1152 1344 necessaria
1165 1287 1202 1343 ab
1215 1287 1367 1357 haereticis,
1391 1286 1441 1359 qui
1460 1301 1514 1342 nos
1535 1283 1665 1359 quotidie
1676 1280 1800 1345 interm

160 1378 281 1435 Domino
295 1379 459 1435 beatissimo
474 1384 503 1435 et
518 1381 679 1437 honorabili
691 1384 788 1437 sancto
804 1381 880 1454 patri
895 1381 944 1437 rr·
994 1385 1022 1439 et
1036 1380 1156 1453 perdere
1170 1379 1311 1449 nituntur,
1327 1384 1359 1436 ut
1371 1379 1482 1436 lucilius
1501 1395 1553 1434 nos
1574 1391 1678 1451 capere
1693 1373 1801 1448 possint,

126 1487 180 1528 met
200 1476 304 1528 sanctae
328 1473 408 1530 Sedis
433 1474 597 1546 apostolicae
622 1473 699 1530 urbis
725 1475 826 1530 Roma
849 1491 943 1547 papst,
994 1475 1051 1530 sint
1063 1474 1199 1547 synodica
1207 1474 1333 1547 capitula
1345 1475 1459 1530 incensa
1470 1471 1609 1546 nobisque
1619 1469 1743 1526 sublata.
1751 1468 1802 1533 Ona

125 1570 312 1637 brumasius,
325 1570 356 1623 et
371 1566 495 1623 universi
512 1567 721 1640 AEgyptiorum,
734 1568 944 1624 Thebaidornm
994 1568 1029 1623 de
1038 1583 1070 1623 re
1078 1568 1130 1623 hnc
1139 1567 1254 1624 inventa
1267 1568 1415 1624 occasione
1428 1565 1627 1623 indifferenter
1639 1562 1721 1620 omni
1729 1576 1803 1617 cano

127 1666 157 1716 et
170 1659 314 1716 libiorum
326 1661 451 1733 episcopi
463 1661 493 1717 in
507 1666 605 1718 sancta
616 1662 810 1718 Alexandrina
822 1662 943 1735 synodo,
993 1661 1057 1717 nica
1071 1666 1099 1718 et
1113 1662 1268 1735 apostolica
1288 1661 1446 1735 postposita
1466 1659 1644 1730 anctoritate,
1665 1672 1732 1728 nos,
1750 1654 1803 1711 vit

127 1759 219 1831 gratia
231 1759 281 1814 Dei
293 1759 470 1831 congregati.
993 1755 1118 1828 propriis
1132 1755 1210 1811 vobis
1221 1755 1400 1824 inconsultis,
1414 1754 1511 1810 illicite
1526 1753 1672 1826 expellunt
1683 1749 1803 1818 sedibus;

163 1852 734 1926 Vestrosanctosuggerimusapostolatui,
745 1853 872 1910 utnostri
879 1870 943 1910 mo·
995 1865 1119 1922 ovesque
1132 1849 1215 1906 uobis
1227 1867 1244 1904 a
1256 1849 1367 1905 Christo
1377 1848 1500 1905 Domino
1512 1846 1670 1920 apostolica
1681 1842 1805 1901 compris·

127 1963 158 2002 re
172 1946 255 2002 solito
269 1946 491 2003 solhcitudinem
503 1963 603 2019 gerere
622 1947 794 2019 dignemini,
802 1949 887 2020 juxta
900 1964 945 2005 ve·
994 1959 1039 1999 sas
1051 1943 1145 2015 gratia
1164 1943 1303 2000 invadunt
1320 1942 1455 2016 gradibus
1466 1942 1589 2015 privant,
1613 1944 1642 1996 et
1660 1938 1741 2012 quod
1753 1952 1805 2011 pes·

127 2044 217 2095 stram
224 2039 475 2112 prudentissimam
483 2040 655 2113 sapientiam
665 2058 730 2114 qna
739 2040 873 2097 omnibus
883 2042 945 2097 luce
995 2037 1100 2092 simum
1111 2042 1163 2108 est,
1176 2041 1205 2093 et
1215 2035 1350 2093 omnibns
1357 2035 1523 2092 Christianis
1536 2034 1650 2107 legibus
1663 2030 1804 2088 inimicum

127 2133 231 2189 clarius
243 2134 396 2189 manifesta
406 2134 542 2207 est;quia
552 2135 714 2207 apostolicis
724 2139 815 2192 vestra
825 2134 946 2191 heatitu·
995 2131 1130 2203 perticere
1152 2129 1309 2187 decertant.
1334 2132 1389 2186 Vos
1413 2145 1494 2202 ergo,
1514 2131 1549 2184 ut
1571 2141 1690 2200 semper
1713 2128 1804 2181 vestra

127 2226 946 2300 dovisceribnscommotapertrihulationemnostramnos
995 2223 1054 2280 sedi
1066 2228 1169 2280 sancta
1183 2223 1361 2279 consuetudo
1382 2223 1447 2291 luit,
1469 2219 1699 2294 periclitantibus
1713 2217 1803 2275 subve-

126 2336 227 2377 omnes
237 2321 351 2377 hortata
361 2320 447 2377 estad
457 2320 609 2378 tuitionem
619 2322 762 2378 catholica
773 2327 802 2379 et
811 2322 944 2395 apostoli·
996 2317 1055 2374 nite
1070 2334 1222 2391 oppressos
1234 2317 1378 2388 roborate,
1393 2315 1594 2372 tribulantibus
1608 2329 1733 2370 manum
1745 2325 1802 2384 por·

126 2430 168 2471 cac
177 2415 307 2471 Ecclesia
317 2413 347 2470 in
358 2431 448 2471 unum
459 2415 621 2484 convenire,
629 2418 658 2472 et
664 2416 700 2472 de
706 2421 802 2473 nostra
812 2415 946 2474 canonice
995 2411 1089 2484 rigite,
1103 2412 1227 2486 taliaque
1235 2411 1395 2485 prohibete,
1405 2412 1434 2467 et
1445 2410 1524 2482 leges
1535 2407 1691 2481 imponite,
1705 2408 1737 2462 ut
1746 2420 1802 2479 apo·

129 2509 363 2581 oppressioue,et
370 2508 547 2566 unanimiter
555 2513 676 2566 tractus
690 2510 761 2565 dum
771 2514 882 2568 constat
891 2490 983 2568 nosB
995 2506 1092 2563 stolioa
1113 2506 1243 2564 doctriua
1265 2521 1330 2579 quae
1344 2505 1375 2560 in
1391 2505 1449 2561 lieo
1464 2507 1516 2573 est,
1529 2504 1587 2560 cito
1609 2502 1645 2559 ad
1664 2499 1800 2557 victorina

129 2619 260 2658 unacum
276 2602 361 2659 beato
370 2603 456 2658 Paulo
464 2603 592 2676 apostolo
601 2603 701 2661 eadem
711 2604 948 2677 compassibiliter
992 2599 1297 2675 judicinmperducere
1307 2599 1538 2656 valeatnostrum
1551 2611 1664 2670 nosque
1677 2593 1799 2669 apostolo·

129 2696 243 2752 diceret
253 2695 525 2767 «Onisintlrmatnr,
542 2701 699 2769 etegouon
710 2697 865 2755 infirmor?
878 2698 947 2765 Quis
996 2710 1062 2750 rum
1076 2694 1207 2768 principe
1219 2694 1394 2768 suffragante
1404 2687 1798 2760 Petroahimminentibuspt·

128 2789 345 2859 scandalizatur,
353 2793 383 2846 et
390 2806 443 2862 ego
451 2807 510 2846 non
520 2791 631 2846 uror‘l«
641 2791 678 2863 (hl
689 2794 749 2851 Cor.
764 2808 801 2862 ιι,
814 2791 948 2865 attenta·
996 2788 1094 2845 riculis
1109 2789 1239 2847 liberare.
1262 2790 1398 2845 Novimus
1421 2803 1546 2860 namque
1567 2786 1598 2840 in
1618 2785 1683 2857 jam
1696 2781 1796 2855 prena

129 2889 227 2956 gentes
241 2898 277 2941 ne
286 2884 383 2955 aliqua
392 2883 428 2940 de
439 2883 479 2939 eis
489 2900 554 2957 quae
564 2884 647 2941 nobis
657 2885 773 2942 credite
782 2890 850 2942 sunt
858 2886 946 2943 ratio-
995 2882 1110 2939 Nicaeae
1122 2882 1233 2956 synodo
1247 2882 1419 2957 generaliter
1428 2897 1489 2938 esse
1501 2880 1663 2950 decretum,
1676 2878 1709 2933 nt
1719 2875 1794 2932 nullos

129 2977 271 3033 nubilibus
280 2977 380 3033 ovibus
390 2993 407 3032 a
416 2976 513 3033 bestiis
522 2978 658 3050 capiatur.
668 2978 745 3050 ldco,
757 2984 838 3054 pater
846 2979 948 3037 beatis·
996 2976 1101 3049 passim
1109 2992 1236 3049 vageque
1251 2977 1397 3049 episcopos
1405 2981 1455 3032 aut
1462 2973 1668 3049 praesumptive
1679 2971 1792 3036 horum,

128 3071 209 3140 sime,
221 3070 287 3142 quia
295 3085 410 3143 semper
419 3073 612 3128 antecessores
620 3072 719 3143 nostri,
729 3078 758 3130 et
767 3091 818 3131 uos
827 3090 845 3130 a
854 3077 947 3131 vestra
997 3075 1047 3126 aut
1061 3086 1210 3141 aceusare;
1222 3075 1250 3128 et
1263 3071 1314 3144 qui
1328 3087 1387 3127 nou
1406 3070 1474 3125 sunt
1493 3071 1579 3125 recta
1593 3065 1663 3123 fidei
1676 3064 1718 3122 vel
1728 3064 1792 3119 bom

129 3165 283 3239 apostoliea
304 3167 401 3221 sancta
426 3164 494 3221 sede
508 3165 644 3221 auxilium
667 3166 825 3237 hausimus,
847 3172 877 3224 et
894 3184 945 3225 no·
995 3164 1061 3221 vitre
1075 3165 1119 3220 vel
1131 3165 1215 3221 elaroe
1229 3164 1451 3222 conversationis
1471 3168 1521 3218 aut
1543 3161 1687 3217 infamare
1704 3170 1790 3231 prara-

128 3258 180 3317 stri
191 3275 240 3315 vos
253 3274 351 3315 curam
362 3258 468 3315 habere
478 3258 656 3331 agnovimus,
668 3261 819 3332 prefatam
831 3266 946 3334 aposto·
996 3261 1069 3327 mat;
1082 3259 1133 3314 sed
1147 3258 1227 3331 prius
1241 3258 1266 3315 si
1279 3274 1350 3331 erga
1364 3257 1509 3330 episcopos
1521 3255 1568 3310 vel
1581 3261 1711 3311 auctores
1722 3248 1791 3307 acels

128 3354 227 3423 licam,
244 3356 273 3408 et
292 3368 435 3409 summam
450 3353 620 3425 expetimus,
639 3353 723 3425 juxta
738 3371 882 3412 canonum
894 3355 945 3412 de·
996 3353 1045 3409 siae
1061 3353 1213 3427 quisquam
1228 3369 1341 3409 oausam
1363 3352 1503 3420 habuerit,
1519 3366 1570 3406 eos
1591 3365 1659 3405 cum
1677 3343 1790 3403 camah

128 3450 215 3518 creta,
240 3447 356 3516 sedem,
379 3450 414 3502 ut
435 3446 503 3502 iude
527 3446 663 3503 auxilium
689 3447 844 3521 capiamus,
869 3449 947 3505 uude
995 3452 1145 3504 mansuete
1159 3447 1315 3517 conveniat,
1330 3451 1363 3503 nt
1386 3446 1421 3501 ab
1436 3444 1477 3501 eis
1495 3445 1598 3500 vulnus
1623 3441 1700 3498 unde
1718 3437 1791 3511 egita

127 3541 349 3615 predecessores
358 3539 448 3596 nostri
457 3540 664 3611 ordinationes,
674 3545 703 3598 et
712 3542 850 3615 dogmata
859 3545 947 3615 atque
996 3547 1072 3599 recte
1085 3542 1300 3614 sanet,autipse
1310 3541 1334 3596 si
1345 3556 1426 3595 serus
1438 3539 1530 3612 egerit
1539 3539 1789 3593 accusatoremne·
1831 3544 1833 3549 ’

128 3635 338 3691 sublevationes
347 3637 498 3706 oeperunt3
510 3635 619 3690 adeam
626 3651 742 3709 quoque
752 3636 879 3709 quasiad
888 3652 948 3692 ma·
994 3636 1167 3693 muniretur.
1182 3634 1302 3700 Quodsi
1317 3633 1353 3690 ab
1363 3634 1403 3690 eis
1416 3633 1486 3689 nihil
1496 3631 1619 3688 veluerit
1630 3634 1707 3687 recte
1718 3620 1789 3701 perti·

128 3732 204 3785 trem
216 3728 402 3800 recurrimus,
425 3730 457 3784 nt
475 3728 535 3799 ejus
558 3728 691 3786 uberibus
713 3731 864 3800 nutriatur,
878 3748 948 3804 quo·
996 3747 1076 3803 pere,
1089 3732 1157 3785 tuno
1172 3730 1265 3802 primo
1289 3744 1419 3785 summos
1441 3727 1527 3784 adeat
1546 3725 1696 3798 primates,
1711 3715 1790 3792 etipa'
1831 3768 1833 3777 .

129 3824 207 3881 niam
221 3840 279 3880 non
291 3827 383 3896 potest
397 3828 488 3879 mater
500 3822 626 3878 oblivisci
639 3822 781 3880 infantem
797 3841 891 3896 suum,
907 3826 984 3942 sioG
996 3826 1124 3896 tempore
1138 3838 1265 3897 congruo
1276 3823 1412 3878 canonice
1422 3838 1469 3878 eos
1482 3835 1639 3877 convocare
1652 3814 1788 3879 debebunt}
1831 3894 1833 3905 Ι

129 3922 160 3974 et
171 3935 220 3975 vos
231 3916 319 3975 nolite
334 3915 461 3974 oblivisci
473 3932 526 3973 nos
537 3916 617 3973 vobis
631 3918 796 3974 commissos
812 3919 947 3991 quoniam
995 3917 1044 3991 qui
1058 3917 1081 3972 si
1094 3920 1143 3973 aut
1155 3916 1213 3973 suis
1224 3916 1310 3973 rebus
1322 3914 1480 3989 exspoliati,
1496 3917 1547 3970 ant
1560 3929 1577 3968 a
1591 3910 1713 3987 propriis
1731 3903 1788 3962 sedi·
1831 3910 1833 3915 '

128 4029 187 4068 non
201 4011 311 4068 levibus
324 4026 377 4068 nos
386 4009 495 4066 inimici
507 4009 596 4066 nostri
604 4011 829 4082 implicaverunt,
837 4015 867 4067 et
876 4027 946 4085 quo·
995 4011 1049 4067 hus
1062 4011 1153 4083 ejecti,
1177 4015 1227 4067 aut
1247 4010 1416 4081 exsulantes,
1439 4009 1484 4065 vel
1496 4006 1636 4081 oppressi,
1653 4001 1788 4072 autiniqtt
1831 4076 1833 4081 Ι

129 4105 297 4162 tidietacere
307 4103 465 4160 moliuntur
473 4103 673 4160 afflictionibus
683 4110 711 4161 et
721 4105 945 4178 apprehendere,
996 4105 1108 4161 tractati
1121 4104 1237 4174 fuerint,
1252 4105 1347 4178 primo
1366 4108 1514 4172 eruantur,
1530 4099 1707 4158 etcanonice
1727 4089 1789 4152 rest·-

129 4202 178 4254 aut
192 4198 268 4254 terro
281 4213 334 4253 nos
346 4196 506 4268 constringi
520 4197 678 4266 minantur,
693 4197 750 4254 nisi
764 4214 864 4254 eorum
876 4215 945 4256 con·
996 4202 1123 4270 tuantur,
1147 4203 1233 4273 atque
1247 4198 1344 4255 omnia
1362 4197 1416 4254 sibi
1438 4196 1561 4268 sublata,
1574 4182 1788 4268 integerrime&

129 4290 287 4348 sentiamus
298 4278 457 4358 erroribus;
473 4289 551 4363 quod
565 4307 750 4365 nequaquam
760 4290 839 4348 vobis
850 4291 948 4349 incon·
995 4294 1106 4366 legibus
1125 4293 1281 4349 reddantur
1290 4311 1298 4362 ;
1316 4292 1454 4365 quoniam
1468 4289 1641 4363 priusquam
1655 4287 1713 4342 bac
1724 4280 1787 4346 dett

128 4384 209 4441 sultis
221 4400 308 4456 agere
321 4383 533 4456 presumimus,
545 4384 704 4441 canonibus
719 4384 826 4458 quippe
839 4385 944 4459 juben·
996 4393 1029 4445 ut
1050 4387 1080 4445 iu
1103 4387 1239 4460 praedicto
1254 4386 1439 4443 constitutum
1454 4388 1496 4442 est
1509 4381 1642 4454 concilio,
1656 4395 1708 4436 nec
1719 4385 1788 4433 eane

128 4479 205 4536 tibus
217 4478 325 4552 absque
338 4479 529 4535 ltomanonos
544 4478 579 4535 de
593 4478 752 4551 majoribus
765 4480 858 4536 causis
872 4480 946 4537 nihil
996 4482 1058 4539 nice
1081 4481 1241 4551 convocari,
1265 4496 1318 4537 nec
1344 4477 1478 4552 distringi
1498 4493 1516 4532 a
1537 4491 1655 4550 quoquo
1680 4467 1788 4546 potsunt

128 4575 232 4631 debere
247 4573 404 4630 decernere
418 4572 570 4647 pontilic03
583 4572 706 4646 ideoque
718 4575 754 4630 ad
766 4575 946 4648 propositum
997 4574 1134 4648 quoniam
1160 4591 1213 4630 nec
1236 4574 1330 4631 soeculi
1352 4575 1432 4647 leges
1456 4572 1519 4629 hoec
1542 4569 1605 4627 iteri
1628 4560 1789 4642 permeent

128 4670 305 4724 recurrentes
320 4671 349 4725 et
362 4667 400 4722 ad
413 4665 543 4723 bravium
558 4672 753 4740 properantes,
767 4670 867 4724 vestrae
881 4685 946 4741 apo·
995 4672 1103 4743 quanto
1115 4669 1206 4742 magis
1220 4666 1438 4725 ecclesiasticae?
1454 4665 1593 4724 Similiter
1605 4668 1636 4720 et
1648 4678 1668 4719 a
1678 4651 1790 4734 supnffi·

26 4816 29 4821 .
128 4762 235 4820 stolicae
259 4762 334 4818 sedis
350 4762 538 4835 imploramus
551 4761 702 4832 auxilium,
715 4761 793 4834 qnia,
808 4766 839 4818 nt
852 4762 945 4819 credi·
995 4763 1048 4820 ctis
1065 4763 1194 4819 Patribus
1209 4768 1252 4820 est
1272 4762 1422 4819 delinitum
1440 4763 1641 4828 consonanter,
1653 4760 1687 4814 ut
1698 4746 1790 4824 sieut·

128 4873 204 4926 mus,
227 4873 284 4912 non
305 4856 435 4928 despexit
447 4856 521 4912 lleus
535 4870 634 4927 preces
653 4872 719 4911 curn
741 4857 874 4929 lacrymis
892 4855 947 4913 sibi
995 4873 1084 4932 quam
1096 4857 1306 4930 episcoporum,
1320 4861 1370 4913 aut
1381 4853 1648 4929 metropolitanum,
1669 4851 1717 4906 aut
1732 4855 1791 4902 eon·

128 4951 236 5008 oblatas
258 4964 403 5006 servorum
424 4965 552 5019 suorum,
566 4950 617 5005 sed
632 4949 669 5006 ob
680 4949 710 5006 id
723 4966 773 5006 vos
787 4949 946 5023 predeces·
995 4951 1192 5025 provinciales,
1205 4953 1249 5008 vel
1260 4951 1372 5026 judices
1384 4955 1528 5024 suspectos
1537 4943 1792 5017 enumerante

128 5060 265 5116 soresque
286 5046 395 5099 vestros
418 5042 585 5115 apostolicos
601 5042 734 5099 videlicet
755 5045 892 5116 presules
914 5045 945 5101 in
995 5051 1122 5102 sanctam
1144 5046 1300 5102 Romanam
1321 5044 1486 5117 interpellet
1509 5040 1618 5112 sedem,
1639 5036 1686 5094 eui
1699 5031 1793 5104 abba

128 5137 298 5198 summitatis
312 5152 376 5192 arce
391 5135 549 5204 constituit,
560 5136 746 5209 omniumque
758 5137 945 5194 ecclesiarum
995 5140 1118 5196 Domino
1133 5143 1256 5212 potestas
1269 5140 1378 5213 ligandi
1386 5155 1419 5196 ac
1432 5135 1559 5194 solvendi
1573 5131 1693 5208 speciali
1702 5119 1794 5200 estpn‘·

129 5234 170 5291 eis
179 5247 278 5289 curam
289 5229 397 5286 hahere
406 5229 552 5301 praecepit,
560 5232 593 5284 ut
603 5229 685 5285 nohis
693 5231 873 5303 succurratis,
881 5243 984 5318 nos-1)
995 5233 1097 5309 vilegio
1110 5250 1197 5307 super
1207 5235 1276 5290 alios
1289 5234 1501 5306 concessa.lpsa
1508 5225 1795 5287 mimnmamsnton

129 5343 185 5401 que
200 5330 322 5396 tuentes,
347 5323 393 5378 cui
415 5338 501 5378 omne
522 5321 721 5396 episcoporum
741 5323 883 5394 judicium
904 5331 946 5383 est
995 5312 1797 5402 aneonxumstimmobileprecepit,quonismipsantcr

128 5419 323 5487 ⁰⁰mmi⁸⁸¹¹¹1¹2
340 5416 463 5472 liberm
476 5415 512 5472 ⁸¹)
524 5415 654 5472 h⁰⁵fib¹¹³
668 5416 773 5472 ¹¹⁰⁵tri⁵
786 5432 844 5473 1¹⁰ss
857 5419 946 5490 negli-
994 5438 1074 5479 mam
1084 5424 1282 5480 universorum
1292 5423 1444 5479 titulorum
1452 5418 1661 5477 lucidissimam
1670 5409 1797 5471 nominat

17 5498 21 5505 ¹
129 5516 215 5588 gatis3
229 5530 297 5570 nam
311 5511 416 5568 scimus
429 5509 704 5583 inNicrenamagna
717 5511 946 5584 syuodotrecen·
992 5518 1072 5574 lesus
1084 5518 1212 5574 Christus
1220 5521 1344 5575 vestram
1354 5503 1796 5590 apostotiesmconsatuirssten

128 5614 225 5665 torum
238 5608 336 5665 decem
349 5609 452 5662 storto
465 5605 666 5678 episcoporum
679 5604 714 5660 ab
729 5605 861 5664 omnibus
875 5625 943 5665 con·
993 5611 1055 5683 ipsa
1061 5616 1104 5668 est
1110 5612 1189 5668 enhn
1197 5616 1376 5670 sacervertex
1382 5610 1412 5668 in
1418 5627 1475 5685 quo
1482 5621 1584 5667 omnes
1590 5607 1751 5672 venantur,
1756 5610 1799 5654 π·

82 5726 86 5731 ·
128 5702 251 5758 corditer
270 5717 332 5758 esse
352 5699 532 5767 roboratum,
555 5713 613 5753 non
637 5698 740 5756 debers
762 5700 870 5774 absque
888 5704 943 5761 lto·
992 5708 1162 5775 stentantur,
1177 5707 1348 5777 relevantur,
1365 5704 1515 5763 etsicutin
1522 5700 1637 5760 Christo
1644 5686 1802 5761 Chritfiffit

128 5793 208 5853 mani
216 5795 358 5868 pontillcis
371 5793 512 5851 sententia
526 5792 646 5849 concilia
658 5794 812 5869 celebrare,
824 5813 877 5852 nec
886 5799 944 5873 epi·
992 5801 1021 5856 et
1031 5797 1061 5856 iu
1073 5805 1163 5874 petra,
1177 5801 1206 5857 id
1216 5805 1269 5871 est,
1278 5801 1400 5871 Christo,
1411 5803 1522 5873 Potms,
1533 5786 1809 5855 moimmsen·-
