3870 6150
167 310 171 319 -
214 279 280 334 use
657 274 797 333 riciaco.
816 278 861 332 sn
880 279 959 334 sno.
981 277 1024 332 ix.
1040 304 1074 316 -
1093 275 1217 331 isiooav
1236 274 1448 332 unaciroavs
1722 230 1725 237 ¹
1833 278 1884 327 vira

212 385 285 440 vitiis
303 382 414 451 irretiti,
432 399 556 454 quorum
581 384 683 439 vitain
702 401 732 440 se
749 385 816 457 ipsis
832 386 1025 441 sacerdotium
1037 384 1480 469 Asime,dccendceossanctam
1489 380 1662 436 catholicam
1673 379 1886 450 etapostoliran

211 476 343 532 maculat.
361 478 395 532 Et
408 477 431 531 si
449 477 500 532 tihi
513 476 613 533 liceret
626 495 692 533 cum
710 479 750 534 eis
768 479 853 553 edere
869 483 918 534 aut
938 480 1027 552 loqui,
1079 481 1215 535 Romana
1225 478 1300 533 sedis
1309 476 1506 544 traditionem,
1516 479 1547 530 ut
1554 473 1767 530 illuminentur
1776 473 1888 539 rodes,et

211 570 265 625 nisi
279 571 393 626 coerciti
415 570 531 639 luerint,
550 570 670 626 dicimus
692 575 724 627 nt
745 572 797 627 hos
820 590 855 628 ex
875 574 1029 644 apostolica
1079 573 1155 627 viam
1163 572 1394 641 salutisteneant,
1402 586 1546 643 perquam
1555 567 1713 640 possintad
1721 570 1888 639 aetcmapra·

210 664 379 720 auctoritate
390 664 588 737 redarguendo
598 665 1029 735 admoneas,etadmunditiam
1079 661 1887 737 miapervenire‚Presbyterosverqquosibidemreperisti,

211 757 408 814 ecclesiastica
430 758 587 830 disciplinae
607 760 735 815 reducas.
752 762 787 816 Et
805 760 945 832 siquidem
962 761 1028 817 obe·
1079 760 1103 815 si
1116 759 1255 832 incogniti
1268 759 1383 827 luerint,
1397 757 1469 813 illia
1483 757 1587 829 quihus
1601 756 1716 811 fererant
1729 754 1854 823 ordinati,
1866 762 1889 810 et

211 851 326 922 dierint,
351 851 501 907 salvabunt
517 853 626 908 animas
641 870 717 922 suas,
738 860 767 910 et
785 854 846 925 ipse
867 854 1030 911 mercedem
1080 854 1198 909 dubium
1221 858 1263 908 est
1289 869 1336 908 eos
1358 852 1505 924 episcopos
1537 850 1629 906 inisse
1657 866 1761 904 annon
1786 848 1831 921 qni
1853 865 1889 903 ecs

209 945 334 1001 lucratus
347 961 386 1015 es,
404 949 612 1001 verumtamem
625 947 842 1002 collocutionem
858 953 886 1003 et
900 965 1030 1004 mensam
1081 947 1294 1014 ordinaverunt,
1310 947 1333 1001 si
1342 945 1425 1001 bonae
1440 944 1569 1014 actionis,
1584 947 1616 999 et
1628 943 1766 998 catholici
1778 942 1826 997 viri
1837 948 1889 996 suut

211 1056 395 1095 communem
411 1040 531 1095 cumeis
546 1057 840 1113 agerenonrecuses.
856 1042 1030 1115 Plerumque
1080 1042 1134 1113 ipsi
1153 1039 1323 1112 presbyteri,
1344 1044 1373 1095 et
1395 1040 1425 1095 in
1447 1038 1608 1093 ministerio
1635 1037 1746 1092 Christi
1773 1037 1889 1106 omnique

210 1125 352 1204 contingit
364 1140 395 1189 ut
405 1150 477 1206 quos
491 1135 629 1190 correctio
642 1135 799 1207 discipline
812 1136 907 1191 tardos
917 1136 983 1192 iacit
993 1136 1030 1192 ad
1080 1136 1143 1207 lege
1157 1138 1253 1190 sancta
1265 1132 1368 1201 edocti,
1381 1133 1450 1204 apti,
1466 1133 1501 1187 ab
1515 1132 1652 1204 episcopo
1667 1146 1724 1185 suo
1737 1130 1891 1185 benedictio

210 1227 424 1300 percipiendam
438 1227 561 1283 veritatis
574 1245 719 1298 normam,
734 1229 929 1285 conviviorum
944 1231 1029 1287 sedu-
1080 1246 1147 1286 nem
1167 1227 1378 1301 presbyteratus
1396 1226 1561 1297 suscipiant,
1586 1228 1617 1281 et
1639 1228 1853 1290 consecrentur,
1869 1229 1891 1277 et

210 1321 283 1389 litas,
304 1327 333 1376 et
354 1321 512 1376 admonitio
531 1322 634 1378 blanda
647 1324 682 1379 ad
701 1323 777 1378 viam
795 1324 934 1395 perducat
944 1325 1030 1396 Justi-
1082 1325 1120 1378 sic
1140 1322 1298 1379 ministerio
1315 1337 1394 1376 sacro
1415 1321 1583 1392 iungantur.
1605 1319 1649 1374 illi
1671 1335 1742 1374 vero
1758 1319 1893 1390 quibapti-

211 1416 268 1470 tiae.
285 1415 409 1487 idipsum
433 1418 530 1471 autem
550 1421 579 1471 et
598 1417 628 1471 in
650 1418 706 1472 illis
725 1416 888 1489 proceribus
910 1417 958 1490 qui
981 1418 1032 1473 tihi
1081 1418 1135 1474 zati
1147 1415 1213 1473 'sunt
1232 1433 1283 1488 per
1297 1414 1490 1470 diversitatem
1506 1417 1536 1469 et
1547 1413 1778 1470 declinationem
1795 1412 1892 1482 lingua·

213 1508 389 1580 adjutorium
410 1514 555 1582 praestant,
574 1511 723 1567 observare
745 1511 870 1567 debebis.
890 1513 964 1583 Hoec,
979 1513 1033 1568 ira·
1081 1529 1147 1568 rum
1166 1509 1341 1584 gentilitatis,
1364 1513 1463 1564 tamen
1485 1508 1553 1580 quia
1574 1509 1607 1563 in
1628 1508 1754 1563 nomine
1768 1507 1894 1561 Trinitatis

212 1605 257 1659 ter
269 1602 442 1671 charissime,
457 1620 492 1658 ex
506 1604 670 1676 apostolicae
688 1605 762 1661 sedis
774 1605 870 1676 vigore
887 1606 1032 1679 scripsisse
1081 1605 1215 1678 baptizati
1229 1608 1304 1674 sunt,
1319 1605 1432 1675 oportet
1445 1618 1495 1659 eos
1508 1618 1558 1674 per
1571 1617 1682 1657 manus
1694 1600 1893 1673 impositionem

213 1696 365 1767 sufficiant,
376 1697 412 1751 de
421 1697 532 1769 reliquo
541 1698 730 1771 implorantes
738 1699 963 1756 misericordiam
972 1700 1031 1768 Dei,
1082 1704 1112 1757 et
1139 1700 1211 1755 sacri
1239 1696 1400 1754 chrismatis
1432 1696 1597 1752 unctionem
1628 1695 1810 1751 confirmari.
1836 1696 1893 1748 Nam

213 1796 246 1846 ut
266 1791 316 1863 qui
335 1796 362 1846 te
384 1791 439 1846 illis
459 1792 489 1846 in
512 1793 680 1863 regionibus
702 1793 762 1848 vice
786 1799 883 1849 nostra
905 1811 936 1849 er
960 1772 1070 1867 apo-B
1083 1795 1170 1851 Vivilo
1190 1794 1342 1866 episcopus
1362 1811 1379 1848 a
1398 1791 1481 1848 nohis
1500 1790 1654 1846 ordinatus
1668 1795 1723 1845 est.
1737 1790 1795 1845 Etsi
1803 1788 1893 1860 aliquid

214 1885 311 1940 stolica
331 1885 499 1941 auctoritate
514 1903 654 1959 peragere
674 1887 758 1952 iecit:
771 1890 800 1942 et
814 1888 844 1942 in
858 1904 976 1959 opacam
989 1888 1033 1942 sil·
1083 1889 1194 1945 excedit
1213 1891 1292 1944 extra
1311 1887 1480 1943 canonicam
1493 1885 1637 1956 regulam,
1661 1884 1737 1939 doce
1755 1887 1783 1938 et
1800 1883 1891 1952 corrige

213 1996 280 2034 ram
292 1979 402 2034 lumina
415 1979 542 2034 veritatis
552 1996 604 2052 per
617 1997 648 2036 os
662 1985 744 2036 tuum
763 1981 869 2037 micare
882 1982 1031 2053 praedesti·
1083 2000 1149 2040 eum
1167 1983 1251 2054 juxta
1270 1983 1407 2038 Romanae
1428 1978 1557 2036 Ecclesia
1576 1977 1780 2042 traditionem,
1795 1992 1890 2049 quana

162 2081 165 2087 ’
213 2075 299 2139 navit,
317 2073 510 2145 opitulationis
532 2091 590 2129 sua
609 2073 905 2130 misericordissimum
926 2075 1034 2131 tribuat
1083 2077 1166 2133 nobis
1187 2075 1330 2148 accepisti.
1354 2077 1395 2131 De
1416 2073 1535 2130 concilio
1555 2088 1634 2143 vero,
1660 2077 1697 2127 ut
1711 2073 1795 2144 juxta
1816 2072 1889 2142 ripan

213 2167 434 2234 incrementum,
460 2170 600 2239 quatenus
625 2169 774 2224 defructu
798 2169 902 2239 operis,
924 2169 1034 2242 etipse
1083 2171 1202 2228 Danubii
1222 2170 1324 2226 debeas
1342 2169 1486 2227 celebrare
1509 2172 1608 2223 nostra
1628 2166 1704 2236 vice,
1730 2165 1888 2240 precipimus

214 2263 309 2316 valeas
322 2261 441 2332 praemia
454 2261 610 2333 percipere,
621 2268 649 2317 et
662 2263 774 2318 veniam
789 2267 970 2334 peccatorum
988 2264 1032 2319 iu·
1083 2265 1257 2321 fraternitati
1278 2269 1335 2320 tuae
1351 2262 1503 2336 apostolica
1516 2260 1694 2317 auctoritate
1712 2259 1818 2315 ibidem
1832 2275 1886 2330 pra·

216 2355 321 2411 venire.
331 2355 404 2410 Deus
418 2357 446 2408 te
457 2355 629 2411 ineolumem
643 2356 790 2424 custodiat,
800 2357 1034 2413 reverendissime
1084 2359 1250 2429 scaturiet
1272 2358 1443 2430 inquantum
1471 2355 1608 2411 Dominus
1634 2353 1691 2410 tibi
1719 2355 1792 2409 vires
1819 2352 1885 2407 dede·

216 2450 314 2505 irater.
331 2449 401 2504 Data
420 2449 530 2504 decimo
554 2452 610 2505 llal.
633 2451 797 2506 Decembris
813 2449 970 2523 imperante
988 2451 1036 2507 dc·
1084 2455 1131 2522 rit,
1144 2453 1298 2526 predicare
1314 2450 1433 2507 verbum
1448 2449 1548 2506 salutis
1571 2465 1608 2503 ne
1633 2464 1739 2516 cesses,
1760 2453 1790 2503 ut
1808 2446 1886 2516 religio

216 2543 296 2598 minc
312 2543 440 2615 piissimo
460 2547 597 2616 Augusto,
613 2546 707 2600 Leone
727 2545 816 2600 allec
829 2548 964 2601 coronato
976 2562 1035 2600 ma·
1085 2547 1245 2604 Christiana
1258 2546 1288 2601 in
1302 2546 1420 2601 nomine
1433 2544 1545 2600 Domini
1568 2546 1684 2599 crescat
1701 2548 1731 2598 et
1743 2539 1887 2612 multiplice

216 2655 275 2710 gno
290 2639 472 2709 imperatore,
495 2655 570 2694 anno
593 2638 705 2695 decimo
728 2640 841 2711 imperii
857 2640 927 2711 ejus,
943 2640 992 2696 sed
1007 2644 1036 2696 et
1085 2646 1140 2698 tur.
1157 2643 1212 2698 Nec
1234 2641 1313 2697 enim
1336 2639 1453 2696 habebis
1470 2637 1628 2708 licentiam,
1650 2637 1751 2707 frater,
1771 2652 1820 2708 pro
1838 2636 1888 2704 juro

216 2727 404 2789 Constantino
415 2749 523 2803 magno
535 2733 718 2804 imperatore,
733 2733 814 2803 regni
825 2733 887 2803 ejus
898 2750 973 2788 anno
990 2751 1033 2788 se·
1085 2736 1169 2808 erepti
1186 2735 1291 2791 laboris
1310 2735 1341 2789 in
1360 2751 1416 2789 unc
1440 2732 1545 2788 morari
1567 2732 1643 2800 loco,
1668 2731 1718 2788 sed
1738 2728 1889 2786 confirmatis

217 2827 317 2898 ptimo,
334 2826 490 2881 indictione
505 2826 624 2881 decimu·
1086 2831 1218 2887 cordibus
1239 2830 1361 2885 fratrum
1385 2833 1414 2884 et
1434 2827 1566 2882 omnium
1589 2825 1735 2895 fidelium,
1755 2824 1809 2897 ,qni
1824 2822 1890 2878 rude

341 2920 408 2974 Item
422 2921 536 2989 epistole
549 2920 666 2989 ejusdem
679 2921 716 2974 od
731 2921 911 2988 Bonifatium.
1087 2925 1201 2981 suntin
1222 2923 1276 2978 illis
1295 2920 1437 2993 Hesperiis
1461 2921 1600 2994 partibus,
1627 2920 1680 2975 ubi
1702 2919 1755 2975 tihi
1777 2918 1892 2974 nonnus

255 3012 498 3068 Reverendissimc
520 3015 550 3067 et
573 3013 749 3069 sanctissimo
771 3015 853 3069 fratri
880 3016 1035 3083 uovrvrcro,
1087 3018 1232 3091 aperuerit
1254 3017 1328 3071 viam
1348 3015 1446 3072 salutis
1470 3014 1627 3086 praedicare
1651 3030 1712 3068 non
1736 3012 1858 3075 desistas,
1873 3015 1893 3063 et

219 3108 387 3176 Genderros,
403 3122 498 3162 servus
510 3124 656 3162 servorum
672 3108 731 3163 Dei.
1086 3114 1136 3169 ubi
1155 3113 1250 3167 locum
1272 3111 1414 3166 inveneris
1433 3108 1630 3164 necessarium
1646 3107 1808 3164 secundum
1825 3120 1892 3161 canc·

254 3201 382 3258 Doctoris
396 3200 527 3256 omnium
547 3202 678 3274 gentium
695 3202 805 3274 egregii
819 3202 899 3257 Pauli
915 3164 1181 3274 apostoliCnicam
1203 3205 1344 3277 regulam,
1367 3204 1514 3276 episcopos
1538 3201 1646 3257 ordina
1670 3218 1705 3257 ex
1727 3205 1824 3256 nostra
1840 3200 1893 3261 vici,

218 3313 273 3353 vox
281 3302 323 3352 est
331 3296 467 3352 dicentis:
481 3318 494 3346 α
505 3296 694 3368 Diligentihus
703 3296 857 3352 Dominum
867 3297 965 3353 omnia
974 3313 1038 3353 cco·
1088 3304 1117 3357 et
1139 3298 1325 3373 apostolicam
1350 3301 1435 3368 atque
1458 3295 1633 3352 catholicam
1658 3295 1843 3350 traditionem
1861 3305 1895 3345 eos

217 3394 357 3465 parantur
367 3389 513 3445 inbcnum
523 3390 608 3461 (Rom.
620 3392 746 3461 vru,28).
759 3412 772 3440 >r
784 3394 978 3462 ignoscentes
987 3392 1039 3446 ita·
1089 3399 1189 3449 tenere
1210 3391 1350 3449 edocebis.
1375 3392 1414 3445 Ex
1435 3391 1489 3446 hoc
1511 3390 1589 3445 enirn
1613 3406 1763 3461 magnum
1781 3385 1895 3444 mercedi

218 3485 312 3558 quein
320 3485 433 3557 syllabis
441 3485 695 3540 fraternitatistuae
703 3501 768 3556 quae
777 3484 926 3540 innotuisti
934 3489 993 3540 tam
1003 3485 1038 3539 de
1088 3489 1242 3562 praemium
1251 3486 1301 3543 tibi
1310 3483 1646 3558 preparabis,qn0niam
1656 3482 1846 3556 omnipotenti
1854 3481 1895 3535 ilco

219 3578 378 3634 Germania
393 3579 537 3651 gentihus,
549 3595 620 3650 quas
631 3595 683 3633 sua
693 3578 799 3650 pietate
810 3578 883 3634 Deus
893 3582 990 3634 noster
1004 3579 1040 3634 de
1089 3587 1187 3638 nostro
1201 3581 1286 3637 iacies
1298 3580 1411 3652 plebem
1420 3578 1589 3651 perfectam.
1602 3578 1671 3633 Non
1682 3578 1790 3650 pigeat,
1799 3575 1896 3631 dicos

219 3675 359 3745 potestate
378 3688 558 3745 paganorum
578 3666 676 3746 288
686 3671 828 3742 liberavit,
837 3676 866 3726 et
875 3672 910 3727 ad
924 3676 1039 3728 centum
1089 3676 1159 3731 sime
1184 3676 1281 3744 irater,
1305 3675 1410 3729 itinera
1428 3688 1544 3744 carpere
1559 3687 1665 3743 aspera
1683 3676 1713 3727 et
1738 3671 1854 3736 diversa,
1873 3667 1896 3719 ui

220 3767 310 3823 inillis
318 3766 429 3823 animas
439 3768 469 3822 in
479 3767 544 3822 sinu
555 3770 661 3822 sanctae
671 3766 770 3820 matris
780 3766 923 3834 Ecclesiae,
935 3773 983 3822 tuo
993 3783 1039 3822 cc·
1090 3769 1249 3826 Christiana
1266 3768 1336 3824 fides
1350 3768 1437 3839 longe
1455 3767 1569 3837 lateque
1586 3769 1641 3821 tuo
1656 3765 1810 3821 conamine
1821 3765 1897 3819 ercu-

220 3862 336 3917 namine
346 3866 375 3918 et
386 3860 490 3931 Caroli,
500 3860 636 3933 principis
647 3861 822 3916 Francorum
830 3876 991 3933 aggregare
1000 3861 1041 3917 di-
1092 3862 1335 3935 datur.Scriptum
1347 3874 1473 3933 namque
1483 3864 1528 3916 eat
1539 3876 1546 3914 z
1559 3881 1573 3908 c
1586 3862 1676 3915 arcta
1691 3863 1722 3914 et
1736 3862 1851 3931 angusta
1866 3852 1897 3906 iii

223 3962 327 4030 gnatus
335 3959 387 4025 est,
399 3954 450 4011 sed
460 3954 732 4027 etinBajoariornm
740 3954 894 4026 provincia,
904 3971 969 4028 quie
982 3972 999 4010 a
1012 3961 1040 4011 te
1091 3961 1134 4014 est
1152 3974 1216 4030 quae
1231 3955 1310 4012 ducit
1329 3955 1365 4012 ad
1383 3955 1470 4011 vitam
1489 3954 1596 4024 tucci.
1616 3969 1668 4025 vn,
1689 3954 1745 4025 ll).
1760 3976 1775 4003 c
1793 3952 1897 4024 Operm

223 4060 286 4111 acta
296 4056 371 4121 sunt,
383 4055 579 4122 agnoscentes,
591 4049 682 4105 datori
692 4048 822 4103 omnium
835 4048 977 4106 bonorum
986 4051 1040 4105 Do·
1091 4054 1198 4125 itaque,
1215 4053 1312 4121 irater,
1325 4050 1434 4106 bonum
1448 4064 1519 4121 opus
1531 4048 1608 4120 quod
1623 4047 1750 4120 coepisti,
1773 4053 1804 4102 ut
1822 4045 1849 4101 in
1864 4041 1897 4096 die

224 4150 303 4203 minc
316 4148 373 4201 ileo
387 4149 495 4212 nostro,
512 4143 634 4200 extensis
648 4143 684 4198 ad
697 4142 799 4198 caelum
811 4144 924 4214 palmis,
937 4145 1042 4216 gratias
1092 4147 1196 4205 Christi
1221 4146 1272 4201 [lei
1299 4144 1389 4200 nostri
1413 4141 1551 4198 merearis
1572 4141 1683 4211 dicere,
1714 4142 1791 4197 inter
1814 4144 1897 4195 coetun

224 4238 442 4310 retulimus,qui
445 4237 567 4308 januam
576 4236 781 4292 misericordiae
789 4237 938 4308 etpietatis
947 4239 978 4292 in
989 4239 1043 4295 illis
1093 4246 1257 4299 sanctorum
1279 4238 1470 4312 probabilium
1491 4238 1609 4292 Petrum
1637 4236 1799 4292 assistens:
1814 4256 1826 4281 s
1844 4232 1897 4286 Ecce

225 4335 352 4410 partibus
375 4332 525 4403 Hesperiis,
548 4332 584 4386 ad
606 4330 833 4403 cognoscendam
855 4333 929 4388 viam
944 4334 1042 4390 salutis
1093 4353 1146 4409 ego
1159 4340 1189 4392 et
1201 4334 1284 4407 pueri
1304 4348 1374 4406 quos
1396 4331 1500 4387 dedisti
1513 4329 1597 4399 mihi,
1614 4346 1675 4385 non
1689 4328 1805 4402 perdidi
1824 4344 1854 4382 ex
1869 4324 1898 4378 cis

225 4431 330 4488 ostium
340 4426 542 4484 misericordiae
552 4425 674 4498 aperuit,
686 4429 714 4480 et
724 4424 803 4481 misit
811 4427 945 4499 angelum
959 4444 1043 4483 suum
1093 4445 1270 4503 quemquam
1292 4427 1375 4499 (acm.
1400 4443 1430 4496 u,
1455 4426 1541 4496 13).»
1565 4425 1600 4479 Et
1620 4423 1732 4480 iterum
1749 4441 1757 4479 ε
1772 4446 1787 4474 c
1801 4419 1897 4479 Domini

226 4525 276 4598 qui
290 4521 459 4598 praeparavit
471 4521 548 4576 viam
561 4525 641 4576 tuam
656 4524 722 4575 ante
741 4524 769 4575 te
788 4520 865 4591 (ilat
881 4538 921 4590 nr,
938 4523 972 4593 t),
989 4523 1219 4618 ipsiuninque
1236 4524 1343 4580 talenta
1362 4518 1503 4577 tradidisti
1526 4517 1610 4587 mihi,
1627 4535 1696 4574 ecce
1719 4519 1777 4574 alie
1796 4516 1897 4591 qiiiuqit

227 4624 270 4676 est
285 4619 417 4691 gloriain
431 4615 534 4672 saecula
547 4615 728 4671 seculorum.
742 4617 842 4671 Amen.
1094 4621 1304 4692 superlucratus
1329 4632 1394 4673 sum
1421 4615 1528 4686 (naci.
1558 4628 1624 4681 xxv,
1650 4614 1709 4684 20).
1736 4637 1750 4663 a
1774 4614 1808 4668 Ut
1828 4607 1898 4664 subse

263 4714 363 4785 igitur,
384 4711 450 4785 quia
472 4710 604 4766 indicasti
629 4708 788 4780 perrexisse
814 4715 842 4764 te
867 4710 903 4765 ad
929 4714 1045 4784 gentem
1095 4717 1217 4787 quanter
1234 4711 1371 4768 merearis
1391 4724 1490 4765 vocem
1513 4706 1629 4763 Domini
1651 4707 1759 4764 andire
1783 4701 1896 4761 uerbi

166 4792 170 4798 ¹
229 4806 432 4879 bajoariorum,
447 4803 590 4859 invenisse
609 4818 658 4858 ecs
672 4805 753 4858 extra
768 4803 900 4860 ordinem
918 4805 1048 4861 ecelesia·
1098 4811 1212 4881 «Euge
1237 4823 1315 4863 serve
1336 4806 1411 4861 bone
1437 4808 1465 4860 et
1486 4801 1590 4871 tidelis,
1619 4801 1690 4873 quia
1722 4818 1809 4874 super
1833 4805 1898 4870 βω

150 4941 152 4945 ,
229 4902 332 4958 aticum
353 4899 488 4965 viventes,
512 4898 580 4953 dum
602 4896 749 4968 episcopos
771 4914 828 4953 non
850 4898 995 4955 habebant
1015 4900 1046 4954 in
1097 4903 1175 4960 suisti
1198 4901 1299 4968 fidelis,
1321 4915 1407 4971 supra
1424 4898 1514 4953 multa
1537 4900 1565 4950 te
1585 4895 1780 4964 constituam,
1799 4886 1896 4949 interii

228 4993 384 5070 provincia,
406 4992 460 5047 nisi
484 5008 592 5059 unum,
617 4991 735 5046 nomine
760 4992 857 5061 Vivilo,
880 5010 966 5066 quem
995 5011 1047 5050 nos
1097 4997 1235 5071 gaudium
1253 4994 1361 5053 domini
1382 4994 1424 5050 tui
1446 4991 1536 5064 libid,
1562 4989 1649 5062 ²3l·'¹
1674 4990 1753 5046 Deus
1774 4994 1801 5045 te
1819 4981 1896 5042 inodo

230 5093 417 5161 antetempus
428 5086 638 5152 ordinavimus;
650 5086 1047 5158 etquiacumassensuOtilo·
1096 5110 1162 5149 men
1179 5091 1329 5159 custodiat,
1344 5085 1578 5146 reverendissime
1600 5084 1706 5141 irater.
1729 5084 1800 5139 Data
1820 5079 1895 5152 quarta

230 5184 275 5241 nis
282 5180 536 5240 duciseorumdem
543 5179 736 5250 bajoariorum
743 5197 793 5235 seu
804 5182 974 5253 optimatum
983 5200 1048 5257 pro
1098 5189 1156 5244 Kal.
1173 5187 1321 5254 Novemh„
1336 5185 1498 5256 imperante
1513 5178 1634 5236 dominc
1649 5178 1785 5250 piissimo
1797 5175 1896 5244 luget

232 5279 330 5335 vinciar
345 5276 431 5343 illius,
448 5281 506 5330 tres
529 5273 599 5328 alios
620 5274 765 5332 ordinasse
786 5275 944 5350 episcopos,
969 5283 997 5333 et
1016 5277 1048 5332 in
1097 5284 1200 5353 Leone,
1210 5280 1323 5354 imperii
1335 5280 1395 5351 ejus
1407 5294 1483 5334 anno
1496 5273 1634 5331 vicesimo
1644 5273 1745 5341 tertio,
1755 5271 1802 5328 sed
1812 5272 1837 5324 et
1845 5266 1896 5320 Coi

232 5377 356 5448 quatuor
370 5374 465 5443 partes
487 5367 698 5440 provinciarum
714 5370 794 5425 illam
807 5371 936 5438 divisisti,
952 5372 1047 5441 idest,
1099 5378 1235 5446 stantino,
1251 5391 1357 5447 magno
1381 5374 1562 5444 imperatore,
1577 5368 1643 5440 ejus
1667 5367 1742 5438 tilio,
1756 5381 1829 5421 annc
1847 5358 1896 5412 iit*

232 5469 261 5524 in
276 5470 398 5540 quatuor
412 5463 571 5537 parochias,
586 5470 618 5518 ut
634 5464 832 5535 unusquisque
848 5482 930 5520 suam
946 5467 1050 5524 haheat
1100 5472 1180 5538 simo,
1190 5470 1343 5526 indictione
1354 5472 1379 5524 8.

233 5560 409 5636 parochiam,
429 5559 502 5613 bane
522 5560 550 5612 et
572 5557 639 5612 satis
662 5557 818 5628 prudenter
836 5560 981 5632 peregisti,
997 5564 1051 5619 ira·
1197 5565 1322 5635 Epistola
1334 5564 1470 5631 Bcailccit
1482 5560 1519 5616 cd
1533 5559 1703 5615 Zachariam
1714 5571 1822 5629 poponi·

233 5663 286 5724 ter,
300 5658 329 5711 et
342 5653 479 5726 quoniam
498 5651 682 5723 apostolicam
706 5653 927 5723 preceptionem
943 5674 977 5712 ex
996 5676 1049 5715 oc·
1137 5659 1255 5716 Domino
1284 5656 1459 5725 charissimo,
1486 5651 1591 5710 summi
1622 5650 1807 5726 pontificatus
1830 5639 1897 5699 iiiiii²

233 5756 290 5806 stra
311 5748 371 5802 vice
391 5746 533 5818 implesti,
565 5748 593 5799 et
613 5745 686 5801 sicut
711 5745 761 5801 tibi
786 5749 986 5821 precipimus,
1012 5754 1052 5809 ita
1101 5755 1238 5828 praeditc,
1266 5753 1326 5808 viro
1349 5749 1521 5825 apostolico,
1549 5748 1718 5815 chnivu,
1748 5746 1896 5801 Marianis,

232 5841 381 5917 peregisti.
402 5841 498 5914 ltaque
520 5856 577 5897 nco
604 5839 727 5910 desinas,
754 5841 853 5914 irater,
880 5847 1052 5905 reverendis
1102 5866 1197 5907 servus
1208 5863 1354 5904 servorum
1365 5846 1423 5902 uei.
