3870 6150
120 218 169 271 ιιι
741 200 979 268 ιιιιιιιιιιι
998 210 1190 266 ιιιιιιιιι.
1269 179 1271 183 ’
1566 207 1569 212 ·
1747 211 1800 265 ιιι

120 325 220 395 regale
233 322 433 392 sacerdotium,
446 336 515 396 gens
528 325 634 390 sancta,
644 322 766 393 populns
778 322 937 393 acquisitio·
946 331 977 405 Α
985 319 1030 391 pit
1043 319 1164 389 gratiam
1176 318 1207 371 in
1215 317 1384 373 alterutrum
1396 316 1474 371 illam
1487 314 1719 371 administrantes
1728 315 1801 371 sicut

121 418 174 484 nis,
190 416 539 472 utvirtutesannuutietis
553 416 677 488 ejusqui
694 416 730 471 de
750 416 874 470 tenebris
887 432 936 470 ιιι
986 412 1053 467 boni
1067 411 1272 481 dispensatores
1291 410 1476 465 multiformis
1498 410 1597 479 gratiae
1613 409 1673 463 Dei.
1690 409 1718 464 si
1736 409 1800 480 quis

121 510 265 564 revocavit
283 511 314 564 in
332 510 498 566 admirabile
517 511 614 565 lumen
628 526 711 564 suum
728 510 752 578 (l
765 511 836 564 Patr.
853 525 872 575 1,
890 511 934 563 13-
986 504 1115 576 loquitur
1128 503 1208 575 quasi
1222 518 1368 558 sermones
1382 503 1441 557 Dei.
1457 501 1484 557 Si
1498 502 1561 572 quis
1576 501 1718 556 ministrat
1736 506 1797 557 tau-

123 607 164 669 tt,
182 606 254 672 i-s).
278 604 374 658 Estote
396 619 475 674 ergo,
490 602 658 670 charissimi,
673 601 828 674 prudentes
849 605 878 656 ιι
893 600 936 654 vi·
988 616 1075 671 quam
1087 615 1119 653 ex
1134 598 1237 652 virtute
1253 613 1339 668 quam
1351 597 1530 653 administrat
1544 598 1618 651 Deus
1634 601 1667 651 ut
1685 597 1715 650 in
1736 614 1799 652 om-

124 697 208 765 gilate
223 696 255 749 iu
267 695 457 764 orationihus;
472 699 538 751 ante
552 696 649 751 omnia
659 699 757 749 autem
766 699 896 749 mutuam
907 693 937 748 in
987 692 1072 746 nibus
1091 691 1293 746 honorificetur
1314 691 1386 744 Deus
1401 706 1453 760 per
1472 690 1566 744 lesum
1586 689 1739 756 Christum,
1755 689 1800 743 cui

124 788 332 860 nobismetipsis
346 789 513 844 charitatem
527 789 692 844 continuam
708 787 854 854 habentes,
871 787 938 857 quia
987 789 1029 840 est
1043 784 1133 855 gloria
1142 788 1170 839 et
1183 783 1336 855 imperium
1349 782 1379 837 in
1392 782 1494 837 saecula
1506 781 1681 836 seculorum.
1697 783 1797 836 Amen.

125 881 245 936 charitas
255 882 350 955 operit
358 879 937 954 multitudinempeccatorum,hospitales
987 876 1012 949 (Ι
1023 880 1095 932 Patr.
1110 894 1147 944 rr,
1163 883 1179 931 7
1192 882 1217 931 et
1227 878 1292 946 ιιι.)
1308 896 1322 924 »
1338 879 1406 932 Data
1429 875 1545 931 Kalend.
1563 874 1677 946 Aprilis,
1691 874 1799 941 llaxeu·

126 975 241 1030 invicem
255 975 315 1030 sine
328 975 558 1030 murmuratione
574 974 767 1045 unusquisque
780 972 938 1028 sicutucce
986 969 1025 1025 tio
1038 975 1067 1025 et
1077 971 1199 1026 blaximo
1215 970 1248 1024 Ν
1262 986 1302 1024 ιι.
1320 969 1429 1024 consul.

858 1111 1048 1125 ——-

324 1212 535 1282 EPISTOLA
562 1213 783 1283 MARCELLI
808 1215 938 1283 PAPAE
960 1216 1020 1284 AD
1048 1215 1312 1284 MAXENTIUM
1340 1215 1598 1285 TYRANNUM.

155 1350 319 1406 meamus
334 1351 485 1422 episcopus
499 1356 603 1407 sauctae
624 1355 653 1406 et
670 1351 830 1423 apostolicae
848 1356 877 1407 et
889 1369 935 1407 ca-
986 1354 1074 1420 dotes,
1090 1354 1139 1424 qui
1161 1353 1222 1423 ejus
1236 1352 1367 1408 videlicet
1380 1357 1445 1407 sunt
1457 1352 1516 1406 veri
1536 1350 1693 1407 sacerdotes
1710 1349 1798 1422 elegi-

127 1443 230 1497 tholicae
245 1442 326 1498 urbis
341 1443 450 1511 nome,
464 1445 617 1500 brianno.
985 1462 1049 1500 mus
1064 1450 1180 1516 propter
1190 1446 1340 1515 justitiam,
1356 1448 1385 1499 et
1396 1461 1491 1500 veram
1511 1445 1598 1499 fidem
1613 1445 1755 1516 persequi,
1773 1450 1801 1500 et

153 1535 287 1606 Magistra
302 1535 443 1591 bonorum
456 1536 586 1592 omniurn
595 1535 716 1591 charitas
729 1552 792 1607 quae
807 1536 878 1591 nihil
889 1553 933 1591 ra·
985 1554 1037 1610 pro
1050 1539 1155 1594 Christi
1169 1537 1287 1594 nomine
1295 1538 1459 1609 pati,quam
1475 1537 1574 1592 multis
1589 1537 1692 1592 divitiis
1705 1536 1798 1604 ditari,

125 1629 160 1698 pit
171 1631 355 1696 extraneum,
369 1629 439 1684 nihil
454 1629 515 1700 agit
527 1644 671 1700 asperum,
686 1629 756 1683 nihil
775 1629 934 1698 contusum,
986 1631 1196 1703 honoribusque
1224 1631 1427 1703 copiosissimis
1454 1631 1615 1699 abundare,
1641 1636 1669 1684 et
1696 1629 1802 1684 coelesti

124 1720 189 1775 nihil
200 1721 365 1789 factiosum,
378 1721 449 1776 nihil
463 1722 540 1794 quod
554 1721 656 1776 honori
671 1721 767 1777 divino
785 1725 934 1793 repugnet,
946 1706 974 1778 Β
985 1740 1075 1796 regno
1088 1741 1196 1780 carcre.
1207 1725 1262 1781 lsta
1271 1724 1348 1779 enim
1358 1723 1526 1796 temporalia
1537 1725 1613 1790 suut,
1624 1722 1671 1776 illa
1681 1728 1798 1790 aterna,

122 1813 220 1868 animae
233 1815 359 1885 propria
372 1817 480 1883 noceat,
496 1819 547 1870 aut
558 1815 680 1886 proximi
695 1815 845 1870 commodo
857 1814 937 1870 dero-
986 1818 1041 1872 ista
1052 1818 1165 1884 caduca,
1181 1823 1209 1873 et
1223 1818 1258 1872 ad
1273 1818 1374 1872 horam
1389 1817 1576 1882 transeuntia,
1592 1815 1640 1869 illa
1653 1831 1719 1870 vero
1733 1832 1799 1886 per·

123 1913 175 1977 get,
200 1906 292 1960 oblita
313 1907 367 1977 sui,
391 1923 448 1961 non
473 1923 536 1978 quae
564 1913 640 1977 suut,
666 1908 714 1962 sed
736 1923 801 1979 quae
822 1907 871 1963 Dei
893 1907 937 1962 vel
984 1916 1110 1982 petuaet
1124 1910 1409 1967 sincfinemansura.
1427 1912 1466 1964 Tu
1481 1925 1559 1980 ergo,
1574 1908 1800 1980 quinossuades

121 2000 240 2070 proximi
256 2016 399 2070 quaereus,
416 2001 528 2055 nemini
540 2000 670 2055 invidens
687 2000 819 2055 omnibus
834 2017 935 2055 consu·
986 2003 1094 2058 cultum
1109 2003 1252 2059 dimittere
1273 2003 1410 2072 divinum,
1425 2006 1453 2058 et
1465 2019 1481 2056 a
1494 2006 1573 2057 recta
1586 2001 1642 2055 ilde
1656 2001 1799 2068 recedere,

121 2091 188 2159 lens,
198 2109 260 2148 nou
277 2093 407 2160 saeviens,
419 2094 469 2148 sed
482 2094 666 2165 compatiens,
680 2109 738 2148 nou
753 2092 876 2164 rapiens,
888 2093 936 2148 sed
986 2096 1097 2167 diisque
1113 2097 1273 2166 immolare,
1290 2097 1391 2152 melius
1403 2095 1455 2150 tibi
1468 2096 1595 2161 i01·et,ut
1608 2097 1639 2148 tu
1651 2094 1730 2165 prius
1740 2110 1802 2148 mn-

121 2185 255 2256 largiens,
269 2202 329 2241 non
346 2202 540 2254 murmurans,
554 2186 604 2241 sed
626 2187 722 2242 omnia
740 2187 937 2258 equanimiter
985 2188 1101 2244 tabilem
1125 2193 1152 2243 te
1174 2190 1327 2260 praeberes,
1343 2205 1499 2260 omnesque
1525 2187 1718 2242 exhortareris
1733 2186 1817 2241 ndei·

121 2279 254 2346 tolerans,
266 2281 290 2335 si
307 2280 336 2335 in
350 2282 377 2334 te
392 2280 515 2351 perfecte
529 2279 680 2348 habitaret,
691 2285 866 2352 temperares
877 2280 937 2335 ani·
986 2282 1154 2337 documenta
1173 2286 1201 2336 et
1220 2282 1307 2338 divini
1333 2283 1425 2337 cultus
1451 2281 1610 2337 ministeria
1633 2281 1674 2335 ita
1692 2285 1800 2347 tenere,

122 2388 198 2427 mum
210 2390 229 2426 a
238 2373 333 2443 malis,
345 2374 444 2428 saevire
459 2373 611 2441 desineres,
622 2372 653 2427 id
663 2378 715 2439 est,
724 2373 773 2426 Dei
784 2372 935 2428 Ecclesiam
986 2377 1058 2431 sicut
1070 2378 1167 2431 Patres
1182 2376 1281 2445 nostri,
1296 2375 1388 2430 sancti
1402 2375 1533 2446 apostoli,
1549 2373 1601 2429 sibi
1615 2374 1717 2428 tradita
1729 2389 1801 2445 prae-

122 2469 274 2521 msanctos
286 2467 349 2537 ejus
364 2466 498 2537 persequi
512 2483 644 2535 cessares,
659 2465 803 2537 tyrannidi
817 2466 935 2520 modum
985 2469 1151 2525 dicaverunt
1173 2474 1201 2523 et
1225 2471 1393 2524 docuerunt.
1414 2469 1483 2523 Boni
1505 2467 1584 2522 enim
1611 2466 1747 2538 principis
1768 2483 1800 2521 ac
1901 2491 1902 2496 ι

124 2559 293 2630 imponeres,
306 2560 434 2615 furorem
449 2559 605 2630 cohiberes,
620 2559 791 2615 humanitati
804 2559 933 2630 invigila·
984 2563 1061 2634 regis
1077 2566 1119 2617 est
1133 2563 1262 2617 ecclesias
1274 2562 1411 2617 contritas
1424 2567 1509 2633 atque
1522 2561 1620 2615 scissas
1630 2563 1799 2630 restaurare,

125 2668 172 2721 res,
186 2653 360 2708 modestiam
385 2653 605 2724 amplectereris,
626 2653 753 2708 ethonis
777 2652 935 2725 potioribus
985 2672 1073 2710 noras
1088 2655 1237 2721 edificare,
1253 2661 1280 2711 et
1299 2654 1347 2710 Dei
1369 2655 1529 2709 sacerdotes
1552 2654 1695 2709 honorare
1714 2655 1800 2723 atque

126 2744 175 2798 luri
187 2751 343 2816 satageres.
357 2746 485 2801 Charitas
503 2746 580 2802 euim
595 2749 708 2801 exercet
726 2745 822 2814 corda,
836 2761 935 2800 sensus
984 2749 1067 2804 tueri.
1084 2749 1164 2805 Unde
1178 2753 1287 2803 sanctos
1304 2749 1442 2819 apostolos
1455 2763 1612 2818 eorumque
1626 2762 1800 2802 successores

126 2838 290 2906 comoborat,
307 2842 338 2893 ut
352 2839 422 2894 nihil
436 2855 531 2911 mave,
546 2838 617 2895 nihil
632 2838 755 2905 difficile,
771 2837 820 2893 sed
842 2842 935 2894 totum
985 2841 1037 2896 sub
1054 2840 1148 2896 divina
1168 2842 1373 2897 contestatione
1394 2839 1574 2895 constituisse
1595 2839 1725 2910 legimus,
1742 2854 1799 2893 nou

127 2931 169 2985 liat
179 2932 264 2986 dulce
278 2933 356 3003 quod
370 2932 475 3002 agitur,
490 2933 558 2987 dum
577 2933 637 3003 ejus
654 2931 690 2987 sit
709 2931 858 3003 proprium
879 2947 934 2986 nu·
985 2933 1088 2990 debere
1103 2934 1164 2989 lieri
1177 2935 1398 3005 persecutiones,
1413 2951 1466 2988 nec
1479 2933 1580 3008 inferri
1592 2931 1798 3000 fluctuationes,
1848 2933 1849 2937 ’

127 3025 186 3079 tn‘re
197 3024 330 3096 pacifica,
343 3034 454 3081 servare
468 3026 633 3096 composita,
645 3024 793 3080 dissociata
813 3025 934 3095 conjun-
985 3043 1037 3083 nec
1050 3028 1178 3083 inridere
1193 3027 1387 3082 laborantibus
1402 3027 1432 3082 in
1450 3043 1520 3098 agro
1533 3026 1691 3096 Dominico,
1706 3042 1800 3096 neque

127 3132 194 3188 gere,
205 3134 294 3190 prave
303 3118 437 3191 dirigere,
449 3123 478 3173 et
488 3119 606 3175 virtutes
621 3119 743 3190 reliquas
752 3071 973 3190 perfectionisC
986 3121 1128 3192 expellere
1142 3120 1241 3175 aeterni
1253 3119 1340 3190 Regis
1352 3119 1569 3190 dispensatores,
1585 3119 1634 3174 sed
1650 3119 1672 3173 si
1688 3118 1736 3188 qui
1751 3134 1799 3172 ex·

127 3226 175 3265 sne
189 3211 355 3266 munimine
364 3212 497 3267 solidare.
507 3212 614 3282 Deipsa
623 3228 692 3282 ergo
702 3228 800 3266 omues
815 3228 936 3267 monens
985 3215 1060 3286 pulsi
1074 3214 1180 3268 suerint
1194 3218 1243 3268 aut
1257 3213 1314 3268 suis
1327 3213 1412 3267 rebus
1431 3212 1576 3284 exspoliati
1595 3213 1688 3283 primo
1703 3210 1801 3266 omnia

127 3305 283 3373 Apostolus,
298 3304 339 3358 ita
355 3304 492 3375 loquitur,
508 3304 607 3359 dicens
623 3321 629 3359 :
646 3326 660 3354 (ι
675 3304 704 3360 Si
718 3304 822 3376 linguis
842 3305 934 3359 homi·
984 3305 1115 3377 legaliter
1123 3305 1214 3375 reddi,
1223 3322 1287 3377 quae
1300 3306 1340 3360 cis
1353 3305 1388 3360 ah
1399 3305 1520 3360 inimicis
1531 3304 1801 3376 autapersecutori-

128 3411 187 3451 nnm
210 3398 317 3468 loquar
334 3399 364 3452 et
380 3398 557 3469 angelornm,
572 3397 739 3454 charitatem
759 3401 856 3453 autem
878 3414 935 3451 non
984 3399 1036 3455 bus
1047 3400 1139 3456 ablata
1153 3403 1228 3469 sunt,
1241 3405 1270 3455 et
1282 3401 1361 3456 sedes
1377 3399 1503 3470 proprias
1524 3415 1589 3453 cum
1612 3398 1744 3453 omuibus
1763 3398 1801 3452 ad

128 3487 253 3559 habeam,
267 3490 360 3544 lachis
374 3506 438 3545 sum
449 3490 527 3545 velut
539 3507 577 3545 ιιι
591 3507 694 3545 ιιιιιι
712 3495 760 3546 ιιι
772 3489 935 3562 cymbalum
985 3509 1014 3548 se
1027 3493 1236 3563 pertinentibus
1254 3492 1424 3565 regulariter
1438 3492 1558 3558 restitui,
1573 3496 1600 3547 et
1613 3495 1713 3561 postea
1726 3495 1799 3546 tem·

128 3582 261 3652 tinnieus3
278 3588 308 3637 et
319 3582 344 3637 si
355 3583 480 3638 habuero
494 3599 609 3638 omnem
627 3583 816 3656 prophetiam,
836 3586 865 3638 et
882 3599 933 3638 no·
984 3602 1053 3657 pore
1069 3601 1196 3657 congruo
1210 3585 1306 3640 vocari
1326 3585 1362 3640 ad
1386 3586 1528 3655 synodum
1548 3584 1720 3656 regulariter
1731 3600 1801 3639 con·

128 3676 206 3730 terim
228 3676 364 3747 mysteria
381 3677 477 3731 omnia
494 3681 523 3731 et
542 3693 658 3732 omnem
671 3677 827 3746 scientiam,
845 3679 873 3731 et
888 3677 936 3731 ha·
985 3682 1207 3751 gregatam,nec
1220 3679 1320 3733 liceret
1333 3677 1368 3744 ei,
1383 3678 1629 3749 priusquamfiant
1644 3678 1800 3746 hoec,dese

129 3765 209 3823 huero
237 3784 353 3823 omnem
378 3769 476 3839 fldem,
496 3769 536 3825 ita
558 3774 589 3824 ut
612 3772 725 3825 montes
752 3770 933 3837 transieram,
981 3772 1062 3842 juxta
1081 3774 1187 3827 statuta
1207 3770 1409 3842 predictorum
1431 3769 1613 3841 respondere,
1629 3774 1680 3825 aut
1695 3769 1730 3824 de
1743 3767 1800 3824 suis

131 3859 290 3916 chantatem
311 3866 407 3917 autem
431 3879 488 3918 non
509 3861 642 3931 habeam,
662 3862 735 3917 nihil
756 3879 835 3931 sum;
861 3868 890 3918 et
912 3861 935 3916 si
985 3863 1221 3936 impetitionibus,
1232 3864 1256 3917 si
1268 3879 1298 3917 se
1312 3863 1413 3917 viderit
1426 3861 1606 3934 praegravari,
1622 3861 1742 3916 reddere
1757 3877 1802 3916 ra-

131 3951 292 4010 distribuero
310 3954 342 4009 in
368 3955 447 4010 cibos
474 3972 632 4027 pauperum
660 3971 761 4011 omnes
787 3955 935 4010 facultates
985 3958 1105 4013 bouem.
1120 3957 1182 4027 Sed,
1198 3957 1241 4012 his
1262 3957 1315 4011 rite
1337 3956 1467 4027 peractis,
1481 3955 1595 4027 suisque
1613 3954 1744 4010 omuibus
1763 3955 1798 4009 li·

131 4059 205 4115 neas,
218 4053 250 4102 et
263 4047 287 4102 si
301 4047 442 4103 tradidero
457 4064 561 4119 corpus
581 4065 678 4105 meum
698 4049 738 4104 ita
759 4052 791 4104 ut
807 4048 934 4116 ardeam,
985 4051 1052 4107 bere
1067 4050 1218 4122 dispositis,
1232 4050 1256 4104 si
1269 4055 1331 4104 tum
1341 4050 1417 4120 juste
1430 4049 1548 4116 videtur,
1560 4048 1619 4103 suis
1631 4048 1801 4119 respondeat

131 4137 290 4195 charitatem
303 4143 399 4195 autem
414 4157 471 4196 uon
486 4141 617 4208 habeam,
630 4141 700 4197 nihil
720 4141 793 4197 mihi
807 4140 934 4212 prodest.
986 4143 1209 4213 accusatoribus,
1226 4146 1255 4198 et
1268 4141 1407 4210 inducias,
1421 4142 1444 4196 si
1456 4142 1483 4197 ei
1497 4157 1611 4196 necesse
1624 4140 1721 4210 tuerit,
1731 4141 1802 4196 acci-

132 4231 248 4289 Charitas
275 4233 387 4305 patiens
414 4238 465 4303 est,
493 4235 618 4307 benigna
645 4237 697 4290 est.
725 4234 852 4290 Charitas
878 4249 936 4288 non
985 4235 1047 4309 piat
1060 4253 1117 4292 non
1142 4236 1266 4291 modicas
1286 4240 1319 4291 ut
1337 4237 1481 4307 explorare
1496 4235 1591 4290 ιιιιιι
1605 4250 1637 4289 ιι
1650 4250 1713 4306 quae
1727 4234 1800 4304 obji-

133 4328 281 4396 amulatur,
296 4341 356 4381 non
367 4327 426 4397 agit
436 4342 597 4399 perperam,
610 4344 670 4382 non
682 4326 806 4395 inflatur,
819 4342 879 4383 nou
894 4329 937 4382 est
986 4329 1099 4385 ciuntur
1113 4329 1148 4398 ei,
1164 4346 1201 4384 ne
1216 4329 1368 4401 aliquando
1384 4329 1499 4383 delusus
1515 4328 1616 4383 fraude
1635 4328 1801 4383 innocenter

133 4418 278 4488 ambitiosa,
296 4435 355 4474 non
374 4420 475 4491 quaerit
492 4436 556 4492 quae
570 4437 619 4474 sua
632 4424 708 4488 sunt,
724 4437 783 4476 nou
797 4419 1211 4506 irritatur,1)ruat,quouiam
1225 4439 1284 4477 non
1303 4426 1415 4494 oportet
1427 4437 1603 4493 quemquam
1614 4421 1744 4490 judicare
1757 4420 1801 4476 vel

133 4524 178 4566 ιιι
194 4512 304 4583 cogitat
325 4513 445 4580 malum,
463 4529 520 4568 non
543 4514 649 4586 gaudet
670 4530 755 4585 super
774 4514 935 4586 iniquitate,
988 4517 1127 4572 damnare
1143 4515 1309 4587 priusquam
1323 4514 1464 4586 legitimos
1478 4515 1581 4569 habeat
1594 4518 1802 4585 praeseutesac-

135 4605 284 4676 magaadet
294 4608 392 4661 autern
406 4605 526 4661 ιιιίιιιι.
542 4607 645 4662 Omnia
659 4606 765 4675 sullert,
776 4607 871 4661 omnia
880 4623 938 4661 cre-
988 4608 1295 4680 cusatores,locumque
1307 4607 1649 4679 defendendiaccipiatad
1660 4605 1802 4662 abluenda

136 4693 175 4764 dit,
193 4699 292 4754 omnia
308 4701 412 4770 sperat,
432 4699 531 4755 omnia
555 4700 682 4755 sustinet.
708 4701 833 4755 Charitas
860 4715 936 4754 nun·
987 4702 1117 4759 crimina.
1129 4701 1210 4757 Unde
1223 4701 1263 4756 ait
1276 4701 1433 4772 propheta:
1448 4721 1462 4750 c
1475 4699 1642 4771 Priusquam
1654 4714 1800 4771 agnoscas,

136 4803 207 4858 quam
217 4792 324 4847 excidit
331 4793 357 4864 (l
367 4795 426 4850 Cor.
437 4809 495 4860 ιιι,
509 4797 518 4847 l
537 4793 648 4864 etseq).
661 4814 675 4843 ι
686 4793 818 4864 Quisquis
829 4808 897 4865 ergo
907 4793 937 4847 in
987 4812 1044 4850 nou
1059 4795 1170 4866 judices
1187 4810 1363 4866 quemquam
1380 4794 1470 4863 (Eucti.
1485 4810 1522 4862 xi,
1536 4792 1573 4864 7).
1588 4814 1602 4842 u
1619 4794 1649 4847 lu
1664 4794 1719 4848 hoc
1733 4809 1802 4865 ergo

137 4882 185 4950 ejus
197 4902 228 4941 se
241 4886 338 4941 radice
360 4885 461 4941 inserit
473 4903 526 4942 uec
544 4903 560 4941 a
574 4887 715 4942 viriditate
735 4886 839 4955 deficit,
855 4902 905 4941 nec
922 4903 939 4940 a
989 4888 1038 4959 qui
1051 4888 1175 4959 episcopi
1196 4892 1225 4943 et
1245 4887 1348 4958 reliqui
1362 4887 1434 4942 servi
1447 4887 1497 4941 Dei
1511 4892 1729 4959 persequuntur,
1742 4902 1802 4946 non

137 4972 260 5033 luctibus
290 4979 439 5047 inanescit,
459 4980 525 5052 quia
550 4995 647 5035 amore
671 4979 850 5035 fecunditatis
868 4995 938 5050 opus
988 4985 1101 5036 tantum
1122 4979 1173 5053 ipsi
1197 4983 1408 5051 persequuntur
1423 4982 1562 5051 quantum
1584 4978 1632 5035 illc
1650 4979 1731 5054 cujus
1745 4985 1804 5040 rice

79 5063 81 5151 J
138 5070 223 5127 efficax
236 5089 298 5128 non
310 5072 444 5129 admittit.
460 5073 537 5128 Licet
553 5073 641 5129 modo
660 5072 784 5128 charitas
798 5072 828 5128 in
842 5088 937 5145 perse·
988 5073 1158 5145 funguntur,
1172 5073 1244 5127 sicut
1257 5072 1393 5144 scripturn
1407 5077 1458 5140 est,
1476 5094 1489 5123 ι
1499 5072 1552 5137 Qui
1567 5088 1614 5128 vos
1628 5077 1731 5147 tangit,
1742 5083 1804 5132 tau·

79 5154 81 5191 ³
138 5165 268 5221 ribubus
292 5166 422 5222 Ecclesia
444 5183 591 5222 servorum
612 5183 677 5239 quae
692 5166 739 5221 [tei
756 5166 938 5237 arefactasit,
990 5165 1175 5240 gitpupillam
1185 5166 1258 5221 oculi
1268 5166 1326 5220 mei
1335 5166 1422 5236 (lact.
1434 5169 1528 5238 11,8).»
1537 5167 1744 5233 Etalibi:c0ui
1753 5188 1803 5225 vos

138 5255 200 5329 riget
217 5265 315 5315 tamen
338 5259 368 5314 iu
388 5260 561 5316 amatoribus
575 5261 647 5331 ejus,
662 5264 691 5316 et
703 5260 733 5315 iu
746 5276 795 5315 eos
817 5260 867 5332 qui
886 5277 938 5332 pa·
990 5260 1229 5328 contristavit,me
1239 5257 1414 5314 contristavit
1424 5259 1492 5331 (Cot.
1507 5264 1612 5333 111,25);
1625 5281 1639 5314 ι
1652 5265 1698 5317 et:
1717 5284 1732 5312 a
1749 5262 1802 5326 Qui

139 5348 234 5408 ianuar
254 5356 374 5425 propter
388 5354 540 5425 justitiam,
560 5354 595 5410 da
617 5353 730 5427 quihus,
752 5354 814 5426 ipsa
835 5369 887 5426 per
909 5370 939 5409 se
988 5354 1057 5410 facit
1071 5353 1216 5425 injuriam,
1230 5352 1349 5424 recipiet
1363 5352 1391 5408 id
1404 5353 1481 5424 quod
1492 5353 1588 5425 inique
1601 5355 1687 5425 gessit
1698 5357 1733 5422 (ll
1741 5357 1801 5411 Cor.

139 5437 230 5502 lenus
253 5449 375 5503 ιιιιιιιιι
388 5447 505 5504 dicens:
522 5447 628 5504 «Beati
643 5447 692 5519 qui
714 5447 940 5520 persecutionem
988 5465 1019 5517 ιι,
1031 5447 1066 5519 5),
1077 5468 1091 5497 ι
1106 5463 1153 5502 ros
1166 5462 1245 5518 ergo,
1256 5447 1323 5502 licet
1335 5468 1350 5496 ι(
1363 5462 1482 5519 corpora
1496 5450 1592 5502 nostra
1606 5447 1718 5517 possitis
1727 5445 1801 5501 occi-

141 5539 273 5603 tetiantur
281 5545 399 5614 propter
406 5541 549 5613 justitiam
561 5544 667 5614 (aaut.
678 5558 704 5611 v,
720 5541 773 5613 lc).
786 5561 800 5594 ι
811 5541 846 5595 Et
854 5540 937 5595 alibi:
990 5541 1068 5609 dere,
1079 5541 1188 5596 animas
1200 5543 1300 5596 tamen
1314 5557 1374 5596 non
1388 5540 1504 5613 potestis
1516 5539 1643 5594 occidere
1655 5539 1761 5609 (blattis.
1772 5556 1800 5610 x,

143 5631 191 5687 ¹¹Si
211 5650 257 5690 mc
275 5635 417 5707 persecuti
430 5639 506 5704 suut,
520 5639 549 5691 et
560 5652 609 5691 vos
626 5639 835 5709 persequentur
850 5634 938 5707 (Joau.
988 5634 1043 5703 28),
1060 5656 1074 5684 c
1099 5651 1153 5690 nec
1174 5635 1277 5706 gradus
1299 5633 1382 5689 nobis
1400 5622 1534 5706 divinitus
1552 5632 1668 5686 collatos
1683 5632 1803 5704 potastis

145 5735 177 5795 tt,
190 5730 242 5804 ιιι),
255 5751 270 5780 ι
288 5729 383 5804 potius
395 5730 473 5787 enim
486 5747 537 5787 uos
555 5734 584 5787 at
597 5746 697 5786 omues
719 5728 832 5786 Domini
846 5744 939 5786 secer·
989 5729 1109 5785 aulana.
1123 5728 1269 5802 Synodnru
1284 5744 1353 5800 ergo
1376 5728 1482 5798 absque
1496 5725 1582 5800 hique
1605 5729 1711 5784 sanctae
1728 5727 1815 5793 sedis
