3870 6150
127 230 160 282 oa
733 236 970 295 DECRETALlU-ll
988 240 1182 299 connectio.
1777 253 1810 309 ’dl

126 335 208 388 team
220 331 352 390 etiamab
361 334 599 408 hisquiinerrore
608 343 764 415 suutpositi
776 345 933 402 custoditur
935 358 1043 431 ,Amo
1056 348 1151 404 sulvus
1165 366 1225 406 esse
1238 350 1352 424 poterit,
1367 351 1421 407 nisu
1414 352 1480 408 b'n
1499 353 1742 413 observationibus
1757 374 1827 431 pro

124 426 213 480 multo
228 427 368 498 purinset
380 430 515 485 attentius
526 449 581 504 per
593 435 719 507 singulas
731 437 861 510 quisque,
872 439 944 496 sicut
992 442 1097 498 viribus
1115 459 1232 514 operam
1252 445 1371 501 dederit.
1388 447 1462 502 Deris
1473 463 1521 501 vos
1544 447 1574 503 in
1596 465 1645 504 sua
1664 451 1810 508 voluntate

124 534 210 590 supra
224 520 414 592 ostendimus,
429 523 535 595 species
547 542 565 580 a
579 527 661 582 nobis
674 529 724 601 qui
737 531 886 587 veritatem
898 548 942 588 se·
993 551 1227 609 unumquemque
1240 537 1269 592 iu
1282 555 1333 593 suo
1345 539 1445 594 ordine
1460 555 1574 612 semper
1587 543 1737 614 custodiat,
1750 544 1809 601 ira·

123 611 242 683 qrrimur
254 614 396 684 teneatur,
407 630 441 670 eo
450 617 544 689 magis
556 619 634 690 quod
645 623 721 694 apud
731 639 784 679 nos
795 623 945 680 observaru-
994 633 1061 697 tres,
1076 631 1105 684 et
1117 628 1171 684 sibi
1184 629 1316 701 placere'
1310 647 1339 686 ur
1351 633 1482 688 omnibus
1492 634 1638 691 concedat.
1652 639 1754 694 Amen.

125 705 172 760 tire
185 704 250 776 ejus
262 708 383 778 premia
396 712 503 766 seterm
516 715 583 767 sunt
596 714 698 785 posita.
711 715 801 773 Aliter
812 716 945 773 enimue-

307 991 585 1088 bristout
617 999 847 1107 QUARTA
881 1002 1082 1097 SANGTI
1115 1004 1433 1100 CLEMENTIS
1466 1009 1633 1102 PAPAE

162 1145 302 1228 Scripta
321 1147 488 1232 descipulis
507 1152 588 1232 suis,
602 1156 663 1237 qui
682 1174 738 1219 mo
740 1156 847 1221 lorum
869 1158 1052 1222 homimum
1070 1177 1131 1302 po
1095 1159 1338 1223 amalecitas
1358 1160 1565 1244 atiquatenus
1583 1162 1767 1241 deviarant,

667 1237 859 1318 etpentibus
875 1238 959 1302 inter
975 1255 1059 1320 quas
1117 1238 1273 1302 ditabant.

154 1360 295 1433 Cumana,
315 1364 453 1422 Romanae
484 1368 563 1424 urbis
587 1371 747 1443 episcopus,
770 1373 942 1430 charissimis
991 1373 1084 1429 ritatis
1099 1374 1195 1431 lumen
1209 1373 1316 1431 effulsit
1318 1375 1414 1447 ignis
1423 1375 1589 1447 justissimae
1600 1375 1809 1450 indignationis

119 1451 259 1510 denibus
270 1458 351 1515 tunso
370 1464 400 1515 et
415 1460 530 1518 turrino
549 1479 582 1519 ec
602 1464 720 1537 reliquis
744 1467 942 1522 consodalibus
991 1467 1163 1536 accenditur,
1177 1472 1205 1523 et
1227 1468 1381 1523 iracundiae
1394 1471 1451 1525 lieo
1463 1471 1574 1541 placitae
1587 1470 1662 1526 intra
1674 1487 1724 1527 vos
1739 1487 1808 1527 con·

122 1548 238 1615 nostris,
254 1551 447 1624 gentibusque
466 1570 529 1626 quae
551 1557 626 1612 circa
646 1574 696 1612 vos
716 1562 792 1614 suut.
815 1561 938 1631 Oportet,
990 1561 1082 1632 surgit
1090 1561 1267 1630 incendium,
1276 1577 1334 1633 quo
1345 1567 1530 1619 consumatur
1539 1566 1569 1619 et
1577 1563 1712 1620 radicitus
1723 1565 1808 1620 iuter·

120 1638 237 1709 tratres,
253 1659 352 1700 omnes
369 1645 496 1704 doctores
516 1651 566 1720 qui
587 1650 624 1705 ad
645 1651 766 1707 saluum
778 1653 941 1710 animarum
990 1657 1036 1709 eat
1056 1669 1142 1710 omne
1165 1670 1283 1727 germen
1301 1655 1379 1726 quod
1398 1655 1471 1712 torte
1489 1657 1520 1710 in
1538 1660 1614 1712 terra
1632 1658 1715 1713 malae
1737 1673 1808 1714 oon·

122 1732 249 1790 instituti
261 1742 339 1804 sunt,
353 1742 382 1793 et
391 1739 429 1795 ad
442 1740 589 1798 lucrandas
607 1744 717 1799 animas
733 1746 858 1817 episcopi
875 1727 979 1802 suntB
991 1747 1171 1819 cupiscentice
1186 1747 1359 1819 pullulavit?
1373 1749 1452 1804 Unde
1466 1752 1496 1804 et
1507 1749 1567 1820 ipse
1588 1749 1638 1820 qui
1659 1749 1736 1805 misit
1757 1766 1808 1805 nos

123 1829 294 1899 consecrati,
310 1846 361 1901 pro
374 1833 483 1889 cunctis
495 1835 711 1892 sollicitudinem
731 1853 841 1909 gerere,
854 1841 882 1894 et
895 1855 941 1894 er·
992 1855 1057 1895 cum
1069 1839 1201 1910 venisset,
1215 1845 1245 1896 et
1258 1856 1373 1896 omnem
1386 1841 1527 1896 mundum
1542 1841 1655 1898 vidisset
1673 1843 1709 1898 ad
1723 1842 1807 1898 mali·

122 1923 220 1976 rantes
233 1921 271 1976 ad
285 1923 360 1978 viam
369 1926 496 1982 veritatis
513 1932 542 1983 et
562 1927 599 1984 ad
619 1935 734 2002 portum
747 1932 846 1987 salutis
859 1933 942 1989 redu·
991 1932 1062 1987 tiam
1072 1933 1234 1999 declinasse,
1247 1950 1305 1988 nou
1318 1933 1454 1989 continuo
1465 1933 1492 1989 ei
1502 1950 1615 2005 pacem,
1625 1934 1808 1990 inerroribus

123 2028 202 2068 cere.
215 2015 251 2070 lit
267 2015 333 2072 licet
352 2022 471 2090 propter
486 2025 589 2091 gentes
608 2039 673 2095 quse
686 2023 759 2079 circe
770 2041 819 2080 vos
833 2030 901 2080 sunt
911 2027 942 2082 iu
991 2024 1096 2095 posito,
1107 2024 1195 2092 dedit,
1207 2041 1243 2079 ne
1255 2041 1322 2080 eum
1332 2025 1513 2081 confirmaret
1525 2025 1556 2080 in
1567 2025 1659 2094 malis,
1670 2027 1719 2081 sed
1728 2026 1808 2098 igno-

125 2105 683 2185 modioovoserrassecontigerit,melius
693 2120 839 2173 esttamen
848 2118 942 2174 redire
991 2116 1092 2173 sentire
1114 2117 1176 2189 ejus
1189 2117 1282 2173 ruinis
1303 2117 1454 2174 scientiam
1467 2117 1592 2173 venulis
1608 2119 1749 2190 opposuit,
1766 2121 1807 2185 ut,

125 2198 303 2256 adventatis
315 2202 392 2258 uam
407 2221 493 2277 quam
506 2206 612 2263 diodus
624 2209 655 2263 in
666 2209 728 2280 ipso
738 2225 834 2266 errore
848 2228 943 2283 perse·
991 2209 1015 2264 si
1031 2210 1081 2281 qui
1092 2209 1167 2266 forte
1179 2209 1387 2280 resipiscerent,
1403 2211 1539 2266 etlumen
1552 2210 1678 2267 venatis
1698 2211 1806 2284 aspice-

124 2307 235 2349 verare.
241 2294 432 2368 Quoscunque
445 2299 522 2354 enim
533 2300 569 2355 de
579 2301 624 2356 his
633 2303 683 2373 qui
698 2319 747 2359 vos
760 2319 856 2360 errare
869 2306 942 2362 fece·
991 2306 1066 2372 rent,
1082 2303 1216 2376 deceptos
1229 2319 1270 2374 so,
1285 2308 1313 2359 et
1324 2304 1354 2358 in
1367 2303 1522 2376 precipitio
1535 2304 1640 2359 erroris
1653 2304 1808 2359 abstractos

122 2389 202 2453 nint,
212 2387 257 2441 vel
268 2388 304 2443 de
314 2389 359 2444 his
373 2391 422 2461 qui
434 2392 655 2450 adhucverbum
665 2397 873 2467 praedicationis
884 2414 941 2454 uon
990 2396 1093 2452 merito
1111 2397 1251 2464 dolerent,
1265 2400 1294 2452 et
1312 2396 1466 2452 iracundia
1487 2397 1619 2452 salutaris
1641 2397 1740 2468 ignem
1757 2397 1806 2452 ad-

125 2479 291 2550 audierunt,
307 2484 435 2554 potestis,
450 2485 597 2543 vobiscum
611 2490 756 2559 assumito,
774 2495 804 2546 et
817 2491 853 2545 ad
866 2491 942 2547 viam
990 2504 1105 2545 versum
1119 2489 1307 2561 deceptricem
1321 2506 1403 2545 suam
1412 2489 1595 2571 conciperent
1605 2489 1805 2562 ignorantiam.

125 2571 254 2628 tentatis
276 2574 415 2645 reducite,
437 2595 475 2634 ne
499 2579 666 2637 infructuosi
678 2583 798 2639 Domino
816 2583 942 2641 invenia-
991 2582 1033 2638 Oh
1046 2582 1101 2637 hoo
1114 2582 1211 2654 itaque
1224 2582 1354 2638 dicebat:
1369 2603 1382 2631 a
1395 2583 1493 2654 lgnam
1503 2582 1572 2638 veui
1583 2582 1697 2638 mittere
1709 2583 1739 2638 in
1750 2584 1806 2639 ter-

126 2664 207 2720 mini.
222 2667 257 2722 st
268 2669 405 2739 quoniam
424 2670 542 2742 quidem
558 2673 632 2729 sicut
647 2692 664 2730 a
681 2674 790 2731 cultore
805 2678 937 2748 neglecta
991 2690 1063 2742 ram,
1079 2690 1165 2746 quem
1179 2676 1287 2731 volout
1301 2675 1472 2731 accendatur
1487 2675 1561 2746 (Lao.
1577 2691 1626 2745 ιιι,
1639 2675 1694 2746 io).
1711 2696 1725 2725 o

126 2760 835 2840 terraspiuasettribulosnecessarioproduoit,ita
844 2785 942 2826 sensus
1027 2769 1075 2823 Est
1088 2782 1156 2840 ergo
1168 2783 1264 2839 pugna
1279 2767 1409 2839 quaedam
1428 2784 1493 2839 quae
1513 2767 1639 2840 gerenda
1661 2767 1743 2823 nobis
1764 2771 1809 2824 est

127 2855 220 2906 vester
233 2852 316 2925 longi
329 2858 465 2929 temporis
477 2859 586 2915 incuria
598 2860 704 2916 multas
722 2864 751 2917 et
763 2863 864 2918 noxias
884 2863 943 2935 opi·
990 2859 1020 2914 iu
1033 2859 1088 2914 hac
1102 2859 1168 2914 vita.
1181 2860 1281 2915 Sermo
1295 2860 1374 2914 euim
1386 2859 1511 2915 venatis
1527 2863 1556 2916 et
1567 2859 1696 2915 scientia
1712 2876 1806 2916 neces·

130 2945 227 3001 niones
238 2962 335 3003 rerum
349 2952 380 3003 et
391 2949 597 3025 intelligentias
604 2954 683 3009 salsa
697 2954 824 3011 scientior
838 2956 942 3028 germi-
991 2952 1066 3008 sario
1077 2955 1190 3024 separat
1201 2953 1333 3008 homiues
1345 2953 1380 3007 ab
1396 2968 1491 3008 errore
1511 2955 1540 3008 et
1556 2953 1726 3024 ignorantia,
1737 2952 1809 3008 sicut

129 3039 215 3108 navit,
224 3055 297 3110 opus
309 3044 438 3099 estnunc
447 3045 537 3100 mulla
548 3045 696 3117 diligentia
705 3048 741 3103 ad
754 3048 942 3105 excolendum
952 3089 979 3165 C
991 3061 1065 3117 saepe
1078 3045 1206 3101 videmus
1214 3046 1387 3117 putrefactas
1397 3049 1426 3101 et
1438 3049 1581 3101 emortuas
1595 3062 1695 3102 carues
1707 3062 1808 3117 corpo-

130 3147 173 3185 rus
195 3133 301 3188 mentis
317 3140 428 3202 vestra,
448 3141 480 3193 ut
497 3138 553 3194 boc
574 3155 666 3195 sermo
680 3141 805 3197 veniatis
822 3142 881 3214 (qui
900 3148 943 3200 est
992 3138 1031 3192 ris
1051 3154 1068 3192 a
1086 3138 1261 3194 connexione
1284 3137 1442 3193 viventium
1463 3139 1659 3194 membrorum
1680 3139 1756 3195 ferro
1777 3154 1807 3194 se

130 3238 209 3280 rarus
221 3229 250 3281 et
262 3226 387 3299 diligens
398 3231 491 3286 cordis
504 3231 631 3302 colonus)
648 3233 767 3290 assiduis
777 3235 884 3292 excolat
897 3236 942 3291 di·
991 3231 1080 3287 cantis
1107 3232 1242 3302 separari.
1262 3231 1328 3287 Tale
1354 3247 1423 3303 ergo
1450 3231 1558 3305 aliquid
1583 3235 1626 3288 ast
1650 3232 1726 3304 quod
1748 3231 1808 3303 agit

131 3317 260 3391 sciplinis.
276 3320 407 3378 Vestrum
424 3339 494 3395 ergo
509 3329 552 3381 est
565 3325 693 3397 prebere
706 3327 899 3384 obedientiam
913 3334 943 3386 et
991 3324 1116 3380 veritatis
1129 3324 1247 3396 agnitio.
1261 3325 1377 3380 Necesse
1396 3328 1440 3380 est
1458 3325 1546 3395 enirn,
1560 3329 1592 3380 ιιι
1611 3324 1709 3381 salutis
1722 3339 1808 3380 cause

132 3412 337 3485 occupationes,
348 3431 383 3470 ac
392 3415 597 3474 sollicitudines
609 3419 766 3491 superfluas
779 3424 940 3493 amputare,
991 3417 1067 3473 filim
1085 3417 1174 3488 (verbi
1193 3417 1294 3489 gratia)
1313 3419 1361 3489 qui
1384 3433 1548 3474 sennonem
1575 3417 1716 3489 receperit
1738 3417 1808 3472 veri·

131 3520 164 3559 ne
174 3505 284 3562 bonnm
295 3508 376 3565 vobi
384 3524 483 3565 semen
496 3515 595 3568 enecet
606 3513 724 3570 noxium
738 3530 859 3586 germen
869 3533 876 3571 ι
888 3531 940 3587 po·
992 3510 1058 3566 tatis
1071 3527 1088 3566 a
1101 3510 1265 3582 parentibus
1279 3515 1426 3583 separetur
1439 3511 1602 3578 incredulis,
1615 3515 1665 3567 aut
1682 3526 1806 3581 rumum,

132 3600 181 3653 test
193 3600 274 3655 enim
288 3599 351 3656 fieri
362 3603 395 3656 ιιι
406 3602 488 3658 ιιιιιιιὶ
500 3605 638 3677 temporis
652 3607 869 3679 negligentiam,
881 3608 942 3664 bre·
991 3606 1073 3675 pater
1084 3607 1230 3676 separetur
1243 3620 1260 3657 a
1271 3603 1341 3671 filio,
1356 3607 1406 3660 aut
1417 3604 1505 3660 filiae
1519 3609 1622 3661 matre.
1635 3606 1669 3661 Et
1682 3604 1738 3662 hoo
1749 3621 1809 3660 mo

132 3689 169 3744 vis
184 3695 213 3747 et
230 3693 345 3749 assidm
359 3699 472 3766 reparet
484 3696 643 3770 diligentia.
658 3700 800 3755 Incertum
815 3716 942 3772 nemque
992 3695 1029 3751 do
1040 3694 1117 3750 inter
1129 3696 1304 3786 propinquos
1313 3700 1398 3768 atquc
1411 3698 1638 3770 consanguineos
1651 3698 1806 3766 credentes,

132 3787 171 3838 ast
182 3785 407 3859 uniuscujusque
419 3792 533 3862 tempus
542 3791 617 3846 vitre.
629 3792 664 3847 Et
675 3791 740 3847 ideo
749 3791 942 3848 festinandum
992 3790 1079 3859 atque
1092 3787 1264 3856 incredulos,
1277 3786 1403 3844 soientiae
1414 3793 1501 3860 atque
1518 3790 1687 3862 ignorantie
1702 3789 1808 3844 verita-

131 3879 170 3931 est
179 3877 216 3932 ad
228 3878 360 3949 salntem,
373 3896 411 3936 ne
425 3881 497 3937 forte
513 3887 691 3939 cunctantem
702 3900 780 3939 mors
792 3885 943 3957 repentina
991 3881 1084 3953 tisque
1103 3884 1132 3937 et
1150 3881 1256 3937 erroris
1274 3897 1372 3953 pugna
1390 3882 1527 3937 consistit.
1541 3884 1574 3937 Et
1587 3881 1623 3936 ob
1635 3881 1689 3937 hoc
1702 3881 1808 3936 iterum

132 3971 295 4040 praeveniat;
307 3976 337 4028 et
349 3973 386 4029 ob
400 3974 453 4029 boo
464 3976 558 4031 acrius
571 3977 751 4033 innitendum
761 3981 813 4046 est,
823 3978 943 4049 utldum
993 3973 1106 4030 dicebat
1120 3974 1169 4046 quii
1180 3991 1233 4029 nos
1244 3974 1341 4030 misit:
1355 3996 1369 4024 ιι
1378 3974 1438 4030 Νοιι
1453 3974 1519 4030 veni
1532 3989 1631 4047 pacem
1646 3973 1761 4029 mittere
1777 3973 1809 4028 in

132 4066 172 4116 est
191 4065 329 4137 temporis
352 4067 614 4140 spatiumtcollecta
632 4070 715 4126 malos
730 4071 944 4128 consuetudinis
992 4071 1108 4137 terram,
1124 4068 1174 4123 sed
1194 4067 1322 4140 gladium
1336 4067 1444 4139 (nouo.
1457 4084 1486 4137 x,
1503 4068 1556 4138 at).
1573 4087 1588 4116 ιι
1605 4066 1688 4131 Quod
1707 4066 1730 4121 si
1742 4065 1811 4121 dicit

131 4154 193 4211 vitia
205 4161 381 4214 resecentur.
396 4159 479 4224 Quod
500 4177 559 4217 nou
580 4162 664 4218 aliter
686 4164 779 4220 iacere
801 4165 942 4236 poteritis,
993 4161 1095 4233 aliquis
1110 4162 1163 4217 :Et
1174 4161 1436 4233 quomodojustnm
1447 4158 1560 4216 videtur
1571 4158 1697 4231 separari
1711 4158 1810 4214 liliosa

133 4248 182 4305 nisi
190 4252 221 4304 ut
231 4251 396 4307 irascamini
408 4254 620 4325 quodammodo
630 4256 785 4313 adversum
794 4259 943 4330 vosmetip
991 4254 1157 4324 parentibus
1167 4254 1259 4325 (ibid,
1271 4253 1331 4325 asp
1339 4253 1412 4309 Audi
1423 4253 1580 4326 quomodo:
1590 4252 1658 4324 quia
1668 4268 1733 4307 cum
1742 4251 1811 4322 ipsis

132 4356 172 4396 sos
183 4359 235 4412 pro
247 4343 293 4398 his
308 4360 373 4415 quae
385 4345 526 4403 inutiliter
537 4348 673 4420 gessistis,
688 4366 720 4406 ac
734 4350 865 4423 turpiter.
878 4352 943 4406 Haec
992 4346 1016 4402 si
1034 4347 1066 4402 in
1084 4362 1180 4402 errore
1199 4351 1398 4417 permaneant,
1413 4362 1507 4418 neque
1525 4345 1580 4401 iltis
1598 4345 1767 4417 foderunt,
1782 4347 1812 4400 et

133 4434 205 4490 enim
218 4439 262 4490 est
273 4437 352 4492 utilis
363 4438 471 4507 sitafet
480 4440 568 4512 justa,
580 4446 609 4498 et
617 4442 984 4520 necessariairacundia,1)
995 4440 1050 4512 ipsi
1068 4454 1133 4495 cunr
1150 4439 1206 4493 iltis
1231 4439 1338 4511 pariter
1363 4439 1530 4508 interibunt,
1547 4439 1658 4510 justum
1676 4438 1764 4510 igitur
1782 4442 1812 4493 et

133 4529 362 4603 cirumquaque
371 4531 402 4587 in
411 4533 515 4605 quibus
527 4535 671 4592 arramiet
683 4552 836 4609 perperam
848 4536 944 4609 gessit,
992 4532 1075 4588 uelde
1089 4532 1199 4605 justum
1215 4536 1259 4586 est
1274 4532 1400 4603 separari
1410 4548 1477 4587 cum
1488 4531 1536 4604 qui
1549 4531 1647 4588 salvari
1656 4530 1717 4585 vult
1728 4530 1764 4585 ab
1775 4546 1810 4633 eo

135 4617 295 4693 indignetur
308 4626 535 4699 etsemetipsum
546 4633 667 4684 accuset.
684 4629 725 4684 Ex
741 4645 799 4701 qua
814 4629 945 4702 indigua·
994 4625 1044 4697 qui
1064 4641 1122 4680 uon
1136 4625 1204 4679 vult.
1219 4624 1274 4681 Sed
1289 4624 1401 4680 etiltud
1415 4625 1541 4692 adverte,
1554 4623 1691 4695 quianon
1705 4640 1742 4678 cx
1755 4623 1811 4678 illrs
1831 4703 1832 4706 Ἴ

136 4710 205 4768 tione
219 4715 386 4773 accenditur
407 4718 438 4774 in
461 4720 544 4775 nobis
565 4720 641 4792 ignis
664 4722 793 4794 quidam,
806 4722 946 4794 quivelut
995 4718 1044 4790 qui
1055 4717 1159 4773 rectius
1174 4717 1347 4788 intelligunt,
1362 4717 1440 4772 venit
1451 4717 1505 4772 ista
1517 4716 1668 4790 separatio,
1676 4716 1719 4771 illi
1733 4715 1811 4771 enim

137 4819 198 4874 agro
211 4807 302 4863 sterili
311 4808 466 4881 immissus,
481 4814 656 4886 consumptis
669 4818 698 4870 et
707 4815 830 4870 excoctis
840 4815 944 4872 radici·
994 4813 1093 4867 volunt
1104 4826 1164 4867 esse
1177 4810 1283 4882 pariter
1292 4814 1321 4865 et
1330 4810 1464 4882 prodesse
1473 4809 1516 4864 his
1530 4814 1559 4865 et
1568 4811 1670 4867 docere
1680 4810 1809 4865 meliora.

135 4896 182 4954 bns
194 4901 326 4973 pessimae
346 4904 509 4974 voluntatis,
524 4906 599 4963 bono
613 4907 716 4963 semini
728 4909 816 4964 verbo
835 4907 885 4964 Dei
903 4909 943 4964 ie·
995 4905 1051 4961 Sed
1060 4903 1208 4977 proprium
1216 4908 1257 4959 est
1267 4903 1437 4976 ignorantias
1447 4904 1560 4973 vitium,
1571 4906 1605 4959 ut
1616 4903 1810 4959 confutantem

135 4993 292 5051 condiorem
319 4997 413 5053 cordis
434 5004 580 5072 praeparet
607 5001 730 5073 glebam.
750 5003 822 5057 Puto
846 5005 944 5057 autem
994 5015 1035 5067 se,
1047 4997 1174 5053 veritatis
1186 4997 1279 5051 lucem
1293 5012 1351 5051 non
1364 4997 1439 5052 ierat
1449 4997 1555 5052 habere
1571 4996 1607 5051 de
1624 4997 1761 5068 proximo.
1778 4997 1812 5050 Et

134 5087 205 5154 quod
228 5088 298 5143 setis
320 5089 421 5162 dignas
450 5091 578 5148 habeatis
604 5109 702 5149 causas
725 5094 889 5165 uacundiae,
909 5110 945 5150 ex
994 5090 1060 5146 ideo
1072 5107 1106 5146 ex
1119 5090 1174 5145 illis
1187 5089 1241 5145 ista
1258 5088 1384 5145 noscitur
1398 5089 1546 5161 separatio.
1562 5090 1632 5145 Nam
1650 5088 1699 5161 qui
1721 5088 1810 5143 scieu-

135 5177 413 5252 qoibusjustissimus
425 5183 500 5255 ignis
513 5185 566 5240 iste
578 5185 730 5256 coalescat,
743 5187 766 5242 si
782 5187 944 5243 considere·
995 5184 1067 5239 tiam
1094 5183 1219 5238 veritatis
1247 5181 1400 5254 accipiunt,
1421 5182 1470 5255 qni
1488 5181 1624 5238 bonitatis
1651 5183 1735 5254 plena
1757 5183 1809 5247 est,

134 5269 166 5323 tis
177 5271 208 5326 in
223 5277 345 5345 quantos
357 5290 408 5330 vos
421 5292 530 5333 errores
544 5277 691 5335 deduxerit
704 5280 877 5351 ignorantiae
888 5295 946 5335 mn·
993 5280 1130 5349 tanquam
1141 5275 1241 5331 abono
1250 5274 1708 5347 Deodatam,cupiunteamsisreri
1717 5275 1811 5375 potest

132 5360 196 5430 ¹⁰¹³,
210 5354 389 5439 quantosipne
397 5369 492 5441 lspsus
505 5375 534 5426 et
546 5374 652 5442 quanta
664 5373 822 5445 precipitio
834 5372 870 5428 ad
883 5388 946 5445 pec-
994 5386 1061 5425 curn
1073 5368 1204 5424 omnihus
1212 5368 1317 5424 hebere
1326 5384 1520 5425 communem.
1531 5368 1624 5425 Etiam
1634 5381 1698 5468 cum
1707 5365 1751 5421 hus
1761 5379 1811 5466 qur

132 5456 252 5513 candum
269 5458 360 5530 dedit,
373 5478 390 5516 a
404 5464 517 5534 mantis
537 5481 586 5521 vos
604 5464 686 5520 bonis
706 5465 854 5535 abstraxit,
868 5469 897 5521 et
914 5465 945 5521 in
995 5463 1119 5519 oderunt
1136 5477 1195 5529 eos,
1215 5465 1243 5517 et
1268 5465 1489 5534 persequuntur.
1519 5461 1618 5517 Sciunt
1639 5472 1717 5513 euim
1741 5472 1809 5527 quia

129 5563 190 5618 que
209 5552 397 5624 precipitavit
416 5555 503 5626 mela,
525 5563 563 5629 et,
582 5558 658 5632 quod
680 5562 723 5616 est
743 5575 830 5631 super
850 5558 946 5615 omnia
994 5558 1141 5629 peccatum
1160 5554 1286 5627 ipsorum
1305 5571 1391 5611 causa
1408 5552 1579 5627 ignorantiae
1594 5554 1646 5652 est:
1658 5551 1810 5621 Propterea

130 5643 250 5713 grauns,
263 5646 342 5718 quod
354 5663 402 5703 sos
420 5648 451 5704 iu
470 5652 567 5708 futuro
588 5655 692 5710 sarculo
716 5652 832 5709 aeternis
853 5651 945 5725 pcenis
995 5649 1118 5722 denique
1137 5647 1198 5720 ipse
1216 5647 1349 5720 liegister
1367 5663 1433 5703 cum
1452 5646 1488 5702 ab
1506 5645 1552 5701 his
1570 5658 1619 5714 qur
1638 5641 1811 5746 ignorabant

128 5733 264 5793 obnoxios
275 5739 353 5796 iecit.
368 5743 467 5799 Nonne
483 5761 534 5816 pro
546 5745 590 5801 his
602 5747 735 5802 omnihus
747 5745 796 5801 ubi
809 5744 888 5802 vobis
900 5761 945 5802 ve·
994 5760 1060 5801 eum
1079 5741 1233 5799 duceretur
1251 5741 1287 5796 ad
1306 5756 1431 5803 erucem,
1452 5737 1551 5792 orabat
1569 5737 1680 5791 Patrem
1698 5752 1751 5808 pro
1770 5753 1811 5792 ιιι-
