3870 6150
145 246 196 300 785
766 243 1003 302 amandemus
1024 242 1215 299 cottactlo.
1779 253 1831 307 786

143 352 431 423 Egoetl‘ataronum
444 369 559 420 sumus3
579 356 609 409 et
620 353 778 409 secundum
795 351 960 409 hominem:
972 362 1002 436 Α
1012 354 1058 407 cta
1075 350 1225 423 sacrilegis
1239 351 1362 423 excedit,
1386 351 1542 409 abolmtur.
1563 353 1633 420 Quia
1647 371 1714 411 vero
1730 354 1829 414 diabo-

143 445 226 501 Petar
247 444 399 518 mejorme
418 452 471 502 est.
494 447 571 504 lianc
584 445 680 514 fldem,
704 445 892 514 dilectissimi,
910 462 960 502 ve·
1010 446 1065 502 lica
1089 443 1217 517 nequitia
1236 445 1379 502 subtiliter
1401 445 1474 502 fallit
1487 446 1626 518 incautos,
1648 453 1678 505 et
1695 448 1736 507 ita
1755 467 1829 524 quo·

143 554 207 595 ram
225 544 256 595 et
268 538 504 611 indissolubilem,
527 557 591 614 quaa
604 542 666 598 sola
684 557 764 597 veros
782 539 959 597 eflicitChri·
1010 538 1144 597 rumdam
1162 537 1387 610 imprudentiam
1403 557 1454 613 per
1476 540 1696 599 similitudinem
1716 543 1832 616 pietatis

142 634 263 704 stianos,
277 650 432 707 quamque,
447 638 481 690 ut
497 633 687 707 intelligimus
699 638 728 691 et
742 635 895 706 probamus
913 634 961 706 pio
1009 633 1114 704 illudit,
1129 634 1163 688 ut
1183 648 1235 704 pro
1257 633 1416 689 salubribus
1430 635 1603 707 persuadeat
1624 635 1763 707 nocitura,
1782 654 1828 695 re·

142 726 248 795 studio,
262 729 292 783 et
303 727 442 784 laudabili
459 744 556 784 amore
568 728 730 799 defenditis,
747 732 962 800 perseveranter
1009 730 1423 800 movete,quoesumus,aurem
1434 730 1558 784 svestra
1565 728 1830 800 pietatisconscien·

142 823 249 888 tenete,
265 825 295 878 et
315 824 482 878 constanter
501 821 629 879 asserito.
645 823 680 878 Et
691 821 829 896 quoniam
848 825 962 895 oportet
1010 820 1092 878 ticin
1113 819 1273 892 periculum
1288 819 1434 892 religionis
1448 825 1477 877 et
1490 820 1568 878 fidei.
1587 822 1668 888 Quod
1687 824 1827 881 seculari·

140 929 192 968 ros
207 914 407 986 postdirinum
419 914 556 971 auxilium
569 915 655 972 etiam
666 915 872 973 catholicorum
880 915 960 988 prin·
1009 913 1063 970 bus
1074 913 1200 986 negotiis
1220 913 1318 986 legum
1341 915 1498 970 vestrarum
1514 914 1646 989 aqrutate
1663 917 1830 975 conceditur

140 1007 239 1080 cipum
255 1009 378 1080 gratiam
385 1009 557 1080 promereri,
565 1008 714 1066 humiliter
726 1015 754 1065 et
760 1010 904 1082 sapienter
911 1025 959 1066 ex·
1009 1007 1039 1064 in
1055 1023 1153 1064 rerum
1166 1007 1330 1064 divinarum
1341 1007 1531 1079 pertractione
1542 1013 1689 1081 prestere,
1704 1017 1736 1068 ut
1745 1010 1827 1070 chri-

140 1102 261 1175 poscite,
276 1105 308 1158 ut
318 1102 449 1174 petitioni
464 1105 569 1160 nostrae
582 1120 638 1177 qua
649 1103 811 1176 plenariam
820 1103 909 1159 indici
917 1120 961 1176 sy·
1010 1101 1044 1157 sti
1061 1100 1212 1173 Evangelio
1226 1100 1285 1156 rim
1299 1116 1361 1157 non
1372 1100 1478 1157 interm
1491 1101 1617 1159 humana
1630 1105 1827 1178 presumptio.

138 1195 252 1252 nodum
282 1197 483 1269 postulamus,
529 1196 768 1254 clementissimus
805 1196 961 1270 imperator
1009 1195 1089 1262 Ecce,
1105 1194 1747 1268 Christianissimeetrenerabilisimperator,
1763 1215 1828 1256 cum

139 1288 279 1363 dignetm
290 1307 429 1362 annuere,
443 1307 501 1364 quo
514 1291 756 1364 citiusadjurante
765 1289 961 1348 misericordis
1008 1287 1258 1345 consacerdotibus
1272 1288 1344 1344 meis
1358 1287 1484 1361 implens
1495 1304 1565 1362 erga
1576 1290 1767 1347 reverentiam
1776 1293 1830 1350 cle·

138 1383 202 1455 liei,
216 1388 247 1440 et
260 1384 334 1440 sana
345 1384 484 1442 fortitudo
496 1389 647 1459 augeatur,
669 1390 698 1442 et
712 1384 857 1453 morbidis,
871 1383 895 1441 si
909 1401 959 1442 cu·
1008 1382 1128 1439 manue
1141 1384 1244 1438 vestre
1261 1381 1363 1439 sinceri
1374 1382 1484 1438 amoris
1502 1382 1639 1451 officium,
1654 1383 1828 1458 cupiensque

80 1538 83 1543 ,
136 1477 198 1534 rari
209 1479 400 1551 acquiescant,
415 1478 559 1535 medicina
571 1483 733 1552 prestetur.
1008 1491 1059 1532 ros
1071 1476 1184 1548 placere
1193 1491 1245 1548 per
1258 1475 1435 1546 omnialieo,
1446 1475 1492 1533 cui
1504 1492 1556 1548 pro
1567 1476 1649 1534 vobis
1660 1477 1696 1535 ab
1704 1479 1829 1537 Ecclesia

282 1572 337 1629 llll.
352 1603 386 1614 -
402 1573 447 1631 Ad
463 1573 639 1631 Theodosium
651 1575 815 1645 Augustum.
1009 1568 1248 1641 supplicemque
1263 1574 1330 1627 ante
1351 1568 1478 1626 tribunal
1492 1569 1598 1627 Christi
1609 1571 1722 1629 Domini
1735 1572 1778 1629 rei
1793 1573 1830 1630 de

174 1665 232 1722 Lno
256 1665 406 1739 episcopus
430 1669 460 1722 el
485 1671 581 1724 sancta
604 1666 814 1742 synodusque
836 1667 866 1723 in
886 1667 960 1724 urbe
1009 1661 1305 1734 silentiojudicemur.
1326 1662 1514 1720 obsecramus
1529 1681 1627 1721 coram
1639 1666 1827 1724 uniusdeita·

136 1759 231 1815 Roma
243 1759 387 1828 convenit,
403 1761 558 1817 Turonosm
571 1763 710 1834 Augusto.
968 1736 1046 1812 Btis
1058 1755 1244 1828 inseparabili
1256 1755 1395 1826 trinitate,
1408 1773 1474 1831 quae
1480 1756 1530 1813 tali
1538 1758 1612 1814 facto
1623 1758 1749 1828 laeditur,
1759 1776 1827 1817 cum

173 1852 288 1909 litteris
308 1854 466 1911 clementias
489 1857 591 1910 vestrae
611 1871 682 1929 quas
695 1854 806 1912 dudum
828 1855 864 1912 sd
882 1854 959 1913 beati
1008 1849 1069 1923 ipsa
1082 1848 1169 1905 vestri
1189 1849 1226 1905 sit
1245 1852 1341 1906 emtas
1355 1853 1385 1906 et
1405 1850 1515 1906 auctrix
1536 1850 1661 1924 imperii,
1682 1857 1711 1909 et
1729 1869 1827 1910 coram

135 1947 214 2002 Petri
227 1947 346 2018 apostoli
360 1948 456 2004 sedem
474 1965 528 2021 pro
543 1947 690 2005 catholica
708 1947 775 2005 fidei
789 1965 888 2005 amore
901 1949 956 2005 mi·
1007 1943 1110 2000 sanctis
1123 1942 1234 2016 angelis
1246 1942 1359 2012 Christi,
1373 1946 1405 2000 nt
1418 1943 1515 2000 omnia
1526 1943 1558 2000 in
1571 1961 1606 2000 eo
1618 1947 1693 2001 statu
1707 1962 1827 2004 manere

134 2040 224 2109 usus,
241 2044 349 2097 uncam
361 2041 495 2098 fiduciam
510 2042 683 2115 sumpsimus
693 2042 890 2114 defendenda,
905 2060 958 2116 per
1003 2036 1139 2110 jubeatis,
1158 2036 1189 2092 in
1202 2053 1260 2111 quo
1272 2037 1390 2093 luerunt
1401 2040 1468 2094 ante
1478 2053 1566 2094 omne
1576 2038 1728 2111 iudicium,
1739 2039 1828 2098 donec

134 2150 188 2189 ros
200 2134 326 2192 veritatis
339 2138 368 2192 el
380 2136 469 2209 pacis,
481 2136 555 2193 utin
567 2153 652 2194 cansa
667 2140 727 2194 tam
736 2136 870 2211 simplici,
883 2140 956 2194 tam·
1006 2129 1098 2202 m⁸i⁰f
1110 2147 1145 2185 0¹
1157 2132 1217 2186 i⁰i⁰
1236 2130 1305 2187 ⁰fb0
1319 2130 1502 2188 ⁸⁸⁰⁸fd⁰i¹¹ffl
1517 2147 1655 2190 flumem
1669 2148 1826 2207 0⁰fl8ffl83·

134 2244 195 2301 qne
221 2228 340 2300 minuta,
364 2229 437 2287 nibil
452 2232 620 2303 putaremus
641 2247 724 2304 posse
741 2230 862 2288 existere
881 2231 957 2304 quod
1005 2228 1063 2280 tur·
1079 2224 1136 2282 Nec
1149 2224 1245 2281 alieno
1263 2229 1380 2298 pacato
1393 2224 1545 2298 patiamini
1559 2242 1610 2283 ros
1624 2227 1744 2300 gravari,
1761 2227 1829 2302 quis

132 2325 263 2391 noceret,
286 2323 448 2396 presertim
471 2341 537 2381 cum
564 2325 599 2381 ad
629 2324 787 2398 episcopale
802 2325 956 2383 concilium
1006 2317 1083 2392 quod
1107 2334 1220 2376 11000820
1247 2324 1290 2376 ⁸³1
1312 2335 1365 2375 ¹1⁰³
1392 2319 1497 2389 dicere,
1523 2336 1657 2378 veremur
1681 2337 1719 2378 11⁰
1745 2322 1828 2395 euim

131 2416 216 2490 quod
227 2417 328 2473 haberi
341 2417 418 2489 apud
431 2418 576 2490 Ephesum
587 2418 764 2492 precepistis
776 2423 837 2475 tarn
847 2419 954 2476 instru-
1005 2412 1106 2486 religio
1122 2411 1285 2485 dissipatur,
1295 2412 1456 2486 indignatio
1469 2418 1653 2486 provocetur.
1662 2417 1724 2472 ere
1737 2416 1826 2474 oculis

132 2509 173 2564 cti
188 2509 247 2567 sint
260 2511 350 2581 missi,
373 2515 406 2567 ut
419 2510 442 2566 si
457 2510 561 2584 scripta
583 2529 648 2585 quas
661 2512 705 2568 vel
717 2512 755 2568 ad
769 2517 893 2569 saneim
908 2529 953 2586 sy·
1005 2505 1107 2562 habete
1123 2509 1153 2562 et
1166 2509 1224 2562 uta
1237 2505 1344 2562 meniis
1357 2506 1416 2563 acie
1437 2514 1603 2567 reverenter
1615 2509 1733 2583 accipite
1749 2509 1826 2567 beati

131 2599 246 2656 nodum
269 2601 313 2655 rel
339 2600 374 2656 ad
397 2601 564 2657 Flavianum
593 2600 756 2673 episcopum
778 2602 953 2673 detulerunt,
1005 2600 1078 2656 Petri
1092 2600 1213 2672 gloriam
1226 2605 1255 2658 et
1269 2617 1438 2657 communes
1453 2618 1519 2659 cum
1537 2602 1599 2677 ipso
1614 2602 1743 2660 omnium
1756 2620 1824 2677 apo·

132 2694 335 2766 episcoporum
347 2693 485 2767 publicari
499 2693 616 2750 auribus
624 2694 836 2751 Alexandrinus
848 2696 952 2767 permi·
1004 2693 1143 2750 stolorum
1158 2700 1693 2769 coronas,cunctorumquemartyrum
1704 2698 1823 2770 palmas,

133 2786 219 2842 sisset
237 2786 363 2843 antistes.
387 2789 430 2843 lta
452 2787 682 2844 manifestatione
704 2787 867 2861 purissimae
885 2788 955 2845 fidei
1004 2786 1108 2860 quibus
1128 2787 1184 2844 elia
1203 2805 1262 2844 non
1276 2787 1331 2845 fuit
1345 2805 1428 2844 causa
1448 2788 1587 2862 patiendi,
1609 2789 1665 2846 nisi
1686 2791 1825 2848 confessio

131 2897 221 2953 quam
231 2880 366 2937 divinitus
378 2880 546 2954 inspiratam
559 2885 588 2938 et
597 2882 760 2954 accepimus
770 2885 800 2938 et
811 2886 953 2952 tenemus,
1004 2897 1078 2937 veras
1092 2880 1247 2938 divinitatis
1260 2884 1290 2938 et
1303 2898 1379 2939 rere
1391 2882 1579 2940 humanitatis
1591 2883 1621 2939 in
1637 2883 1760 2942 Christo.
1773 2884 1825 2943 cui

133 2974 266 3030 omnium
279 2976 514 3047 congressionum
531 2976 664 3048 strepitus
677 2976 840 3048 quievisset,
856 2982 887 3033 ut
900 2993 954 3033 nec
1004 2978 1181 3033 sacramento
1196 2975 1265 3049 quia
1276 2975 1364 3047 impie
1373 2976 1585 3050 nuncapaucis
1595 2976 1824 3050 imprudentibus

131 3068 279 3140 imperitia
299 3069 374 3124 ultra
392 3069 546 3143 desiperet,
566 3085 618 3126 nec
632 3069 810 3126 occasionem
831 3069 954 3126 nocendi
963 3111 991 3187 C
1004 3068 1143 3141 obviatur,
1161 3085 1261 3125 omnes
1281 3069 1405 3142 partium
1426 3070 1551 3128 ecclesia
1572 3072 1746 3143 nostrarum,
1760 3090 1821 3130 om·

132 3162 278 3217 emulatio
291 3163 439 3236 reperiret.
453 3162 509 3220 Sed
524 3163 593 3219 dum
607 3163 725 3235 privatae
736 3180 830 3220 cause
843 3164 955 3237 religio
1004 3179 1055 3218 nes
1067 3162 1282 3221 mansuetudini
1294 3167 1394 3219 vestre
1407 3181 1473 3220 cum
1485 3165 1640 3238 gemitibus
1649 3171 1678 3224 et
1690 3167 1824 3240 lacrymis

131 3256 178 3310 nis
194 3258 362 3312 exercentur
385 3257 516 3325 obtentu,
537 3257 723 3313 commissum
742 3260 785 3313 est
806 3257 953 3330 impietate
1003 3256 1162 3329 supplicant
1184 3257 1356 3325 sacerdotes,
1372 3260 1406 3312 ut
1426 3259 1476 3331 qui
1490 3262 1519 3314 ct
1531 3260 1622 3316 nostri
1639 3260 1763 3317 fideliter
1775 3277 1821 3316 re·

129 3365 289 3423 pancorum
313 3350 390 3423 quod
412 3350 574 3406 universam
602 3350 756 3406 Ecclesiam
780 3350 951 3407 vulneraret.
1003 3351 1171 3418 clamarunt,
1185 3353 1214 3406 et
1233 3349 1339 3408 eisdem
1352 3350 1483 3407 libellum
1498 3352 1697 3425 appellationis
1717 3354 1823 3410 Elaris-

128 3442 328 3516 Comperimus
342 3443 419 3499 enim
443 3460 501 3500 uon
517 3443 626 3500 incerto
647 3444 758 3514 nuntio,
782 3445 832 3500 sed
846 3444 951 3501 fidelis·
1001 3460 1055 3500 nus
1077 3443 1226 3516 episcopus
1247 3445 1335 3514 dedit,
1359 3446 1522 3518 generalem
1543 3446 1686 3519 synodum
1696 3445 1824 3518 jubeatis

128 3537 205 3593 simo
215 3553 313 3592 rerum
326 3554 391 3611 quae
413 3541 501 3609 geste
515 3541 591 3606 sunt,
608 3542 756 3594 narratore
769 3538 876 3595 llilario
890 3537 952 3594 dia·
1002 3536 1078 3592 intra
1098 3536 1208 3593 ltaliam
1222 3537 1371 3608 celebrari,
1395 3555 1459 3612 quse
1473 3556 1572 3596 omnes
1592 3538 1764 3597 offensiones
1781 3540 1822 3596 ita

128 3647 204 3687 cono
222 3635 321 3687 nostro
342 3631 392 3704 qui
407 3632 454 3687 rix
466 3648 503 3688 ne
518 3631 694 3688 subscribere
708 3636 869 3704 cogeretur,
880 3631 949 3688 etlu-
1000 3633 1051 3687 aut
1065 3631 1182 3702 repellat
1203 3635 1254 3686 eut
1265 3631 1387 3704 mitiget,
1404 3649 1441 3687 ne
1456 3632 1564 3706 aliquid
1582 3634 1658 3690 ultra
1670 3633 1715 3704 sit,
1732 3634 1777 3691 vel
1791 3634 1822 3690 in

128 3724 184 3798 git,
210 3725 376 3782 convenisse
400 3725 437 3781 ad
464 3726 604 3798 synodum
632 3725 771 3798 plurimos
793 3726 952 3782 sacerdotes
1000 3724 1057 3781 fide
1069 3723 1200 3793 dubiam,
1214 3725 1257 3781 vel
1277 3724 1308 3780 in
1321 3725 1460 3783 charitate
1478 3726 1610 3783 divisum.
1626 3727 1824 3785 convenienti·

127 3820 369 3893 quorumutique
384 3819 545 3892 frequentia
559 3819 702 3876 collationi
721 3819 867 3891 etjndicio
881 3836 950 3892 pro·
1000 3819 1053 3874 bus
1082 3818 1182 3890 utique
1207 3817 1392 3874 orientalium
1425 3819 1637 3892 provinciarum
1670 3821 1821 3894 episcopis,

125 3913 240 3984 fnisset,
255 3913 378 3986 siisqui
393 3913 553 3969 sibilorum
571 3914 763 3987 principalem
778 3912 949 3984 vindicabat,
1000 3928 1125 3985 quorum
1147 3911 1171 3967 si
1189 3911 1239 3986 qui
1252 3911 1377 3985 superati
1389 3913 1474 3969 minis
1486 3916 1573 3987 atque
1586 3913 1729 3987 injuriisa
1745 3914 1819 3972 veri-
1926 3963 1929 3967 .

126 4005 337 4063 sacerdotalem
350 4007 577 4063 moderationem
592 4007 736 4063 custodire
747 4007 892 4076 voluisset,
906 4011 949 4078 ut,
1001 4006 1066 4062 tetis
1088 4005 1202 4063 mamito
1234 4006 1395 4078 deviarunt,
1425 4007 1593 4066 susumus
1627 4008 1759 4065 remediis
1790 4009 1821 4065 in

126 4100 205 4156 sicut
215 4100 304 4156 moris
316 4106 368 4169 est,
382 4102 511 4156 omnium
526 4099 674 4157 sententiis
686 4116 720 4156 ex
734 4101 867 4157 libertate
881 4117 949 4174 pro·
999 4100 1145 4173 integrum
1169 4103 1348 4171 revocentur,
1373 4101 1497 4176 ipsique,
1522 4119 1648 4176 quorum
1672 4108 1716 4160 est
1733 4120 1821 4160 caasa

127 4194 204 4261 tatis,
220 4194 250 4249 id
270 4194 424 4267 tranquillo
445 4200 473 4250 et
486 4211 568 4267 aequo
582 4194 801 4251 constitueretur
818 4194 950 4250 examine
999 4194 1097 4251 (turim
1110 4195 1134 4251 si
1147 4195 1273 4253 consiliis
1289 4196 1456 4253 melioribus
1475 4196 1666 4270 acquiescant,
1679 4197 1714 4253 ab
1729 4198 1820 4255 Eccle-

128 4286 207 4360 quod
220 4291 250 4342 et
262 4288 329 4343 fidei
343 4291 525 4360 congrueret,
548 4291 577 4343 et
591 4287 754 4344 errantibus
776 4287 948 4344 subveniret.
999 4289 1049 4345 siae
1062 4289 1172 4346 unitate
1185 4307 1244 4346 nou
1260 4289 1416 4346 discedant.
1431 4292 1523 4356 Quam
1536 4296 1632 4346 autem
1646 4295 1712 4364 post
1726 4292 1822 4365 appel-

127 4383 160 4438 ln
174 4381 238 4453 ipso
252 4382 468 4454 autemjudicio
490 4398 548 4437 non
570 4380 734 4453 omnesqui
755 4385 950 4438 convenerant
999 4382 1138 4438 lationem
1160 4383 1360 4456 interpositam
1381 4384 1436 4440 hoc
1461 4384 1621 4440 necessarie
1648 4385 1819 4459 postuletur,

130 4475 295 4531 interfuisse
321 4475 517 4549 cognorimus.
544 4477 613 4531 Nam
639 4475 708 4531 alios
733 4474 864 4546 rejectos,
879 4475 988 4556 aliosD
999 4491 1142 4531 canonum
1166 4476 1266 4532 Nicaeoe
1279 4477 1443 4534 habitorum
1459 4478 1573 4534 decreta
1591 4481 1740 4548 testantur,
1755 4494 1820 4550 que

128 4568 282 4625 didicimus
297 4570 486 4641 intromissos,
503 4570 551 4641 qui
564 4585 617 4641 pro
626 4567 781 4641 supradicti
796 4570 951 4626 sacerdotis
998 4585 1015 4623 a
1030 4569 1117 4624 totius
1127 4569 1229 4626 mundi
1245 4573 1313 4637 sunt
1324 4570 1518 4627 sacerdotibus
1527 4571 1688 4638 constituta,
1698 4587 1820 4645 quaeque

127 4663 248 4719 arbitrio
260 4663 356 4736 impiis
375 4663 632 4738 subscriptionibus
646 4662 771 4736 captivas
784 4678 887 4719 manus
900 4663 950 4720 de·
998 4662 1096 4718 subter
1110 4663 1222 4720 adnexa
1240 4669 1316 4719 sunt.
1341 4665 1440 4720 Favete
1462 4663 1610 4719 catholicis
1630 4668 1723 4721 restro
1737 4681 1819 4722 more

128 4757 242 4823 derant,
266 4761 295 4812 et
315 4757 477 4813 nociturum
496 4757 581 4813 statui
601 4756 716 4824 scirent,
740 4755 795 4811 nisi
808 4756 951 4829 imperata
999 4760 1206 4830 parentumque
1233 4762 1406 4828 vestrorum,
1431 4757 1497 4813 date
1534 4757 1721 4814 defendente
1753 4759 1818 4817 fidei

126 4849 270 4906 fecissent.
285 4852 441 4923 Talemque
457 4850 570 4923 abipso
591 4850 734 4923 prolatam
751 4867 813 4906 esse
832 4854 948 4906 senten·
997 4849 1165 4916 libertatem,
1180 4867 1268 4923 quam
1283 4851 1360 4907 salva
1370 4850 1530 4907 clementiae
1538 4856 1637 4907 vestre
1650 4853 1817 4919 reverentia,

126 4943 208 5009 tiam,
224 4947 256 5000 ut
269 4943 340 4999 dum
354 4944 442 5000 homo
458 4960 532 5000 unus
546 4944 703 5016 impetitur,
722 4943 752 4998 in
765 4958 884 4998 omnem
907 4958 949 4999 ec·
996 4944 1075 4999 nulla
1083 4943 1233 5014 vis,nullus
1242 4944 1517 5016 poteritmundanus
1525 4945 1613 5002 timor
1620 4946 1816 5004 auferretium

125 5037 245 5093 alesiam
269 5037 426 5094 saeviretur.
448 5037 530 5102 Quod
544 5037 634 5093 nostri
656 5037 692 5092 ab
704 5035 859 5111 apostolica
879 5037 949 5094 Sede
996 5037 1075 5094 enim
1090 5037 1219 5094 Ecclesia
1235 5055 1319 5094 causa
1332 5041 1440 5094 statum
1457 5039 1540 5113 regni
1559 5040 1644 5096 vestri
1658 5056 1778 5113 agamus
1790 5045 1819 5096 et

127 5131 231 5186 directi
253 5131 324 5187 adeo
338 5131 461 5203 impium
484 5135 513 5187 et
527 5131 673 5188 catholicae
695 5130 763 5186 fidei
776 5130 948 5186 contrarium
996 5130 1138 5199 salutis,ut
1151 5130 1363 5203 provinciarum
1372 5138 1530 5189 vestrarum
1541 5134 1638 5207 quieto
1647 5134 1713 5206 jure
1725 5134 1814 5208 potia-

125 5224 341 5293 emendarunt,
361 5230 392 5281 ut
405 5225 441 5281 ad
456 5224 695 5281 consentiendum
708 5224 790 5280 nulla
804 5224 949 5295 potuerint
995 5224 1079 5296 mini,
1090 5224 1234 5282 defendite
1243 5229 1343 5282 contra
1355 5226 1508 5284 haereticos
1518 5227 1716 5284 inconcussum
1724 5228 1816 5283 Eccle-

124 5318 311 5390 oppressione
333 5319 477 5391 compelli,
492 5322 714 5391 constanterque
735 5317 883 5375 incedam
901 5336 946 5391 sy·
996 5318 1046 5375 siaa
1059 5322 1175 5387 statum,
1187 5322 1218 5375 ut
1230 5325 1260 5377 et
1272 5322 1398 5376 restrum
1408 5320 1509 5377 Christi
1520 5321 1636 5379 dextera
1647 5319 1817 5377 defendatur

124 5412 213 5482 nodo,
235 5417 268 5470 ut
282 5412 387 5483 decuit,
409 5412 527 5468 fuerunt
547 5412 698 5484 protestati
717 5428 902 5486 nequaquam
918 5412 946 5468 id
995 5412 1161 5483 imperium.
1181 5413 1253 5469 Data
1268 5430 1299 5469 ιιι
1310 5413 1374 5469 ldus
1392 5413 1530 5482 Octobris,
1544 5413 1653 5470 Asterie
1676 5416 1705 5469 et
1718 5414 1815 5470 Proto-

88 5490 97 5510 ⁸
120 5506 202 5580 qnod
225 5506 455 5563 constituebatur
478 5506 582 5564 Sedem
606 5506 791 5579 apostolicam
818 5509 947 5578 receptu·
996 5521 1069 5578 gene
1083 5505 1150 5562 viris
1164 5506 1326 5563 clarissimis
1338 5507 1510 5575 consulibus,
1527 5524 1583 5564 aera
1598 5523 1654 5580 qua
1667 5522 1762 5580 supra.

120 5617 203 5671 ram;
226 5600 362 5673 quoniam
378 5617 477 5657 revera
490 5618 576 5658 omne
589 5600 758 5657 Christianae
771 5598 838 5656 fidei
851 5615 946 5656 sacra·
1134 5601 1202 5657 llltl.
1220 5632 1254 5642 -
1268 5602 1314 5660 Ad
1327 5603 1500 5659 Pulchericm
1515 5602 1676 5672 ammam.

121 5698 254 5751 mentum
276 5694 363 5767 (quod
385 5695 469 5768 absit)
492 5693 697 5767 atemporibus
717 5698 817 5750 vestrae
835 5692 948 5765 pietatis
1031 5692 1087 5750 Lao
1110 5694 1260 5768 episcopus
1283 5697 1312 5752 et
1330 5699 1428 5753 sancta
1452 5693 1576 5767 synodus
1599 5710 1664 5767 quea
1690 5694 1721 5750 in
1743 5695 1813 5753 urbe

123 5787 354 5859 excinditur,nisi
366 5789 419 5847 troc
428 5789 660 5849 scelestissimum
673 5788 783 5846 facinus
792 5785 870 5862 quod
880 5803 946 5844 cuu-
995 5786 1086 5845 ltoms
1100 5788 1246 5860 convenit,
1260 5790 1424 5848 Putanxma
1435 5790 1587 5861 linguata.
