3870 6150
76 242 148 298 ioco
695 220 932 296 onenariiiuu
951 241 1144 297 contrario.
1690 247 1756 301 icio

73 351 183 422 potest,
199 348 394 402 conclamatus
407 352 436 402 et
449 346 599 417 improbus
611 347 641 402 in
656 347 831 418 profundum
845 347 893 403 de·
902 359 932 433 Α
942 347 978 402 sit
987 347 1137 403 mihiillud
1146 347 1284 421 suffragio
1295 348 1423 405 divinum
1436 348 1593 406 oraculum.
1605 351 1755 416 Quomodo

73 421 194 476 veniens
205 418 279 474 mira
286 417 445 473 temeritate
452 418 620 473 contemnit.
628 418 682 474 Sed
691 419 777 475 credo
787 419 892 475 vivitin
942 420 966 474 si
984 418 1102 474 cessarit
1118 425 1242 487 exactor,
1257 421 1396 475 tributum
1418 420 1546 491 quiescit,
1561 421 1602 476 ita
1621 424 1758 480 contrivit

72 493 147 559 istis,
155 494 184 547 el
191 491 222 545 in
230 490 313 544 malae
321 489 543 545 conversationis
552 505 611 544 suas
624 493 716 545 morte
727 490 891 559 concilium,
942 491 1081 545 Dominus
1091 491 1224 547 baculum
1237 491 1399 562 impiorum.
1414 492 1527 560 Tribue,
1539 492 1669 562 homme,
1678 495 1757 566 quod

72 568 106 620 et
118 565 215 636 potest
228 566 326 633 optare
340 562 404 633 quis
417 560 508 628 alteri,
519 561 598 633 quod
609 561 670 633 ipse
681 562 745 633 jam
756 561 890 633 perdidit.
942 562 1099 644 praedixisti
1115 563 1144 616 in
1159 562 1251 631 illum,
1267 565 1299 617 ut
1309 563 1380 618 sicut
1391 567 1466 618 errat
1479 563 1573 619 ebrius
1586 570 1616 620 et
1627 580 1755 636 vomens,

72 637 156 691 Nunc
168 631 893 715 recterobiscumprophetadicimuszomniaquoe
942 639 983 687 ila
1003 639 1100 705 pereat
1121 633 1292 701 incredulus,
1308 634 1356 706 qui
1376 634 1531 690 infideliter
1551 635 1621 707 agit.
1636 638 1758 708 Propter

72 706 204 778 loquitur
217 705 340 776 populus
351 703 403 758 iste
414 702 523 784 paratio
532 705 584 770 est,
595 708 624 759 et
637 704 774 760 timorem
785 704 893 786 ejusne
943 704 996 759 hoc
1013 705 1154 776 propheta
1168 705 1248 759 vobis
1269 705 1406 760 insultans
1418 705 1588 763 vociferatur
1603 725 1611 762 ε
1628 725 1642 759 u
1656 708 1756 764 audite

71 777 213 844 timeatis,
229 791 324 857 neque
343 773 512 831 formidetis.
530 774 631 830 Procul
647 775 684 829 sit
702 793 719 829 a
740 775 831 843 nobis,
847 775 892 830 la·
943 775 1060 831 verbum
1086 776 1208 846 bomini,
1231 776 1284 831 riri
1306 777 1436 832 illusores
1458 777 1523 848 (lan.
1546 793 1644 846 xxviir,
1669 781 1721 848 ti),
1740 800 1754 828 ν)

72 852 168 905 cassat
181 865 198 903 a
213 847 295 901 nobis
308 847 357 928 qui
372 846 401 900 in
419 845 500 900 nobis
515 852 558 901 est
570 847 697 917 pruritus
709 845 762 901 iste
780 847 892 918 lingua·
942 847 1094 920 quisquam
1120 863 1157 902 ne
1179 863 1329 903 causarum
1356 865 1389 902 ex
1417 849 1641 920 praecognitione
1665 849 1758 904 sancit

71 936 141 975 rum
155 935 226 992 quos
235 933 301 972 vere
311 917 388 972 idem
403 917 542 988 propheta
554 917 649 988 arguit
662 933 668 971 :
681 917 840 973 scribentes
851 918 893 973 in-
942 921 1086 986 cvcntum,
1100 923 1130 974 et
1141 918 1248 974 rabidis
1260 918 1415 974 terminum
1431 920 1559 989 positura
1577 919 1756 976 conflictibus

69 991 214 1063 justitiam
223 989 410 1071 scripserunt.
423 988 485 1043 Non
497 1004 548 1043 nos
557 989 675 1043 beatum
691 991 806 1044 Petrum
819 989 893 1044 sicut
943 989 982 1044 sic
996 990 1123 1058 metitur,
1138 993 1171 1045 ut
1183 990 1284 1060 pernix
1298 990 1402 1045 decisio
1415 989 1484 1045 dum
1494 990 1681 1063 inquisitione
1694 1007 1756 1047 esse

73 1062 192 1118 dicitisa
205 1062 325 1116 Domino
336 1076 402 1115 cuin
412 1059 486 1115 sedis
495 1059 660 1131 privilegiis,
668 1059 712 1115 vel
720 1076 893 1115 successores
942 1061 1038 1116 senior
1061 1061 1220 1127 innotescit,
1238 1061 1384 1133 anticipet,
1399 1060 1524 1117 savorem
1546 1062 1688 1118 censentis
1708 1078 1754 1118 ac·

73 1131 451 1205 ejuspeccsndijudicamus
460 1130 608 1186 licentiam
616 1130 838 1203 suscepisse,ille
846 1147 893 1203 pe·
942 1135 1032 1187 cusat.
1055 1132 1134 1187 Nunc
1151 1132 1296 1204 paulisper
1316 1149 1365 1187 ore
1387 1132 1494 1187 actibus
1514 1133 1597 1188 annis
1610 1133 1755 1205 indignus,

71 1202 893 1260 rennemmeiitoruindotemcumhaerediateinuocentia
943 1202 1098 1274 pontificali
1113 1220 1180 1260 voce
1192 1219 1242 1258 vos
1253 1220 1386 1275 arguam.
1407 1204 1464 1259 Nos
1477 1203 1527 1275 qui
1541 1207 1647 1259 statuta
1660 1209 1757 1260 nostra

71 1275 154 1332 misit
160 1275 198 1330 ad
205 1280 343 1357 posteros.
355 1273 438 1339 Quod
444 1273 657 1329 illiconcessnm
665 1278 707 1329 est
717 1290 768 1357 pro
778 1279 893 1331 actuum
942 1290 1002 1329 non
1012 1290 1069 1328 una
1079 1276 1155 1345 apud
1164 1291 1212 1330 vos
1221 1274 1353 1329 volumus
1365 1276 1444 1331 lance
1457 1277 1598 1342 constare,
1607 1275 1711 1346 quibus
1720 1276 1756 1331 de

72 1348 148 1415 luce,
157 1346 194 1402 ad
204 1346 268 1401 illos
279 1345 404 1417 pertinet
417 1360 489 1416 quos
502 1361 555 1417 par
569 1345 791 1401 conversationis
801 1345 894 1417 splen·
942 1345 1179 1417 impugnatorum
1202 1346 1338 1417 qualitate
1362 1346 1414 1401 lati
1438 1349 1505 1401 sunt
1527 1361 1658 1414 canones,
1680 1346 1758 1418 apud

72 1416 288 1475 dorilluminat.
298 1415 367 1481 Quis
377 1416 455 1471 euim
467 1420 596 1472 sanctum
607 1432 668 1472 esse
678 1416 798 1483 dubitet,
846 1432 893 1472 em
943 1417 1108 1489 quosnelas
1123 1421 1166 1472 est
1185 1433 1254 1472 cana
1276 1419 1391 1473 Petrum
1406 1417 1525 1472 delinita
1544 1417 1756 1485 transcendere,

72 1505 148 1561 apex
158 1493 245 1544 tautae
260 1487 408 1559 dignitatis
422 1487 547 1543 attollit?
558 1489 589 1542 ln
600 1504 658 1559 quo
671 1488 694 1541 si
705 1488 810 1543 desunt
837 1503 893 1543 oua
942 1488 1045 1560 quihus
1058 1488 1250 1560 scriptumest
1261 1488 1291 1542 in
1305 1488 1522 1560 Carthaginensi
1535 1488 1663 1544 concilio.
1675 1487 1758 1554 Quod

71 1560 212 1632 acquisita
220 1559 415 1631 permeritum
425 1558 571 1614 sufiiciunt
599 1558 892 1615 uaealocidecessors
942 1559 1103 1686 :postolicae
1117 1559 1191 1614 sedis
1211 1575 1264 1630 per
1276 1559 1410 1614 Faustum
1433 1560 1600 1632 episcopum
1619 1560 1669 1631 qui
1688 1565 1759 1616 tuuc

72 1635 258 1703 praestantur.
274 1632 331 1685 Aut
342 1630 420 1685 enim
434 1631 525 1685 claros
540 1629 576 1684 ad
613 1646 654 1685 aec
670 1630 783 1701 fastigia
795 1629 891 1702 erigit,
989 1646 1022 1684 ea
1037 1630 1139 1685 missus
1154 1630 1293 1698 interfuit,
1307 1630 1438 1701 probavit
1456 1631 1626 1698 auctoritas;
1640 1647 1757 1687 accusa·

72 1703 185 1774 autqui
199 1702 360 1772 eriguntur,
368 1701 498 1756 illustrat.
514 1700 670 1757 Praenoscit
682 1702 759 1756 enim
772 1701 840 1772 quid
849 1718 930 1805 isc-B
942 1701 1053 1756 toribus
1066 1701 1101 1756 de
1114 1701 1223 1757 inimici
1240 1702 1324 1756 domo
1337 1701 1544 1773 prodeuntibus
1563 1719 1620 1758 non
1636 1702 1757 1758 creden·

72 1773 227 1828 elesiarum
248 1772 437 1827 fundamento
456 1773 494 1827 sit
506 1772 608 1839 habile,
623 1788 708 1844 super
731 1773 809 1845 quod
829 1773 892 1844 ipsa
942 1773 1022 1839 dum,
1036 1773 1066 1827 in
1081 1772 1184 1843 quibus
1204 1772 1269 1827 odio
1290 1788 1423 1827 succensa
1442 1772 1582 1840 vicinitas,
1597 1789 1650 1846 per
1664 1774 1758 1829 nutri·

72 1846 169 1900 moles
189 1844 331 1899 innititur.
348 1844 403 1899 Sed
417 1844 485 1898 hinc
507 1842 616 1897 actibus
634 1843 736 1898 nostris
751 1843 892 1899 coelestem
941 1847 1038 1899 menta
1050 1844 1130 1898 arida
1143 1844 1292 1899 flammam
1306 1844 1538 1915 persecutionum
1553 1844 1713 1910 exsuscitat,
1729 1848 1760 1900 at

114 1915 234 1972 tentiam
248 1914 354 1987 putatis
367 1931 429 1969 esse
441 1914 585 1986 suffragio,
595 1913 672 1985 quod
682 1914 893 1986 adpraesidium
942 1916 1103 1971 universam
1115 1914 1173 1970 doli
1187 1915 1324 1971 fabricam
1339 1919 1468 1987 tumptu,
1479 1920 1507 1970 et
1518 1915 1661 1970 machinis
1669 1915 1759 1970 cohoe·

72 1933 153 2042 ssgafi
167 1986 242 2042 Petri
257 1986 378 2059 apostoli
392 1984 572 2056 adjutricem,
584 1991 618 2040 ut
629 1985 732 2054 dicitis,
745 1986 892 2041 dexteram
942 1986 1070 2043 rentibus
1090 1989 1196 2042 secreta
1216 1985 1402 2058 dispositione
1424 1986 1579 2057 componit.
1603 1987 1672 2042 lstos
1733 2002 1758 2042 as

73 2057 276 2114 commodatis.
297 2056 416 2112 Nescitis
431 2057 521 2111 solem
543 2056 653 2111 lacibus
671 2073 730 2112 non
754 2057 891 2127 adjuvari,
943 2059 1045 2113 domus
1066 2061 1220 2126 evomeret,
1235 2058 1285 2128 qui
1304 2057 1374 2112 scire
1398 2057 1534 2129 potuisset
1555 2061 1653 2113 nostra
1670 2074 1702 2113 co
1714 2058 1755 2112 le·

72 2127 346 2201 necadpraesidium
361 2128 471 2183 diurnae
481 2127 551 2182 lucis
561 2127 679 2199 lychnos
688 2128 813 2183 accendi.
821 2128 891 2183 Scri·
943 2129 1009 2197 ctio,
1024 2128 1079 2183 nisi
1101 2129 1277 2200 presentes?
1290 2132 1318 2184 et
1331 2128 1559 2210 impugnationis
1578 2129 1756 2200 qualitatem,

72 2206 160 2272 ptum
179 2205 222 2255 est
242 2200 320 2255 enim
335 2216 342 2253 ε
358 2199 536 2254 «Scrutatur
555 2214 638 2254 rencs
660 2205 689 2254 et
712 2199 798 2254 corda
818 2199 893 2254 Deus
943 2199 1019 2255 unde
1033 2199 1088 2254 nisi
1100 2216 1133 2254 ex
1146 2200 1252 2272 scripta
1263 2201 1460 2271 propositione
1474 2198 1637 2255 didicisset?
1651 2201 1681 2254 in
1697 2199 1759 2272 qui·

72 2273 162 2340 (Psoi.
172 2288 220 2340 vii,
231 2271 307 2342 ¹⁰)·>’
318 2270 373 2326 Sed
387 2270 417 2325 in
429 2271 479 2326 illa
491 2273 629 2342 potestate
640 2271 704 2352 quis
714 2271 893 2341 argumentis
941 2271 995 2326 bus
1007 2271 1149 2326 sentinam
1162 2271 1327 2339 criminum,
1339 2271 1408 2326 dum
1424 2271 1556 2327 simulato
1568 2272 1685 2327 luerunt
1694 2286 1758 2342 per-

73 2344 182 2399 audeat
188 2344 290 2398 vestris
302 2342 547 2414 respondere,nisi
559 2342 626 2413 quia
641 2358 701 2396 sine
714 2347 775 2396 arte
789 2340 894 2397 dicitur
942 2342 1119 2398 secutionem
1133 2359 1163 2398 se
1179 2342 1283 2398 debere
1299 2341 1467 2397 criminibus
1479 2342 1649 2413 agnovisset.

72 2413 444 2470 verumettidesmendacio
453 2429 620 2468 sermonum
631 2413 742 2468 technis
752 2412 893 2469 assuiturt
978 2414 1103 2468 Postilla
1116 2430 1180 2485 quae
1194 2415 1229 2469 de
1241 2414 1449 2469 accusatoribus
1461 2414 1573 2486 prolata
1586 2417 1662 2481 sunt,
1676 2411 1758 2468 addi·

73 2487 136 2542 Cnr
152 2485 190 2544 liii
232 2483 353 2558 iunt)sd
373 2484 465 2556 princi
487 2500 533 2539 em
553 2484 733 2551 convenistis,
754 2483 777 2539 si
799 2482 892 2540 audiri
943 2485 1105 2539 distiszssur
1134 2501 1242 2539 ersonae
1249 2485 1336 2556 jussa
1347 2489 1414 2540 sunt
1426 2485 1593 2556 praesentari
1602 2501 1673 2556 quas
1683 2498 1759 2557 soepe

72 2572 137 2612 non
148 2556 202 2612 lice
238 2557 308 2611 tim
330 2555 452 2610 etituml
466 2501 571 2637 glovus
584 2556 614 2610 in
630 2560 774 2636 stuporem
790 2571 892 2626 pecua·
941 2556 1099 2637 imperialis
1111 2501 1442 2627 flagitassetauctoritas.
1457 2556 1498 2611 nd
1511 2554 1758 2612 defraudationem

73 2629 135 2684 lem
154 2627 261 2699 peccati
275 2572 390 2694 nebula,
403 2631 453 2681 aut
467 2626 578 2682 divinus
598 2626 699 2681 horror
716 2625 845 2692 oblimat,
861 2631 894 2681 ut
942 2627 1052 2698 ingenii
1072 2627 1218 2697 pertinere
1235 2628 1358 2699 ejusqui
1372 2643 1450 2682 nunc
1471 2627 1500 2681 in
1520 2626 1587 2682 sede
1603 2627 1759 2700 apostolica

73 2699 267 2754 verecundam
286 2697 506 2764 excusationem,
522 2704 571 2752 aut
589 2698 689 2753 lraude
707 2713 788 2752 mens
802 2701 893 2752 vestra
942 2699 1022 2769 quasi
1035 2698 1064 2752 iu
1078 2698 1204 2770 quadarn
1220 2714 1284 2753 arce
1298 2698 1436 2754 consistit.
1448 2700 1520 2753 Vere
1532 2697 1613 2753 vobis
1628 2697 1696 2754 dicit
1708 2698 1758 2753 Sa·

74 2774 213 2838 transeat,
222 2776 272 2825 aut
281 2768 442 2824 belluarum
450 2785 547 2840 pressa
557 2768 729 2824 hebetudine
739 2785 798 2823 non
806 2784 894 2839 agno-
942 2769 1053 2842 pientia
1069 2786 1075 2823 :
1090 2790 1104 2818 u
1118 2770 1207 2824 liomo
1219 2768 1351 2825 infirmus
1363 2773 1392 2824 et
1407 2770 1504 2840 exigui
1517 2768 1656 2840 temporis
1669 2769 1706 2825 ad
1716 2769 1760 2825 in·

75 2847 146 2924 snat.
163 2847 205 2896 an
220 2841 293 2922 sorte
314 2840 390 2895 aliud
399 2840 509 2966 putatis
529 2840 615 2894 fuisso
633 2841 711 2922 quod
728 2839 894 2895 dictumest
942 2842 1088 2896 tellectum
1107 2857 1166 2922 uon
1187 2841 1343 2924 perveniet,
1359 2841 1408 2896 sed
1426 2841 1533 2895 laboret
1551 2844 1583 2894 ut
1594 2840 1664 2895 scial
1682 2838 1760 2922 quod

75 2911 894 3064 ttttltttttttttiltaatillttit{liuthari
943 2912 1503 3065 trutinatauallauit
1516 2912 1640 3064 talla
1655 2912 1758 3038 titt:

75 3055 218 3110 sententia
232 3054 416 3126 precelleret,
428 3059 456 3108 et
470 3070 542 3124 quos
557 3057 687 3126 acapitis
700 3054 743 3108 sui
755 3069 894 3125 compage
944 3054 1085 3126 imperitis
1099 3054 1178 3108 enim
1201 3054 1297 3110 obviat
1312 3071 1398 3109 mors.
1422 3054 1494 3118 Quid
1510 3054 1588 3110 enim
1603 3054 1679 3108 illam
1694 3068 1759 3124 quae

75 3127 108 3181 in
123 3125 222 3180 salutis
236 3126 409 3181 detrimento
425 3125 542 3179 insanus
558 3126 640 3181 furor
651 3124 819 3180 absciderat.
831 3101 932 3181 PostC
944 3126 973 3180 in
990 3125 1087 3206 pervia
1106 3126 1223 3179 scientia
1245 3125 1401 3193 descendit,
1418 3125 1611 3250 ignorantiam
1631 3122 1760 3196 lingitis?

76 3199 154 3252 Esau
188 3197 364 3252 mentionem
390 3197 469 3268 operi
497 3202 590 3251 vestro
615 3197 711 3251 nescio
737 3195 831 3251 verbis
857 3213 894 3251 an
943 3197 1015 3260 Ouid
1030 3195 1170 3251 adhibetis
1183 3197 1258 3251 mira
1268 3196 1424 3251 latrocinari
1446 3197 1528 3251 iarte
1540 3195 1705 3262 falsitatem,
1715 3193 1760 3249 vel

75 3267 227 3323 latratibus
246 3267 396 3330 indidistis,
412 3272 611 3337 compamntes
624 3267 650 3322 ei
671 3268 828 3322 antistitem
846 3285 894 3322 ve·
945 3267 1125 3321 dolositatum
1150 3267 1305 3339 praestigia,
1327 3266 1540 3338 simplicitatem
1560 3267 1654 3321 fronte
1676 3281 1759 3320 mon·

76 3345 170 3394 strum
187 3339 236 3410 qui
257 3338 377 3393 senioris
401 3343 510 3393 naturae
533 3338 703 3394 beneficium
731 3339 816 3393 unius
840 3339 895 3393 cibi
944 3337 1081 3393 strando?
1103 3339 1142 3393 De
1160 3338 1240 3393 vobis
1259 3355 1336 3393 nunc
1356 3339 1463 3394 dictum
1478 3342 1541 3392 est:
1558 3338 1611 3401 Qui
1633 3336 1760 3418 loquitur

74 3410 303 3467 commutatione
317 3409 482 3481 perdiderit,
499 3413 528 3465 ct
539 3410 724 3481 primogeniti
737 3426 836 3464 canam
852 3409 894 3464 di·
945 3409 1137 3474 mendacium,
1152 3425 1187 3463 ex
1207 3410 1329 3481 propriis
1343 3409 1479 3480 loquitur.
1498 3409 1581 3462 istam
1597 3407 1703 3461 loetitiae
1716 3407 1759 3462 fa·

76 3482 219 3554 guttatam
231 3481 358 3536 amiserit
368 3481 498 3535 lancibus
508 3482 701 3553 obsequendo.
713 3481 754 3536 nd
764 3481 816 3535 ista
826 3481 896 3551 quid
944 3480 1028 3547 ciem,
1040 3496 1071 3534 ex
1083 3480 1257 3550 judiciorum
1273 3497 1393 3536 censura
1406 3480 1567 3534 venientem
1581 3477 1680 3533 callida
1692 3493 1759 3549 pro-

76 3554 212 3619 referam,
226 3553 320 3624 quiex
337 3551 415 3606 omni
431 3551 608 3622 objectorum
622 3556 703 3624 parte
719 3552 895 3607 concludor?
944 3551 1053 3606 visione
1074 3551 1226 3607 sacerdotis
1242 3552 1327 3607 vestri
1349 3551 1438 3606 oculis
1458 3549 1623 3617 abstulistis,
1640 3554 1672 3603 ut
1693 3564 1759 3604 eum

76 3624 158 3690 Quis,
166 3627 380 3695 rogo,vestruin
391 3624 813 3692 Symmachobenedictionem,
824 3623 894 3678 dum
944 3622 1048 3678 talibus
1060 3622 1195 3677 adversus
1207 3622 1281 3677 acics
1290 3623 1579 3677 vestrasinstructum
1592 3620 1761 3676 munitioni-

75 3696 155 3768 patri
166 3695 229 3766 plus
239 3695 372 3762 deservit,
382 3695 508 3766 eripuit?
522 3696 573 3751 Cui
585 3699 730 3750 tantorum
741 3711 895 3749 munerum
944 3694 997 3748 hus
1011 3698 1039 3748 et
1056 3693 1225 3749 innocentia
1239 3694 1269 3748 iii
1282 3694 1446 3749 testimonio
1462 3692 1538 3748 orbis
1557 3691 1616 3747 tela
1628 3692 1759 3748 deleren-

76 3765 162 3822 tacob
175 3767 235 3821 ricc
250 3769 293 3820 est
312 3766 413 3820 collata
427 3765 582 3821 nobilitas?
594 3766 663 3830 Quis
680 3783 715 3821 cx
731 3767 809 3821 vobis
828 3765 896 3820 caeci
946 3769 1003 3820 tem
1010 3764 1045 3818 ab
1054 3764 1121 3845 ipsis
1126 3765 1301 3836 judiciorum
1313 3765 1407 3836 adytis
1417 3764 1570 3836 pelleretis,
1580 3763 1762 3834 providentes

76 3838 207 3910 parentis
216 3837 363 3892 desideriis
375 3837 520 3907 pariturus
533 3837 674 3892 occurrit?
687 3837 755 3902 Quis
770 3839 896 3891 vestrum
944 3840 977 3891 ut
989 3852 1041 3891 nec
1055 3851 1116 3889 sine
1134 3836 1351 3908 impugnatione
1366 3837 1463 3891 insons
1475 3835 1590 3901 viveret,
1605 3850 1657 3889 nec
1671 3833 1760 3888 haba-

77 3909 233 3964 devotione
244 3925 295 3962 sua
308 3909 468 3980 genitorem
476 3908 670 3963 venerabilem
681 3912 794 3979 captum
807 3908 896 3962 oculis
945 3907 1125 3963 retsolatium
1136 3907 1171 3961 de
1184 3908 1351 3979 incorrupta
1363 3908 1493 3978 judicum
1507 3905 1690 3978 inquisitione
1700 3905 1762 3977 pul-

78 3981 160 4035 nulla
173 3979 238 4034 lecit
252 3980 321 4034 lucis
334 3981 439 4035 damna
452 3980 578 4034 sentiret
589 3981 687 4034 Nonne
699 3980 847 4034 collatione
857 3986 896 4035 te·
945 3979 1217 4049 satus.Vospraelato
1226 3978 1762 4041 etdedistisetinvidistisexamen,cum

78 4051 235 4106 nehraium
243 4053 401 4105 vestrarum
412 4067 469 4106 nox
479 4053 657 4122 putaturper
665 4052 768 4106 sudum
779 4051 897 4106 rutilans
946 4067 1004 4105 uno
1018 4050 1177 4120 eodemque
1190 4050 1292 4105 itinere
1308 4049 1412 4105 avobis
1427 4048 1665 4121 disceptationum
1676 4047 1763 4102 dubia

72 4123 164 4196 jubar
173 4123 342 4177 ostenderet
352 4125 385 4178 Et
399 4123 492 4177 omnis
507 4122 664 4177 obscuritas
678 4122 786 4177 actibus
798 4122 897 4176 vestris
946 4120 1050 4188 subire,
1062 4126 1090 4176 et
1104 4121 1279 4191 prohibetur,
1295 4126 1323 4176 et
1338 4121 1459 4193 cogitur,
1474 4124 1502 4176 et
1521 4135 1571 4190 per
1584 4119 1760 4191 singularem

76 4194 180 4249 collata
194 4193 326 4249 decorem
342 4193 409 4248 solis
424 4193 552 4248 assumit.
572 4195 714 4248 Praeterea
732 4200 798 4248 tunc
812 4192 897 4249 Jacob
947 4190 1762 4259 caiiem‚adcausamarcendusevocatur‚n0nmanitesnm

76 4264 210 4336 quamvis
230 4268 438 4336 congruentem
455 4265 586 4319 moribus
599 4264 649 4318 lilii
664 4264 897 4320 benedictionem
946 4264 1077 4331 salutem,
1089 4266 1204 4319 autnon
1218 4264 1363 4319 lacessitus
1374 4263 1526 4328 obtineret,
1540 4268 1590 4318 aut
1599 4263 1764 4332 subriperet

77 4335 367 4405 tamencoutulitjam
397 4336 897 4406 remissamNuncquidhislongius
947 4335 1763 4405 absolutus.Adolescentiaemeaememinimelegissetcm-

75 4408 354 4473 immoramur,cum
385 4407 485 4462 ocendi
495 4407 627 4472 nursini,
636 4407 684 4478 qui
699 4407 788 4461 calces
799 4407 897 4461 stimu-
947 4406 1062 4477 poribus
1069 4406 1104 4460 de
1112 4406 1355 4476 quodamdictum
1365 4426 1371 4461 ε
1382 4407 1476 4462 Exsuli
1485 4406 1616 4460 exsilium
1625 4406 1761 4475 imperas,

76 4480 112 4534 lis
136 4478 315 4532 intulerunt?
334 4478 448 4532 Credite
477 4478 558 4545 mihi,
581 4478 659 4548 pacis
685 4478 800 4532 inimica
819 4482 894 4543 sunt,
905 4475 936 4548 D
948 4493 999 4532 nec
1012 4476 1073 4531 das.
1086 4477 1141 4531 Vos
1153 4478 1304 4548 prophetas¹
1319 4478 1432 4548 impetit
1443 4476 1598 4532 sententia:
1612 4494 1626 4527 u
1642 4475 1686 4529 isti
1698 4478 1765 4528 sunt

77 4548 291 4621 impugnationi
306 4565 364 4603 non
385 4554 451 4603 sunt
470 4549 572 4604 idonea
589 4564 655 4620 qua,
677 4548 823 4619 profertis.
839 4549 895 4605 Sed
947 4547 998 4602 vin'
1007 4547 1057 4618 qui
1067 4548 1309 4603 conturbaverunt
1323 4553 1441 4617 terram,
1453 4551 1483 4602 et
1494 4547 1544 4618 qui
1558 4547 1764 4601 concusserunt

76 4621 210 4693 sequitur
223 4620 367 4675 vinculum
384 4637 448 4674 cum
462 4621 615 4685 aenigmate
628 4621 704 4691 quod
719 4620 824 4687 nescio,
840 4637 897 4692 qua
948 4635 1037 4689 regna
1051 4618 1113 4683 (lau.
1130 4635 1188 4688 xiv,
1207 4621 1260 4688 16),
1275 4640 1289 4668 v
1304 4620 1338 4673 Et
1356 4619 1460 4673 iterum
1475 4635 1482 4673 :
1499 4639 1513 4667 u
1531 4618 1702 4673 Exciduntur
1715 4632 1761 4671 ra-

78 4691 272 4762 replicationis
285 4697 346 4746 arte
356 4691 507 4746 solvamus.
517 4691 651 4746 Tullianae
662 4692 737 4746 enim
751 4692 897 4762 profundi·
947 4689 1069 4745 musculi
1087 4706 1187 4745 eorum
1208 4689 1336 4758 falcibus,
1353 4693 1381 4744 et
1402 4706 1466 4760 quac
1487 4689 1624 4744 derelicta
1643 4688 1762 4755 luerint,

77 4764 146 4819 tatis
162 4763 281 4834 pelagus
303 4762 422 4832 ingrcssi
443 4763 605 4833 cymbulam
620 4765 727 4817 nostrae
741 4764 898 4820 sterilitatis
948 4761 1150 4817 abscindentur
1171 4764 1233 4829 lise.
1260 4777 1337 4827 xviii,
1361 4762 1396 4831 5).
1414 4781 1428 4811 a
1452 4762 1485 4814 El
1508 4776 1629 4814 rursus:
1652 4781 1666 4808 «
1691 4760 1763 4813 llum

77 4835 269 4907 questionem
282 4834 398 4889 llatibus
418 4850 470 4904 per
485 4834 612 4888 littorum
631 4834 739 4888 incerta
751 4835 897 4890 transmit·
947 4849 1005 4888 uon
1018 4832 1137 4903 speratis
1147 4832 1243 4888 veniet
1252 4831 1386 4887 contritio
1396 4836 1497 4896 vestra,
1509 4834 1538 4885 et
1550 4830 1765 4887 comminuetur

79 4905 896 4976 tunt.lnquatumchhristoclavumteueuteportumin·
948 4904 1020 4959 sicut
1041 4902 1143 4973 lagena
1163 4903 1246 4975 siguli
1267 4902 1422 4957 multitudo
1442 4903 1613 4972 vestrallso.
1635 4919 1698 4970 xxx,
1719 4904 1762 4967 13,

77 4977 205 5045 gradiar,
220 4981 249 5030 et
263 4976 409 5047 sigillatim
431 4977 465 5031 de
479 4976 640 5030 turbinibus
652 4976 752 5029 vestris
766 4976 897 5030 universa
949 4976 1002 5044 lt).
1018 4994 1031 5023 u
1048 4975 1174 5029 Necnon
1190 4975 1329 5047 propheta
1342 4974 1378 5028 ad
1388 4974 1460 5028 hana
1475 4991 1588 5029 musam
1603 4974 1764 5046 specialiter

76 5047 896 5113 discutiam,habiturusinductuillorumlacultatem,non
948 5046 1057 5100 locutus
1081 5045 1208 5100 intonuit
1231 5063 1237 5100 :
1266 5068 1280 5096 «ι
1306 5045 1444 5100 Dominus
1468 5046 1616 5101 inclinavit
1644 5058 1763 5100 manum

77 5136 186 5175 meam.
202 5119 289 5173 Aiunt
313 5120 390 5173 enim
406 5138 412 5174 :
428 5118 457 5173 Si
478 5135 544 5173 vera
561 5119 760 5189 episcoporum
779 5118 897 5173 assertio
948 5132 1040 5184 suam,
1058 5118 1086 5170 et
1097 5122 1212 5172 corruet
1226 5117 1275 5189 qui
1289 5117 1345 5172 fert
1362 5117 1446 5171 malis
1465 5118 1612 5187 auxilium,
1627 5120 1656 5171 ct
1670 5114 1762 5181 cadet,

78 5197 133 5256 est,
149 5190 397 5262 sedisapostolicae
416 5190 568 5261 praesulem
584 5190 729 5245 minorum
749 5205 897 5260 nunquam
948 5188 992 5243 cui
1002 5190 1117 5259 praestat
1128 5188 1431 5261 auxilium,simulque
1444 5205 1543 5245 omnes
1557 5189 1764 5244 consumentur

77 5262 253 5333 subjacuisse
280 5261 439 5328 sententia,
469 5278 520 5315 cur
544 5261 580 5315 ad
603 5261 746 5331 judicium
772 5260 898 5315 districta
948 5260 1012 5329 (isa.
1028 5276 1105 5327 xxxi,
1117 5261 1153 5329 3).
1170 5280 1184 5310 ο
1202 5260 1298 5315 Redeo
1317 5264 1415 5315 tamam
1430 5265 1492 5332 post
1512 5260 1604 5314 multa
1616 5255 1762 5326 exemplo·

76 5334 270 5390 conventione
282 5333 437 5405 perductus
456 5337 508 5387 est.
522 5332 641 5386 Multum
659 5331 776 5402 quidem
789 5348 898 5387 annosa
948 5347 1013 5386 rum
1035 5330 1169 5401 sullragia
1194 5330 1229 5386 ad
1254 5332 1377 5387 novellas
1403 5347 1547 5388 canonum
1571 5326 1762 5384 definitiones.

77 5406 126 5461 hic
143 5405 172 5459 in
191 5405 269 5458 vobis
289 5405 402 5459 laborat
428 5403 560 5458 infantia.
581 5404 632 5457 Cui
653 5404 699 5458 ille
719 5403 899 5459 advocandus
948 5403 1057 5459 Clamat
1068 5404 1098 5458 in
1114 5403 1170 5458 alio
1186 5404 1248 5458 loco
1265 5403 1488 5475 Carthaginense
1502 5400 1663 5465 concilium,
1676 5413 1763 5470 quas·

78 5481 134 5544 est,
149 5475 198 5546 qui
210 5475 372 5530 ineluctatae
384 5476 531 5531 nobiscum
542 5490 657 5545 semper
670 5475 782 5546 pondus
786 5491 847 5601 pro
870 5491 899 5530 o·
948 5491 1061 5556 cunque
1071 5475 1324 5530 adaccusationem
1357 5489 1472 5530 ersonas
1485 5473 1563 5542 leges
1573 5469 1694 5550 publica
1703 5484 1763 5551 non

78 5547 191 5603 sitionis
206 5550 367 5618 exsuperat,
382 5563 447 5601 cuin
467 5547 616 5600 manifeste
638 5562 689 5616 pro
704 5562 785 5601 sacer
806 5563 822 5600 o
837 5547 842 5557 '
866 5562 899 5600 us
948 5545 1106 5601 admittunt
1116 5546 1160 5601 his
1172 5493 1361 5618 impugnandi
1375 5545 1607 5609 alterum,etnos
1618 5540 1764 5596 licentram

78 5635 148 5673 cum
164 5619 304 5688 propheta
316 5618 461 5673 clamitem
473 5634 480 5672 :
493 5639 508 5668 ο
524 5616 658 5688 Nunquid
672 5616 845 5688 gladiabitur
857 5634 900 5672 se·
949 5617 1162 5685 submovemus,
1176 5621 1205 5674 ct
1218 5618 1304 5672 nullae
1326 5613 1518 5671 accusationes
1527 5628 1544 5666 a
1553 5611 1698 5684 judicibus
1711 5627 1762 5666 au·

78 5690 157 5744 curis
172 5693 268 5744 contra
289 5706 354 5745 eum
379 5690 426 5760 qui
450 5693 527 5743 secat
549 5688 578 5742 in
597 5704 642 5758 ca,
659 5693 709 5743 aut
727 5689 900 5744 exaltabitur
950 5687 1067 5743 dianlur
1080 5689 1272 5744 ecclesiasticis
1290 5703 1353 5758 quae
1374 5684 1485 5756 legibus
1500 5683 1592 5740 saeculi
1608 5682 1762 5755 prohiben-

79 5777 160 5816 serra
180 5766 278 5818 contra
300 5777 366 5818 eum
385 5761 435 5833 qui
453 5760 541 5817 trahit
566 5776 630 5816 eam
647 5761 710 5828 (ise.
726 5776 752 5829 x,
770 5761 821 5832 lt),
839 5783 851 5811 a
868 5765 899 5816 ut
949 5764 1004 5814 tur.
1017 5762 1117 5825 Quaero
1131 5760 1237 5816 avobis
1248 5758 1299 5815 viri
1312 5757 1415 5830 quibus
1428 5755 1522 5814 indita
1535 5755 1776 5823 existumem
