3870 6150
126 160 174 215 811

578 155 719 211 arranh.
736 155 882 210 118110.
901 154 944 209 lli.
960 182 994 193 —·
1013 154 1133 229 tsluotu
1149 153 1360 210 haemonis

1753 160 1808 217 dit

126 265 310 322 elementiam
324 269 458 331 vestram,
473 267 503 319 ut
521 262 655 317 eamdem
670 262 817 335 epistolam
830 279 880 334 per
889 261 1046 348 fra-Abus
1069 262 1267 317 alexandrium
1287 262 1432 319 mitteritis
1452 264 1488 320 ds
1509 280 1607 320 errore
1626 267 1807 333 removendo,

127 366 200 416 trem
213 377 309 414 meum
322 359 466 413 lulianum
482 357 656 429 episcopum,
672 357 716 411 vel
733 374 782 412 eos
795 373 865 429 quos
877 356 940 410 ido·

127 472 195 510 neos
207 454 243 508 ad
252 470 323 526 opns
336 453 427 524 pietas
439 456 534 506 vestra
545 451 693 522 delegerit,
706 453 735 504 in
747 453 877 505 Groecum
888 466 943 505 ser·

129 565 243 603 uronem
260 546 385 618 jubeatis
412 546 523 616 integre
543 545 753 616 diligenterque
776 545 941 600 translatam

128 660 177 714 pcr
192 641 327 696 idoneum
341 642 460 695 latorem
476 640 527 694 suh
538 640 623 694 vestri
635 639 771 710 signaculi
783 639 943 711 impressio·

128 755 163 792 ue
183 735 296 801 deferri,
321 733 491 789 tradendam
511 733 656 804 judicibus
677 734 879 788 Alexandrinis
894 733 941 804 qui

126 847 190 886 eam
204 830 287 895 clero,
302 833 330 882 et
340 828 414 899 plebi
424 827 515 899 ipsius
526 827 654 895 civitatis,
666 844 731 881 eum
741 827 942 898 praedictorum

126 924 324 996 episcoporum
346 921 608 992 praedicationibus,
629 921 678 992 qui
700 927 727 976 et
752 938 818 976 meo
839 921 942 993 scripto

127 1018 308 1073 consentiunt
335 1017 421 1070 faciat
446 1015 567 1083 recitari,
595 1020 627 1069 ut
649 1021 805 1086 agnoscant
820 1033 849 1069 se
865 1015 943 1070 falla·

127 1114 202 1167 cium
223 1111 374 1167 hominum
387 1110 486 1165 fraude
501 1109 619 1163 ulterius
633 1126 691 1164 non
711 1109 819 1177 deberi,
834 1114 862 1164 et
875 1125 940 1180 pro·

127 1208 231 1260 bantur
246 1204 406 1276 apostolicae
420 1203 497 1259 Sedis
511 1203 613 1257 sinceri
634 1219 695 1257 esse
708 1203 847 1274 discipuli,
867 1203 943 1274 apud

127 1316 214 1371 quam
242 1315 293 1354 nec
321 1297 462 1365 Eutiches,
488 1314 540 1352 nec
565 1297 710 1351 Nestorius
737 1297 785 1351 ulli
813 1297 943 1351 obtinent

127 1396 231 1462 locum,
245 1393 312 1464 quia
326 1391 396 1446 sicut
410 1391 477 1445 alios
489 1390 635 1446 haereticos
649 1391 730 1445 itaet
744 1391 811 1445 istos
822 1391 943 1447 Ecclesia

127 1487 294 1542 rmiversalis
316 1486 470 1541 damnavit.
490 1487 559 1539 Data
583 1501 608 1539 vr
634 1485 699 1541 fdus
720 1485 819 1550 llartii,
840 1486 901 1540 Elio
915 1491 943 1539 et

126 1581 224 1635 Studio
242 1580 308 1634 viris
328 1579 491 1634 clarissimis
512 1595 588 1634 cons.
605 1595 661 1633 ara
682 1595 743 1633 cccc
756 1579 943 1650 nonagesima

127 1674 260 1730 secunda.

302 1756 397 1831 200
414 1757 520 1810 XXXlll.
533 1788 566 1796 -
582 1757 629 1811 Ad
638 1757 767 1811 eumdem.

164 1864 217 1916 buo
229 1861 376 1932 episcopus
387 1860 528 1914 blanrravo
540 1862 678 1931 Augusto.

164 1955 245 2020 Quod
259 1955 412 2026 saepissime
428 1970 480 2026 per
492 1955 582 2008 multa
591 1954 651 2025 jain
666 1953 862 2024 experimenta
881 1970 943 2007 san·

126 2055 203 2104 ctum
218 2049 330 2121 pietatis
346 2052 447 2102 vestrae
457 2048 584 2103 studium
598 2048 670 2102 circa
686 2048 856 2119 religionem
866 2047 943 2102 Chri·

126 2144 248 2197 stianam
262 2142 391 2213 gloriosis
405 2145 568 2212 perseverat
578 2145 606 2195 et
621 2141 721 2195 crescit
734 2140 904 2212 augmentis,
915 2145 943 2194 et

127 2236 188 2290 lraee
211 2236 281 2290 fides
304 2240 403 2290 vestrae
418 2235 577 2290 clementiae
599 2251 656 2289 non
670 2235 761 2289 solum
776 2251 833 2304 me,
850 2234 899 2288 sed
914 2237 943 2287 et

127 2347 227 2384 onmes
240 2329 351 2384 Domini
361 2329 520 2384 sacerdotes
530 2329 690 2384 consolatur
698 2332 727 2383 et
737 2329 861 2397 roborat,
874 2328 941 2383 dum

128 2425 157 2479 in
171 2423 412 2480 christianissimo
425 2422 553 2494 principe
566 2423 770 2477 sacerdotalem
781 2422 944 2494 experimur

125 2518 269 2574 allectum.
287 2519 376 2582 Quem
392 2517 413 2571 si
438 2517 619 2572 orientalium
636 2517 762 2588 partium
783 2517 943 2571 sacerdotes

124 2612 259 2668 studeant
283 2611 397 2679 imitari,
426 2611 497 2665 nihil
525 2611 737 2677 scandalorum,
762 2627 854 2682 neque
876 2627 941 2682 pax,

124 2723 218 2777 neque
231 2706 303 2760 lldes
316 2705 476 2761 Christiana
491 2706 626 2776 patietur.
641 2704 721 2759 Unde
735 2705 943 2759 1111011111-

124 2798 943 2870 tinopolitanusepiscopusadomnenrpietatisprofectum

124 2892 260 2963 presenti
268 2891 427 2946 clementiae
438 2895 537 2946 vestrae
547 2891 681 2946 doceatur
691 2894 833 2963 exemplo,
845 2893 943 2947 1111111-

125 2987 190 3039 liter
205 2984 304 3039 vestris
317 2984 478 3056 acquiescat
493 2985 662 3052 hortatibus,
678 2985 762 3040 habet
774 2986 803 3040 11
821 3003 867 3040 me
883 2987 940 3040 sin·

126 3096 198 3134 cerae
212 3079 309 3150 gratim
323 3077 462 3147 animum,
479 3083 575 3132 lamen
588 3083 620 3133 ut
631 3079 707 3150 qnod
721 3080 814 3134 verbis
824 3080 943 3151 spondet

125 3173 212 3228 eorde
235 3172 372 3243 perficiat.
396 3172 423 3227 Si
444 3188 511 3227 vero
526 3190 590 3244 quae
613 3175 668 3228 Deo
683 3179 711 3230 et
732 3174 830 3246 pietati
844 3178 943 3230 vestra*¹

125 3266 275 3337 displicent
288 3266 427 3338 pertinaci
441 3267 599 3322 intentione
612 3267 752 3339 delegerit
765 3268 840 3323 salva
860 3285 942 3323 man-

126 3360 943 3435 suetudinisvestraereverentiautercumomnihus,etpro

125 3455 258 3509 ornnibus
270 3454 349 3509 vobis
358 3471 473 3526 quoque
483 3455 679 3510 adnitentibus
689 3456 839 3511 adversum
848 3473 944 3528 super-

124 3548 251 3604 bientem
273 3548 408 3603 liberiore
430 3549 586 3604 constantia
607 3566 703 3621 quem,
720 3550 795 3621 quod
811 3567 886 3622 saepe
899 3550 941 3605 di-

125 3641 250 3698 cendum
271 3646 323 3711 est,
350 3643 463 3697 mallem
490 3660 542 3714 pro
562 3643 666 3697 sanctis
685 3643 792 3698 actibus
816 3645 944 3699 fraterna

126 3735 265 3792 charitate
279 3737 439 3808 complecti,
456 3737 661 3809 gloriosissime
682 3738 845 3809 imperator.
874 3738 943 3803 Ouia

127 3846 193 3885 vero
209 3829 409 3902 suggestiones
425 3847 502 3885 meas
512 3849 564 3902 pro
579 3831 782 3902 tranquillitate
797 3833 943 3886 catholica

125 3924 191 3979 tidci
205 3923 328 3979 libenter
341 3925 498 3996 accepistis,
513 3926 705 3997 significatum
722 3925 792 3979 mibi
810 3926 902 3981 fratris
916 3931 944 3981 et

125 4019 283 4090 coepiscopi
300 4019 357 4073 mei
369 4019 470 4073 tuliani
484 4036 647 4075 sermonem
667 4019 840 4090 cognoscite,
864 4020 941 4074 Euti-

125 4112 197 4166 cben
211 4112 333 4183 impium
348 4128 399 4183 pro
414 4113 471 4166 suis
484 4113 600 4184 quidem
618 4113 727 4168 meritis
741 4113 877 4179 exsulare,
894 4114 942 4168 sed

126 4207 155 4261 in
170 4207 231 4276 ipso
244 4222 301 4259 sure
319 4206 511 4261 damnationis
527 4208 591 4261 loco
613 4208 703 4261 multa
723 4207 855 4262 adversus
869 4206 941 4261 inte·

129 4299 263 4370 gritatem
275 4299 442 4354 catholicam
454 4299 696 4371 blasphemiarum
711 4299 888 4372 desperatius
899 4316 944 4355 ve-

993 371 1079 427 quem
1094 361 1196 411 sanctae
1210 357 1356 411 memoriae
1366 357 1516 430 Theophili
1526 357 1694 414 constitutio
1703 358 1809 417 videtur

992 450 1107 518 inferre,
1122 450 1156 504 de
1171 466 1227 522 qua
1237 467 1267 504 re
1282 450 1354 505 sicut
1364 451 1488 506 scribere
1500 452 1666 524 dignamini
1678 452 1808 525 quidquid

993 544 1029 598 ad
1045 544 1158 615 pietatis
1172 548 1271 599 vestrae
1287 545 1419 600 notitiam
1434 547 1579 617 perlatum
1595 545 1697 609 luerit,
1714 547 1808 618 jubere

993 654 1040 691 me
1054 654 1147 708 nosse,
1164 643 1193 693 ut
1204 639 1239 693 de
1252 639 1432 694 observantia
1446 655 1532 711 qnam
1545 657 1604 695 non
1618 641 1684 695 licet
1696 658 1756 696 esse
1769 641 1806 696 di-

992 746 1114 800 versam,
1130 732 1200 803 quid
1213 733 1393 804 potissimum
1405 733 1440 788 sit
1449 735 1607 789 tenendum
1618 734 1744 790 Ecclesia
1753 736 1807 790 uni·

992 825 1108 879 versatis
1115 829 1259 897 agnoscat.
1268 828 1370 881 Precor
1378 830 1476 882 autem
1488 828 1567 899 quod
1576 835 1680 883 1111111
1686 829 1751 884 novi
1760 830 1807 884 cle·

993 919 1109 974 montiae
1127 920 1291 989 convenire,
1307 925 1338 974 nt
1355 938 1403 976 eos
1421 921 1547 977 maxime
1559 923 1703 978 tueamini
1718 929 1805 978 contra

993 1029 1091 1067 omues
1106 1013 1224 1068 insidias
1245 1031 1315 1086 quos
1336 1015 1406 1069 mihi
1434 1019 1462 1070 et
1482 1021 1582 1071 vestrae
1600 1016 1804 1072 mansuetudini

993 1112 1110 1177 propter
1124 1124 1254 1162 amorem
1265 1109 1313 1162 bei
1328 1109 1439 1180 placere
1450 1110 1634 1180 cognoscitis,
1647 1116 1734 1165 uteos
1744 1112 1805 1166 Con-

993 1201 1264 1273 stantinopolitanus
1277 1202 1425 1274 episcopus
1438 1202 1560 1258 laedendi
1581 1221 1642 1259 non
1662 1204 1764 1259 babeat
1775 1205 1804 1260 fa-

993 1295 1140 1350 cultatem.
1155 1297 1223 1349 itata
1233 1313 1287 1352 111
1297 1298 1414 1352 Kalend.
1424 1297 1496 1368 11111,
1510 1297 1573 1352 Etio
1583 1301 1615 1354 et
1625 1298 1739 1364 Studio,
1748 1298 1803 1353 viris

993 1388 1171 1443 clarisssimis
1186 1391 1359 1457 consulibus,
1374 1408 1432 1446 cera
1446 1408 1502 1462 qua
1516 1408 1615 1463 supra.

1065 1484 1170 1537 XXXIV.
1184 1516 1216 1522 —
1225 1485 1271 1540 Ad
1284 1486 1425 1540 Jutioaum
1438 1488 1593 1557 episcopum
1608 1489 1744 1545 Censen.

1030 1578 1082 1631 beo
1096 1577 1208 1631 1111111
1225 1577 1357 1649 episcopo
1371 1578 1471 1633 Coensi
1484 1579 1519 1634 de
1530 1579 1594 1634 Elio
1610 1583 1640 1634 et
1655 1580 1775 1636 Andrca.

953 1655 981 1729 B
1030 1670 1139 1742 agnovi
1157 1671 1186 1724 in
1207 1671 1367 1727 dilectionis
1386 1675 1441 1727 tuae
1457 1672 1557 1727 litteris
1569 1673 1711 1728 fraterna
1723 1675 1803 1729 chari·

993 1764 1059 1819 tatis
1080 1764 1212 1820 allectum
1235 1765 1311 1838 quod
1337 1766 1371 1821 de
1392 1766 1489 1821 multis
1506 1767 1592 1821 malis
1607 1784 1674 1839 quae
1689 1769 1803 1824 multaet

993 1875 1067 1912 saeva
1086 1859 1264 1930 pertulimus,
1279 1860 1325 1930 pio
1338 1860 1486 1915 nobiseum
1499 1860 1600 1917 dolore
1621 1863 1801 1934 compatieris.

993 1951 1048 2007 Sed
1058 1952 1119 2007 baec
1133 1970 1196 2024 quae
1211 1954 1323 2025 perpeti
1339 1971 1389 2009 nos
1404 1954 1540 2010 Dominus
1551 1959 1603 2009 aut
1613 1956 1755 2028 permisit,
1766 1963 1804 2012 aut

992 2046 1082 2100 voluit
1102 2047 1138 2100 ad
1159 2048 1363 2102 correctionem
1386 2047 1537 2119 proficiant
1551 2050 1727 2118 multorum,
1745 2055 1804 2105 1111

993 2143 1124 2198 desinant
1162 2141 1360 2210 adversitates,
1399 2142 1534 2196 finiantur
1563 2143 1698 2199 offensae.
1738 2144 1805 2208 Quod

992 2243 1147 2307 utrumque
1156 2236 1191 2290 de
1202 2252 1307 2307 inagna
1317 2237 1371 2290 erit
1377 2236 1574 2292 misericordia
1581 2237 1642 2305 Dei,
1653 2239 1678 2293 si
1686 2241 1716 2293 et
1723 2238 1806 2311 flagel-

993 2332 1020 2386 fa
1033 2333 1188 2396 removeat,
1206 2334 1234 2383 et
1248 2328 1324 2384 adse
1338 2346 1453 2384 suorum
1467 2329 1553 2384 corda
1568 2335 1729 2388 convertat.
1741 2333 1806 2390 Sicut

994 2429 1089 2480 autem
1100 2422 1309 2479 fraternitatem
1319 2440 1419 2495 eaquae
1431 2425 1507 2495 apud
1517 2441 1569 2479 nos
1580 2424 1646 2495 fuit,
1659 2428 1807 2483 constrista

993 2519 1032 2573 vit
1044 2517 1196 2583 hostilitas,
1211 2517 1252 2571 ita
1264 2533 1311 2572 me
1328 2518 1444 2572 anxium
1460 2518 1525 2573 lacit
1541 2519 1621 2589 quod
1633 2520 1665 2574 in
1678 2523 1805 2578 Constan-

993 2611 1182 2683 tinopolitana
1196 2610 1325 2678 Ecclesia,
1342 2616 1482 2683 quantum
1496 2617 1555 2667 tuae
1565 2612 1700 2669 indicant
1707 2615 1806 2682 littere,

993 2704 1312 2761 haereticoruminsidioe
1325 2722 1384 2759 non
1393 2705 1550 2776 quiescunt,
1563 2711 1593 2761 et
1604 2709 1736 2780 quaesitis
1744 2726 1808 2765 occa

994 2800 1121 2855 sionihus
1144 2799 1175 2853 hi
1196 2798 1245 2871 qui
1273 2799 1421 2854 catholicae
1448 2799 1516 2854 fidei
1541 2799 1714 2858 defensores
1739 2804 1808 2859 luere

993 2900 1142 2949 vexantur.
1157 2893 1226 2947 Nam
1239 2892 1308 2946 dnm
1324 2893 1402 2947 Etius
1418 2892 1453 2947 ab
1469 2893 1561 2948 officio
1572 2895 1808 2953 archidiaconatus

994 3005 1044 3060 per
1054 2986 1177 3059 speciem
1190 2986 1377 3058 provectionis
1390 2990 1547 3056 amovetur,
1563 2991 1594 3042 et
1606 2989 1747 3046 in'locum
1757 2992 1807 3063 ejus

994 3082 1118 3138 Xudreas
1136 3080 1187 3152 qui
1207 3080 1243 3134 ob
1259 3080 1459 3136 haereticorum
1471 3080 1645 3151 {societatem
1658 3084 1805 3140 11111111-

990 3177 1083 3248 111111
1095 3173 1259 3242 assumitur,
1274 3174 1344 3229 dum
1357 3175 1448 3230 heatae
1461 3176 1613 3232 memoriae
1627 3178 1756 3234 Flaviani
1767 3196 1804 3234 ac-

994 3268 1169 3325 cusatoribus
1181 3268 1275 3323 bonor
1290 3268 1428 3338 redditur,
1449 3273 1479 3323 et
1499 3269 1622 3341 piissimi
1645 3273 1806 3329 confessoris

994 3363 1153 3436 participes,
1168 3366 1218 3417 aut
1236 3362 1367 3434 discipuli
1387 3368 1587 3432 conteruntur,
1610 3365 1700 3422 nimis
1721 3372 1804 3440 apere

994 3457 1158 3530 quiChristo
1171 3456 1302 3512 Ecclesiae
1312 3456 1400 3528 ipsius
1410 3458 1531 3528 placeat,
1546 3457 1802 3518 demonstratoris

995 3567 1080 3623 quem
1093 3567 1145 3622 pro
1156 3567 1247 3606 causae
1259 3551 1363 3606 merito
1379 3550 1480 3606 differo
1494 3555 1685 3610 commoveri.
1701 3557 1737 3611 Et
1747 3553 1802 3628 quid

994 3647 1054 3716 ipse
1068 3661 1182 3699 mecum
1196 3643 1390 3717 suisjepistolis
1400 3649 1478 3717 agat,
1492 3662 1563 3717 quas
1578 3648 1739 3705 missurum
1750 3664 1801 3705 eum

995 3739 1067 3793 filius
1087 3741 1184 3793 noster
1205 3738 1282 3794 Elius
1300 3738 1445 3809 indicavit,
1467 3745 1612 3812 exspecto,
1635 3742 1801 3801 (1111111111

994 3833 1159 3887 voluntariae
1175 3832 1381 3902 emendationi,
1404 3850 1461 3906 qua
1474 3834 1603 3891 dolorem
1618 3853 1721 3894 meum
1735 3837 1799 3910 cupio

994 3925 1129 3998 mitigari.
1144 3925 1370 3982 flementissimo
1385 3930 1481 3983 tamen
1495 3927 1620 4001 principi
1638 3935 1670 3986 et
1684 3932 1799 4004 piissime

993 4023 1129 4092 augusta
1144 4019 1178 4074 de
1191 4020 1236 4074 his
1250 4037 1315 4091 quae
1329 4021 1364 4076 ad
1380 4020 1537 4077 custodiam
1549 4023 1629 4092 pacis
1646 4024 1798 4084 ecclesiasti·

993 4131 1032 4168 cae
1045 4114 1198 4185 pertinent,
1212 4114 1320 4185 scripsi,
1337 4131 1409 4186 quos
1425 4115 1575 4170 devotione
1591 4135 1652 4173 suae
1674 4120 1739 4176 fidei
1749 4135 1798 4192 pro

993 4207 1102 4263 visuros
1121 4224 1180 4262 esse
1203 4224 1259 4263 non
1277 4208 1388 4278 dubito,
1413 4224 1449 4263 ne
1468 4212 1569 4266 contra
1585 4211 1713 4284 gloriam
1724 4212 1797 4286 operis

994 4302 1122 4373 ipsorum
1143 4302 1277 4358 damnata
1294 4302 1410 4357 haeresis
1430 4308 1516 4375 queat
1529 4305 1685 4374 pullulare.
1702 4306 1796 4365 Studcal

128 4409 202 4447 uena
213 4393 395 4463 profundere,
410 4397 439 4448 et
453 4393 528 4464 qnod
543 4394 570 4447 in
588 4393 636 4448 illo
646 4397 723 4448 totus
739 4393 863 4448 mundus
876 4395 983 4478 hor-1)
995 4413 1064 4468 crgo
1082 4395 1192 4451 dilectio
1211 4402 1269 4464 tua,
1287 4397 1374 4451 frater
1387 4396 1563 4466 charissime,
1580 4399 1660 4471 piam
1677 4406 1706 4457 et
1717 4415 1795 4456 neces·

125 4487 191 4555 ruit,
203 4491 288 4559 atque
300 4487 445 4542 damnavit
454 4487 632 4559 impudentia
640 4488 759 4559 maj0re,
773 4493 803 4543 ut
812 4488 944 4544 innocen-

125 4587 167 4635 tes
183 4581 312 4653 decipere
330 4581 426 4653 possit,
440 4598 581 4636 evomere.
594 4583 711 4637 Plenum
724 4582 816 4654 itaque
826 4583 944 4638 rationis

126 4676 247 4743 estimo,
269 4680 301 4730 ut
322 4682 415 4731 vestra
434 4676 587 4730 clementia
609 4677 644 4731 ad
659 4677 861 4749 longinquiora
877 4694 942 4732 eum

121 4769 230 4837 julreat,
244 4774 272 4823 et
285 4770 438 4824 secretiora
449 4771 609 4824 transferri.
624 4771 791 4825 blonasterio
806 4787 870 4825 vcro
884 4771 944 4842 ejus

124 4864 373 4935 Erinstautiuopoli
387 4864 539 4919 constituto
555 4864 584 4918 in
598 4881 655 4936 quo
670 4864 843 4920 habitatores
857 4865 944 4936 ipsius

125 4957 260 5012 monachi
275 4958 439 5029 evangelica
453 4958 664 5030 apostolicaque
677 4959 803 5013 doctrina
817 4959 944 5014 crebrius

124 5055 200 5117 sunt,
223 5055 251 5105 et
273 5052 384 5123 plenius
411 5052 572 5121 roborandi,
588 5053 749 5119 salubriter,
763 5057 796 5108 ut
809 5054 941 5123 arbitror,

125 5147 183 5213 fiet,
206 5145 229 5199 si
248 5144 271 5199 is
291 5146 339 5217 qui
358 5146 413 5217 ipsi
428 5147 601 5201 monasterio
615 5147 784 5218 prepositus
800 5165 859 5202 esse
872 5147 941 5202 dici-

124 5243 180 5305 tur,
203 5255 219 5293 a
239 5238 372 5294 societate
391 5241 567 5295 veneratoris
589 5241 673 5297 vestri
691 5242 792 5296 tuliani
818 5242 943 5313 episcopi

124 5350 211 5404 quem
224 5333 254 5388 in
271 5334 393 5406 speculis
408 5340 525 5406 propter
539 5335 624 5391 fidem
643 5336 700 5391 illic
719 5352 778 5389 esse
797 5336 941 5403 constitui,

124 5444 182 5482 non
197 5429 319 5495 recedat,
331 5428 412 5500 cujus
427 5430 537 5484 assidua
553 5430 712 5485 visitatione
728 5430 874 5501 proiectus
887 5446 944 5484 ser·

123 5538 223 5577 vorum
238 5523 289 5578 Dei
304 5523 360 5578 illic
381 5523 575 5579 habitantium
588 5524 677 5596 possit
694 5523 804 5596 augeri.
831 5523 944 5579 1111111-

122 5632 188 5670 111]
204 5622 300 5673 autem
315 5617 348 5672 de
368 5617 518 5673 festivitate
540 5617 665 5673 Paschali
679 5617 799 5688 gaudeo,
816 5617 940 5672 111111-

122 5715 177 5762 stra
187 5710 289 5779 pietate
301 5715 473 5783 susceptam,
489 5716 520 5766 ut
531 5711 680 5766 confestim
691 5716 840 5778 urgentem
855 5712 884 5767 in
897 5728 940 5767 re·

995 4490 1099 4545 sariam
1116 4507 1214 4545 curam
1233 4490 1414 4545 sollicitudini
1428 4492 1590 4563 apostolicae
1607 4495 1692 4551 Sedis
1704 4495 1794 4568 impen-

994 4584 1072 4650 dere,
1092 4600 1156 4654 quae
1179 4583 1230 4637 tibi
1256 4584 1332 4654 apud
1356 4600 1385 4638 se
1405 4585 1513 4640 nutrito
1528 4586 1703 4645 catholicam
1717 4590 1795 4645 contra

995 4676 1176 4731 Nestorianos
1190 4679 1218 4730 et
1232 4676 1414 4732 Eutichianos
1432 4677 1583 4734 haereticos
1593 4681 1736 4739 actionem
1749 4697 1794 4736 rnu-

995 4773 1076 4824 terno
1084 4770 1149 4840 jure
1165 4771 1357 4838 commendat,
1374 4777 1405 4826 ut
1415 4771 1510 4826 divino
1521 4772 1612 4829 fultus
1623 4777 1740 4844 auxilio,
1752 4789 1796 4846 spe·

994 4864 1084 4918 culari
1093 4863 1128 4918 de
1140 4865 1464 4937 Constantinopolitanae
1471 4867 1550 4921 urhis
1561 4872 1796 4941 opportunitatem

994 4976 1052 5013 non
1067 4958 1190 5028 desinas,
1210 4958 1412 5029 praedictorum
1432 4959 1605 5030 dogmatum
1622 4964 1796 5038 impiusnuu·

994 5069 1079 5124 qnam
1093 5053 1177 5107 turbo
1191 5057 1351 5124 consurgat.
1362 5055 1396 5108 Et
1406 5053 1473 5125 quia
1483 5059 1563 5110 tauta
1573 5060 1617 5111 est
1626 5059 1797 5130 gloriosorum

995 5147 1156 5218 principum
1175 5147 1335 5214 clementia,
1352 5151 1382 5202 ut
1395 5147 1573 5205 confidenter
1588 5151 1630 5206 eis
1645 5154 1797 5225 possisque

994 5246 1059 5295 suut
1071 5240 1245 5295 insinuanda
1258 5257 1422 5312 suggerere,
1434 5242 1540 5313 pietate
1549 5243 1685 5316 ipsorum
1697 5243 1798 5303 11111111-

994 5338 1081 5389 tatem
1094 5334 1225 5389 Ecclesiae
1239 5334 1406 5389 universalis
1419 5335 1520 5392 utaris.
1533 5337 1709 5397 Consulente
1720 5346 1796 5397 auten

994 5431 1141 5486 dilectione
1154 5436 1202 5486 tua
1223 5431 1257 5486 de
1281 5431 1325 5485 bis
1344 5431 1490 5504 inquibus
1507 5435 1654 5506 putaveris
1666 5438 1795 5510 ambigen-

993 5524 1071 5592 dum,
1086 5539 1145 5580 non
1160 5524 1251 5580 deerit
1263 5525 1448 5581 relationibus
1461 5526 1519 5581 tuis
1532 5543 1610 5584 meae
1621 5528 1797 5604 responsionis

992 5617 1148 5685 instructio,
1164 5622 1195 5673 ut
1210 5622 1386 5691 sequestrata
1401 5636 1499 5675 earum
1509 5621 1634 5692 actione,
1649 5641 1740 5682 111111
1746 5636 1796 5695 qut

994 5712 1021 5766 in
1036 5712 1250 5786 quibuscunque
1264 5713 1388 5768 eeclesiis
1399 5715 1553 5786 praesulum
1571 5734 1693 5775 suornm
1708 5718 1794 5776 debent
