3870 6150
119 261 171 314 305
735 253 972 311 uecuutnttuu
991 255 1185 316 cethecus).
1748 268 1799 321 306

121 370 149 420 et
162 360 356 419 inviolabilem
368 360 535 418 catholicam
547 361 675 416 nostram
689 359 776 417 fldem
785 361 873 418 verbo
885 379 934 418 ve·
946 367 1162 450 Asubstantiae,
1188 383 1241 440 per
1264 383 1351 440 quem
1375 366 1471 424 omnia
1493 367 1566 425 iacta
1589 372 1656 426 sunt
1678 388 1742 444 quae
1768 374 1799 430 in

122 457 212 514 uitatis
225 456 394 512 discordiam
408 455 554 528 effugavit,
566 470 684 510 omnem
695 454 839 528 abigendo
851 456 933 511 inno·
985 462 1054 518 coelo
1073 465 1181 534 etque
1200 460 1229 515 in
1253 463 1338 530 terra,
1357 462 1407 534 qui
1431 466 1548 535 propter
1566 479 1617 519 nos
1636 468 1664 520 et
1681 469 1800 539 propter

123 550 275 617 rationem,
291 549 364 605 sicut
382 550 413 604 in
433 549 543 620 scriptis
561 564 614 621 per
635 548 739 603 secula
758 564 822 620 quae
838 549 935 604 subsa-
985 558 1114 610 nostram
1129 555 1252 609 salutem
1266 555 1420 623 deseendit,
1432 559 1460 610 et
1471 556 1633 613 incarnatus
1645 562 1697 615 est.
1708 560 1799 616 llomo

124 648 248 716 quuntur
259 647 322 699 ecte
338 643 544 700 demonstrant.
561 642 727 698 Terminum
744 659 811 697 vero
831 640 938 714 simpli·
987 644 1077 701 lactus
1090 660 1188 715 passus
1200 646 1252 711 est,
1265 647 1295 698 et
1308 645 1461 700 resurrexit
1474 646 1557 700 tertia
1566 646 1620 714 die,
1634 649 1664 702 ct
1674 648 1801 705 ascendit

124 753 182 792 cem
196 735 296 791 statuit
315 735 475 791 divinarum
497 734 709 807 scripturarum
721 736 824 791 virtute
840 735 934 789 muni·
986 737 1014 793 in
1031 737 1125 803 coelos,
1138 737 1206 792 inde
1224 740 1360 791 venturus
1380 741 1424 792 est
1440 737 1569 807 judicare
1587 738 1665 794 vivos
1685 743 1801 798 etmer-

125 834 193 896 tum,
204 835 235 885 ct
246 833 411 885 sanctorum
424 845 457 885 ac
470 829 700 885 beatissimorum
710 829 740 883 in
751 829 813 900 ipso
822 843 935 884 conser—
986 835 1061 886 tuos.
1072 832 1106 886 Et
1114 829 1290 902 inspiritum
1301 833 1445 886 sanctum.
1453 831 1508 885 Eos
1517 834 1612 886 autem
1623 834 1673 905 qui
1681 834 1798 891 dicunt:

125 926 166 976 vat
192 923 378 992 seutentiam,
388 921 426 977 a'd
435 937 531 977 veram
541 922 659 993 quidem
670 922 819 977 scientiam
829 920 937 976 sincere
986 925 1055 980 Erat
1068 924 1182 997 quando
1197 940 1256 981 non
1268 927 1337 991 erat,
1354 928 1383 978 et
1395 926 1550 995 antequam
1562 929 1729 983 nasceretur
1741 945 1799 984 non

124 1015 290 1087 legentium,
301 1015 378 1071 etad
390 1017 551 1086 longaevam
563 1031 696 1071 coronam
711 1014 797 1070 vestri
812 1013 936 1085 imperii.
987 1020 1059 1085 eret,
1078 1020 1108 1072 et
1126 1017 1193 1089 quia
1213 1033 1245 1071 ex
1267 1017 1351 1072 nullis
1370 1015 1554 1072 existentibus
1578 1018 1668 1074 lactus
1687 1025 1738 1087 est,
1751 1026 1800 1078 aut

124 1109 155 1163 Et
172 1109 266 1163 habeo
288 1109 384 1179 ipsum
398 1124 457 1179 prae
471 1108 614 1178 manibus,
635 1112 664 1163 et
687 1108 712 1162 si
729 1108 842 1162 videtur
855 1106 938 1162 nutui
988 1126 1022 1165 ex
1045 1110 1101 1164 alia
1123 1110 1303 1169 subsistenh'a
1323 1109 1368 1164 vel
1392 1109 1549 1165 substantie
1561 1110 1738 1180 dicuntesse,
1752 1116 1802 1170 aut

123 1205 220 1256 vestrae
236 1200 397 1257 serenitatis
417 1200 574 1272 perlegam.
592 1200 735 1255 Piissimus
756 1203 785 1254 et
808 1198 937 1259 fidelissi-
988 1203 1201 1258 convertibilem
1211 1203 1313 1258 Filium
1326 1202 1385 1271 liei,
1395 1203 1614 1260 anathematizet
1624 1206 1762 1261 catholice
1773 1211 1802 1261 ct

123 1310 185 1349 mus
203 1293 364 1365 imperator
379 1293 470 1349 dixit:
486 1294 612 1364 Perlege.
628 1292 706 1347 Etius
723 1291 939 1347 archidiaconus
988 1295 1142 1368 apostolice
1154 1296 1285 1362 Ecclesia,
1296 1298 1324 1350 et
1333 1295 1458 1366 idipsum
1466 1299 1582 1352 centurn
1595 1297 1804 1370 quinquaginta
1889 1286 1903 1299 ”

122 1387 264 1458 perlegit:
282 1387 385 1442 Sancta
404 1392 432 1441 et
450 1402 554 1458 magna
571 1389 601 1441 et
617 1385 785 1440 venerabilis
804 1384 937 1456 synodus,
988 1390 1105 1444 Petrum
1125 1389 1295 1460 symbolum.
1318 1388 1467 1447 Credimus
1488 1389 1518 1444 in
1542 1407 1632 1446 unum
1645 1392 1735 1446 iteum
1748 1393 1800 1447 Pe·

123 1501 185 1556 que
197 1484 357 1540 secundum
371 1485 496 1555 gratiam
505 1484 555 1538 Dei
568 1501 601 1539 ex
617 1484 732 1539 decreto
746 1483 939 1554 piissimorum
989 1488 1074 1547 trem,
1088 1483 1323 1554 omnipotentem,
1342 1482 1477 1539 factorem
1493 1483 1554 1539 coeli
1574 1488 1604 1540 et
1627 1489 1719 1552 tcrrae,
1734 1483 1802 1539 visi·

123 1577 329 1650 imperatorum
346 1577 535 1633 Valentiniani
558 1582 587 1633 et
608 1577 736 1632 Martiani
753 1579 940 1647 augustorum
988 1576 1089 1632 hilium
1103 1580 1132 1630 et
1144 1575 1327 1631 invisibilium
1350 1577 1537 1633 conditorem.
1551 1579 1586 1635 Et
1600 1578 1629 1632 in
1645 1594 1735 1633 unum
1748 1579 1801 1634 lio·

123 1677 298 1744 congregate
312 1675 356 1726 est
369 1670 400 1725 in
413 1670 638 1726 chalcedonensi
657 1669 767 1725 civitate
786 1668 940 1740 metropoli
989 1669 1101 1724 minum
1111 1671 1207 1724 lesum
1223 1670 1367 1725 Christum
1383 1671 1485 1724 Silium
1497 1671 1759 1744 liei,unigenitum,
1767 1688 1803 1728 ex

126 1765 277 1836 provinciae
291 1763 429 1835 Bithyniae
442 1764 471 1818 in
487 1764 603 1818 basilica
619 1766 716 1818 sancta
731 1779 762 1817 ec
775 1744 1070 1833 triumpha-BPetre
1095 1765 1196 1818 natum
1217 1769 1284 1818 ante
1307 1763 1405 1817 omnia
1427 1764 1538 1832 secula,
1563 1766 1655 1820 licum
1676 1765 1711 1821 de
1732 1766 1801 1835 lieo,

127 1857 198 1913 tricis
218 1857 352 1928 martyris
366 1857 533 1928 Euphemiae
551 1856 649 1911 statuit
668 1871 732 1927 quai
746 1854 843 1910 subter
857 1870 938 1909 com·
988 1857 1086 1913 lumen
1102 1856 1269 1925 delumine,
1294 1858 1383 1911 Deum
1402 1872 1502 1912 verum
1522 1858 1558 1913 dc
1584 1859 1639 1913 [leo
1660 1874 1734 1926 vero,
1754 1876 1803 1914 na·

132 1951 262 2021 prehensa
275 1953 351 2005 sunt.
968 1990 972 1995 .
989 1949 1051 2000 tum
1069 1962 1128 2000 non
1149 1945 1267 2015 lactum,
1283 1946 1434 2001 omousion
1448 1947 1535 2015 Patri,
1556 1946 1587 2000 id
1605 1951 1657 2015 ast,
1672 1947 1802 2017 eiusdem

162 2044 295 2098 Dominus
317 2047 347 2097 ct
367 2043 491 2098 salvator
510 2046 608 2097 noster
625 2044 705 2097 lesus
720 2042 857 2107 Christus,
874 2040 941 2095 tidei
990 2054 1057 2094 cum
1069 2041 1151 2095 Patre
1163 2039 1336 2108 substantie,
1352 2055 1405 2109 per
1421 2055 1508 2110 quem
1523 2039 1620 2094 omnia
1636 2038 1801 2109 factasunt,

141 2137 270 2208 egnitime
284 2137 415 2208 proprios
429 2134 600 2191 confirmans
613 2135 824 2206 discipulos,ait
839 2149 846 2187 ε
863 2135 940 2189 «Pa-
991 2132 1039 2203 qui
1059 2136 1177 2204 propter
1200 2149 1251 2187 nos
1273 2135 1302 2186 et
1324 2136 1441 2204 propter
1463 2137 1588 2188 nostram
1612 2133 1731 2188 salutem
1752 2132 1803 2189 de·

143 2246 189 2284 ceni
207 2246 303 2285 meam
319 2230 356 2285 do
369 2229 459 2295 vobis,
476 2245 575 2300 paoem
598 2244 692 2284 meam
713 2228 843 2299 relinquo
861 2226 941 2281 vobis
991 2226 1117 2291 scendit3
1146 2231 1176 2281 et
1202 2226 1368 2281 incarnatus
1394 2231 1437 2281 est
1462 2226 1498 2280 de
1519 2226 1626 2297 Spiritu
1650 2230 1747 2282 sancto
1769 2242 1805 2282 ex

147 2326 212 2388 ileon
225 2339 280 2389 xrv,
295 2322 351 2393 Ξῖ),
366 2341 381 2373 n
403 2327 436 2376 ut
453 2321 534 2376 nulla
553 2321 620 2376 lidei
639 2319 773 2374 dissensio
794 2320 823 2373 in
844 2318 940 2390 proxi·
990 2320 1074 2375 ltnria
1088 2319 1210 2390 Virgine,
1225 2325 1254 2374 et
1267 2321 1353 2375 homo
1366 2310 1456 2374 factus
1470 2336 1569 2391 pessus
1583 2324 1625 2375 est
1639 2319 1691 2374 sub
1704 2319 1805 2375 Pontio

147 2431 192 2470 nos
202 2416 319 2483 anatur,
334 2414 384 2470 sed
398 2431 432 2469 ex
441 2430 525 2485 equo
535 2413 661 2468 veritatis
672 2413 839 2483 predicatio
850 2414 942 2467 osten·
990 2413 1095 2479 Pilato;
1109 2412 1238 2484 sepultus
1252 2418 1305 2480 cst,
1322 2414 1407 2468 tertia
1418 2413 1463 2469 ‹lie
1479 2413 1633 2469 resurrexit
1644 2430 1662 2468 a
1674 2413 1804 2481 mortuis,

148 2508 217 2564 datur.
228 2509 284 2564 Sed
295 2508 425 2580 quianon
437 2507 542 2562 desinit
552 2507 695 2578 malignus
708 2506 738 2560 in
751 2506 818 2576 ipsis
828 2505 941 2576 pietatis
991 2506 1120 2562 escendit
1141 2505 1171 2560 in
1193 2505 1286 2573 coelos,
1310 2506 1390 2561 sedet
1409 2507 1446 2560 nd
1469 2506 1616 2561 dexteram
1636 2505 1687 2561 Dei
1705 2507 1804 2574 Patris,

149 2602 281 2657 seminibus
293 2600 400 2656 zizania
420 2616 471 2655 sua
493 2601 628 2667 inserere,
643 2604 672 2655 et
686 2599 752 2655 novi
769 2598 877 2670 aliquid
890 2597 939 2652 ad·
991 2600 1097 2654 iterum
1118 2605 1254 2655 venturus
1272 2598 1403 2670 Judicare
1426 2599 1503 2654 vivos
1524 2602 1552 2654 et
1568 2603 1707 2667 mortuos,
1723 2599 1804 2670 cvu'us

150 2709 224 2750 versus
230 2697 377 2753 veritatem
387 2710 504 2765 semper
510 2694 681 2765 excogitare,
690 2692 795 2748 idcireo
803 2692 942 2747 Dominus
991 2693 1071 2764 regni
1085 2709 1144 2747 nnn
1160 2693 1214 2747 crit
1223 2692 1298 2749 finis.
1313 2694 1347 2748 Et
1359 2694 1390 2748 in
1403 2693 1542 2765 Spiritum
1554 2696 1694 2761 sanctum,
1710 2692 1805 2748 Domi·

152 2792 224 2844 nater
236 2789 364 2845 humano
376 2788 478 2860 generi
487 2788 568 2843 solito
579 2788 698 2859 cupiens
707 2785 943 2858 providere,piis-
991 2798 1062 2841 num
1083 2791 1112 2841 et
1131 2786 1332 2853 vivificantem,
1348 2802 1383 2842 ex
1403 2787 1486 2842 Patre
1510 2786 1724 2858 procedentem,
1740 2801 1806 2841 cum

91 2898 93 2935 ÷
152 2880 232 2937 sinum
246 2883 322 2938 bunc
336 2887 365 2937 et
378 2881 574 2937 fidelissimum
587 2880 789 2951 imperatorem
803 2879 894 2935 crexit
907 2879 942 2933 ad
989 2881 1073 2959 Patre
1089 2882 1117 2934 et
1129 2879 1200 2935 Filio
1213 2879 1389 2935 adorandum
1404 2883 1433 2935 et
1446 2879 1677 2952 glorificandum,
1699 2878 1749 2951 qui
1764 2879 1805 2934 lo·

98 2960 101 2971 ¹
154 2974 230 3041 zelum,
250 2977 300 3049 qui
321 2976 447 3047 undique
472 2974 652 3030 sacerdotum
679 2973 830 3046 pontifices
852 2972 888 3028 ad
914 2987 943 3026 se
991 2976 1074 3028 cutus
1085 2977 1126 3029 est
1138 2990 1190 3044 per
1201 2974 1366 3046 prophetas.
1375 2975 1467 3029 linem
1482 2974 1649 3029 catholicam
1659 2978 1688 3028 ct
1698 2977 1807 3045 aposto

154 3071 290 3125 convocavit
313 3073 355 3135 ut,
382 3070 473 3140 gratia
493 3068 608 3123 Domini
630 3067 723 3122 nostri
747 3068 813 3121 lesu
839 3063 942 3121 Christi
952 3108 980 3181 C
991 3066 1077 3122 licam
1090 3067 1251 3122 Ecclesiam.
1266 3068 1441 3122 Confitemur
1457 3084 1546 3122 unum
1562 3067 1713 3139 baptisma,
1721 3067 1751 3121 in
1765 3083 1808 3122 re·

154 3167 309 3234 cooperante,
321 3178 436 3217 omnem
446 3161 586 3217 mendacii
597 3160 787 3232 pestilentiam
799 3159 943 3214 abovibus
994 3160 1159 3216 missionem
1179 3160 1307 3215 omnium
1328 3163 1519 3232 peccatorum.
1542 3161 1742 3230 Exspectnmus
1761 3176 1806 3214 re·

154 3252 230 3310 Christi
244 3259 398 3324 removeat,
419 3270 525 3327 easque
539 3254 666 3309 veritatis
683 3252 862 3325 germinibus
875 3252 942 3306 reli·
993 3253 1197 3309 surrectionem
1219 3257 1410 3322 mortuorum,
1432 3258 1462 3308 et
1481 3253 1567 3308 vitam
1587 3253 1677 3308 futuri
1700 3252 1806 3309 seculi.

91 3362 93 3367 ·
154 3345 198 3402 ciat.
209 3348 287 3412 Ouod
307 3365 342 3404 cx
360 3348 508 3403 communi
526 3347 640 3402 decreto
662 3347 827 3418 peregrinas
840 3345 943 3401 erroris
993 3348 1092 3402 Amen.

153 3441 245 3509 qudem
263 3447 352 3498 sectas
366 3441 543 3513 abjicientes,
557 3445 586 3495 et
598 3441 715 3496 Petrum
730 3445 837 3495 rectam
856 3439 943 3493 tidem
1028 3440 1176 3495 sufficeret
1196 3440 1312 3511 quidem
1327 3440 1363 3495 nd
1376 3440 1570 3512 plenissimam
1589 3440 1703 3510 pietatis
1723 3439 1806 3511 agni·

152 3541 296 3591 renovantes
315 3538 509 3590 trecentorum
524 3534 624 3589 decem
646 3536 675 3586 ot
699 3540 761 3588 octo
782 3531 944 3603 symbolum
992 3533 1113 3599 tionem,
1125 3536 1153 3587 at
1166 3533 1422 3601 confirmationem,
1437 3533 1633 3589 cautissimum
1643 3537 1672 3588 et
1683 3533 1806 3588 salutare

153 3629 261 3684 omnibus
283 3628 479 3701 predicantes.
496 3628 530 3682 Et
550 3627 627 3682 velut
649 3626 752 3680 horum
774 3625 943 3680 domesticos
994 3630 1096 3686 divinae
1110 3631 1210 3702 gratiae
1225 3630 1448 3702 symbolum;dc
1462 3632 1544 3687 Patre
1555 3632 1632 3688 enim
1648 3638 1677 3688 et
1688 3632 1808 3702 Filio,et
1920 3660 1929 3665 -

152 3725 244 3777 eentum
252 3717 944 3794 quinquagintapraesulesquiConstantinnpolim
993 3724 1102 3796 Spiritu
1116 3729 1215 3778 sancto
1235 3723 1392 3778 doctrinam
1414 3725 1572 3796 perlectam
1590 3726 1700 3792 edocet,
1715 3728 1744 3780 et
1761 3725 1805 3780 in·

152 3821 324 3871 convenerunt
338 3815 405 3870 huic
425 3814 551 3884 piissimo
572 3812 656 3869 titulo
679 3812 856 3880 ascribimus,
872 3828 942 3882 quo·
993 3817 1187 3872 carnationem
1196 3816 1373 3871 Dominicam
1382 3817 1504 3872 ildeliter
1515 3817 1734 3889 suscipientibus
1747 3833 1808 3875 ma-

152 3906 210 3962 niam
222 3913 250 3963 et
261 3909 315 3981 ipsi
325 3907 456 3963 eumdem
473 3907 561 3962 iidem
574 3906 825 3978 subsignaverunt.
839 3904 942 3960 Stetui-
992 3909 1119 3965 nilestct.
1136 3909 1192 3965 Sed
1205 3909 1341 3982 quoniam
1354 3909 1393 3978 hi,
1405 3910 1455 3980 qui
1467 3910 1699 3980 predicationem
1707 3910 1809 3965 verita-

153 4013 199 4054 nus
208 4002 294 4073 igitur
309 4001 449 4071 ordinem,
465 4006 494 4056 et
506 4016 606 4055 omnes
621 3998 689 4054 fidei
701 3999 837 4054 formulas
849 4003 937 4053 custo·
994 4003 1029 4058 tis
1046 4004 1192 4058 destruere
1215 4006 1363 4070 conantur,
1378 4003 1517 4074 quasdam
1530 4003 1655 4075 propriae
1668 4004 1808 4059 haereseos

153 4089 240 4150 dientes
251 4096 338 4152 etiam
351 4099 480 4150 sanctam
491 4093 633 4165 synodum
647 4092 750 4164 Ephesi
763 4093 878 4161 lactem,
894 4107 942 4146 cu·
993 4096 1132 4152 novitates
1146 4095 1321 4168 parturiunt,
1336 4095 1453 4167 quidem
1475 4096 1552 4151 enim
1574 4096 1741 4168 mysterium
1756 4112 1808 4169 pro

150 4182 611 4250 lusauctorest'ueruntvenerabitis
621 4185 768 4240 memorie
778 4184 944 4243 Coelestinus
993 4190 1077 4263 nobis
1091 4193 1187 4244 actum
1204 4189 1306 4245 divinae
1321 4188 1540 4262 dispensationis
1556 4189 1665 4246 audent
1678 4206 1807 4246 corrum-

153 4273 267 4337 Romenae
292 4281 372 4336 urbis
393 4285 423 4335 et
444 4279 564 4351 (tyrillus
589 4278 786 4334 Alexandrinae
814 4277 944 4333 Ecclesiee
994 4300 1071 4355 pere,
1085 4287 1224 4338 etvocem
1237 4283 1318 4338 illem
1332 4282 1419 4338 divini
1434 4282 1523 4338 Patris
1536 4280 1641 4339 factam
1661 4284 1698 4338 ad
1715 4283 1808 4356 Virgi-

152 4375 337 4444 sacerdotes,ut
346 4373 516 4445 prefulgeat
525 4372 642 4445 quidem
652 4376 735 4427 rectae
749 4374 779 4426 et
788 4370 945 4442 inculpabi-
993 4376 1809 4450 uemdenegent.Aliitemperameutumconfusionemque

151 4457 173 4517 lii
184 4467 245 4523 tidei
268 4468 407 4540 expositio
426 4470 621 4522 trecentorum
636 4466 737 4520 decern
756 4469 785 4519 et
797 4470 860 4520 octo
878 4474 983 4546 san-1)
995 4469 1170 4533 inducentes,
1184 4472 1213 4523 et
1225 4485 1314 4523 unam
1328 4485 1388 4524 esse
1404 4475 1534 4525 naturam
1548 4470 1640 4524 carnis
1653 4474 1682 4525 et
1696 4469 1810 4524 deitatis

148 4558 239 4615 domm
253 4563 370 4616 Patrum
391 4560 441 4632 qui
460 4560 491 4614 in
514 4559 615 4626 Nicaea,
631 4559 682 4613 suh
694 4557 878 4614 Constantino
890 4559 945 4629 pie
994 4563 1138 4617 insensate
1158 4565 1375 4634 componentes,
1394 4562 1554 4634 passibilem
1576 4562 1722 4635 Unigeniti
1737 4562 1809 4617 divi-

146 4655 279 4710 nemoriae
293 4654 479 4726 imperatore,
494 4657 699 4718 convenerunt,
715 4652 896 4706 contineatur
917 4654 946 4704 et
994 4672 1062 4711 nam
1075 4660 1208 4710 naturam
1228 4656 1277 4711 tali
1297 4655 1462 4710 contusione
1474 4655 1637 4726 prodigiose
1651 4654 1808 4727 divulgant.

142 4750 245 4802 tenum
267 4747 476 4820 quinquaginta
499 4751 665 4801 sanctornm
687 4747 804 4800 Petrum
822 4745 852 4800 in
874 4745 945 4799 urhe
997 4749 1101 4804 ldcirco
1116 4765 1234 4803 omnem
1247 4748 1383 4804 adversus
1393 4748 1541 4804 veritatem
1558 4750 1758 4821 opponendam
1774 4751 1809 4805 ab

138 4830 595 4912 Comtentinnpolitanadecretum
604 4839 639 4894 ad
647 4839 877 4911 peremptionem
885 4838 946 4910 qui·
995 4842 1064 4914 ipsis
1086 4842 1326 4897 machinationem
1349 4842 1447 4897 volens
1471 4841 1639 4911 excludere,
1661 4847 1757 4898 sancta
1781 4846 1812 4898 et

134 4924 200 4988 dem
220 4941 360 4990 sectarum
378 4939 447 4989 tunc
466 4932 679 5004 pullulantium,
695 4932 944 4987 confirmationem
996 4952 1103 5007 magna
1114 4934 1280 4990 universalis
1292 4935 1416 5006 synodus
1429 4935 1502 4990 hanc
1515 4935 1746 5007 predicationem
1759 4936 1811 4991 im-

129 5025 200 5081 Vero
209 5027 296 5100 ipsius
310 5027 455 5083 cnthnlicae
467 5029 553 5097 atque
571 5025 732 5097 apostolicae
747 5026 853 5079 nostrie
867 5024 943 5080 lldei.
995 5028 1129 5085 mobilem
1146 5028 1250 5084 docens
1269 5026 1378 5097 statuit,
1397 5028 1542 5100 precipue
1557 5033 1750 5084 trecentorum
1763 5029 1812 5086 de·

996 5138 1057 5177 cem
1072 5126 1100 5176 ει
1118 5126 1181 5177 octo
1200 5126 1362 5177 sanctorum
1375 5124 1492 5177 Petrum
1508 5121 1594 5177 tidem
1605 5122 1811 5179 incontamina-

996 5218 1055 5269 tam
1069 5231 1196 5271 manera.
1219 5218 1253 5271 Et
1273 5220 1391 5287 propter
1403 5232 1452 5270 eos
1464 5214 1513 5287 qui
1526 5215 1644 5287 Spiritui
1656 5219 1751 5271 sancto
1763 5215 1811 5269 ad·

170 5308 309 5366 eredimus
322 5310 352 5365 in
363 5326 455 5365 uuum
465 5310 565 5378 Deum,
574 5309 688 5363 Patrem
702 5306 944 5378 omnipotentem,
995 5314 1153 5378 versantur,
1169 5313 1285 5364 centum
1299 5309 1507 5381 quinquaginta
1519 5310 1635 5364 Petrum
1654 5308 1738 5379 paulo
1757 5323 1808 5378 po·

128 5404 259 5459 omnium
269 5403 422 5459 visibilium
435 5406 464 5458 et
475 5401 661 5457 invisibilium
673 5401 861 5456 conditorem.
873 5401 907 5455 lit
915 5399 945 5455 in
995 5402 1111 5458 stertere
1124 5405 1256 5473 tempore
1278 5402 1308 5457 in
1330 5403 1400 5457 urbe
1416 5400 1730 5472 Constantinopolitana
1744 5414 1811 5453 con·

131 5496 218 5553 lenum
240 5496 396 5554 Dominum
417 5498 515 5552 iesum
533 5490 677 5552 Christum
699 5493 802 5549 Filium
822 5493 883 5561 Dei,
911 5493 945 5549 de
995 5495 1174 5552 venientium
1197 5494 1232 5551 da
1256 5496 1411 5551 substantie
1431 5495 1552 5567 Spiritus
1567 5493 1656 5547 sancti
1675 5490 1810 5547 traditam

133 5578 210 5647 Patre
232 5597 342 5661 nahum,
363 5590 556 5662 unigenitum,
577 5589 632 5644 hoc
656 5591 700 5644 est
725 5586 760 5642 de
787 5586 946 5642 substantia
996 5588 1155 5645 doctrinam
1180 5589 1364 5654 corroboret,
1389 5604 1474 5660 quam
1500 5585 1589 5640 etiam
1615 5584 1655 5640 illi
1677 5583 1812 5640 omnibus

134 5671 227 5756 latus,
244 5686 336 5742 Deum
355 5700 456 5742 verum
477 5684 512 5740 de
532 5684 588 5739 lieo
606 5697 684 5749 vern,
706 5683 804 5736 uatum
824 5696 882 5736 nou
902 5678 945 5735 la·
996 5681 1226 5752 insinuaverunt,
1240 5699 1298 5739 non
1310 5681 1389 5756 quod
1410 5681 1441 5736 in
1462 5676 1690 5752 praecedentibus
1702 5675 1811 5750 aliquid

139 5779 215 5852 ttum,
229 5779 383 5839 omousion
405 5777 492 5847 Patri,
505 5777 560 5834 hoc
581 5780 624 5834 εει
643 5775 771 5847 ejusdem
785 5791 850 5831 cum
864 5776 944 5833 Patre
973 5830 978 5836 ,
996 5774 1108 5833 deesset
1126 5776 1304 5851 adjicientes,
1326 5775 1377 5831 sed
1398 5774 1433 5829 de
1457 5771 1563 5845 Spiritu
1585 5769 1753 5830 eorumdem
1768 5770 1810 5828 in·

333 5176 488 5246 Symbolum
502 5177 607 5234 Nineue·
619 5174 736 5230 concilii.
