3870 6150
59 251 110 304 lDD
674 245 910 302 uecnuvthtttu
928 246 1122 302 collectio.
1686 253 1735 307 tto

53 357 226 420 maturans,
249 351 367 408 visibilia
394 355 424 407 et
443 350 593 408 invisibilia
619 351 746 424 propris
768 351 872 408 virtute
881 367 913 440 Α
955 351 1325 426 criminationesmajorum
1338 357 1407 410 natu
1426 370 1478 427 per
1490 355 1562 412 alios
1575 370 1636 412 uon
1652 355 1733 428 flant,

54 445 203 520 potestatis
225 444 384 518 procreavit
410 461 443 501 ac
465 444 543 513 fecit,
573 444 699 517 seipsum
722 447 800 513 ants,
824 448 874 501 aut
920 445 976 502 nisi
999 461 1052 517 per
1078 445 1153 519 ipsos
1177 445 1226 520 qui
1250 445 1369 503 crimina
1397 448 1567 518 intendunt,
1591 447 1614 504 si
1634 453 1734 508 tamen

54 539 242 614 postmodum
253 538 343 611 (quod
361 537 456 595 dicere
478 538 558 594 netas
576 538 627 611 est)
650 539 755 594 creavit
771 538 815 594 vel
829 539 872 594 ia·
921 539 975 611 ipsi
987 537 1067 611 digni
1087 541 1116 595 et
1130 538 1393 613 irreprehensibiles
1406 539 1600 613 apparuerint,
1620 544 1649 598 et
1664 542 1735 598 actis

54 632 244 706 oempotuitt
257 633 291 687 st
304 631 439 687 Dominus
452 631 483 688 in
500 630 656 703 Evangelio
670 630 753 687 ait:u
770 632 830 704 Ego
844 633 873 686 st
920 631 1040 703 publicis
1053 631 1294 688 docuerintomni
1307 648 1337 689 se
1349 633 1509 706 suspicione
1527 649 1624 691 carere
1636 638 1665 690 et
1676 634 1732 691 ini·

53 728 133 782 Pater
143 741 239 780 uuum
250 741 366 792 sumus3
379 744 393 777 u
406 723 570 780 etiterum:
585 745 600 774 «ι
614 724 670 789 Qui
682 741 728 780 me
737 725 822 793 videt,
833 724 873 778 vi-
920 724 1027 781 micitia
1035 722 1109 799 25,
1125 730 1211 798 atque
1223 725 1500 797 irreprehensibilem
1515 727 1602 784 fldem
1615 743 1648 784 ae
1663 743 1733 785 eon·

53 819 99 876 det
109 822 141 874 et
152 819 309 885 Patrem»
323 816 482 872 etiterum:
495 838 510 868 u
523 815 578 881 Qui
585 832 632 873 ms
642 816 711 887 odit,
722 819 751 872 et
757 818 871 872 Patrem
920 818 1109 875 versationem
1119 819 1222 875 ducere
1234 834 1241 874 :
1255 835 1368 875 necnon
1381 819 1572 892 stpsregrina
1582 821 1734 894 negotiosi

52 927 149 967 meum
170 909 251 976 udit;
266 929 281 958 ι»
297 908 464 964 etiterum:
481 927 495 961 a
514 910 550 964 Ut
565 924 665 965 omnes
682 908 873 966 honorificent
917 911 1025 984 judicia
1036 910 1597 985 prohibemus,quiaindignumestutab
1608 914 1734 970 externis

53 1004 169 1073 lilium,
195 1002 270 1058 sicut
285 1001 479 1058 honorificant
495 1003 626 1071 Patrem3
651 1022 666 1052 u
690 1003 720 1056 et
741 1001 869 1058 iterum:
917 1003 1083 1076 judicentur
1096 1004 1147 1077 pri
1170 1003 1357 1077 provinciales
1376 1008 1438 1060 sta
1457 1020 1487 1060 ss
1506 1005 1609 1061 electus
1630 1005 1734 1062 debent

53 1119 66 1148 ι
78 1098 114 1154 Ut
125 1096 188 1151 sint
201 1095 234 1150 in
246 1094 329 1150 uubis
340 1110 442 1163 ununu
456 1094 529 1150 sicut
542 1098 571 1150 et
589 1111 642 1150 nos
656 1110 748 1151 unum
761 1111 870 1151 sumus.
921 1096 1027 1155 hebere
1033 1097 1219 1170 judiumltos
1230 1097 1348 1170 quidem
1362 1114 1395 1153 ex
1406 1097 1486 1153 omui
1495 1102 1576 1171 parte
1588 1099 1732 1170 carpendo

50 1191 87 1246 Tu
97 1190 129 1244 iu
141 1205 203 1256 me,
219 1189 249 1243 et
261 1203 315 1259 ego
328 1187 359 1242 in
373 1187 427 1257 eis;
443 1209 457 1238 »
479 1190 507 1242 et
520 1186 646 1243 iterum:
663 1209 678 1238 «ι
693 1187 796 1244 Omnia
806 1203 873 1243 mea
920 1190 1083 1248 occasiones
1096 1190 1276 1247 abscidimus.
1291 1191 1348 1246 Nos
1359 1206 1491 1263 supernae
1499 1207 1643 1248 memores
1653 1190 1734 1247 disci·

51 1289 96 1339 tua
108 1283 195 1348 sunt;
209 1302 225 1331 »
248 1283 278 1336 et
294 1279 423 1335 iterum:
443 1296 458 1332 a
476 1281 535 1352 ligo
551 1280 580 1335 in
596 1281 688 1350 Patre,
705 1283 734 1335 et
744 1282 827 1336 Pater
839 1279 869 1336 in
920 1282 1017 1354 ptine,
1032 1282 1256 1356 quibuscumque
1269 1283 1435 1340 cadentibus
1453 1283 1599 1340 dexteram
1612 1283 1732 1356 porrigi-

53 1392 110 1442 me;
125 1394 141 1428 x
158 1375 326 1430 etiterum:
341 1374 451 1429 «Pater
463 1372 493 1428 in
509 1389 557 1428 me
570 1388 692 1429 maneus
706 1373 774 1429 facit
784 1389 872 1445 opera
920 1390 995 1442 mus,
1008 1379 1065 1431 eta
1080 1375 1171 1431 ruine
1193 1376 1351 1449 precipitio
1367 1392 1438 1448 quos
1454 1392 1604 1449 possumus
1623 1376 1732 1432 releva-

53 1470 120 1525 bee.
140 1487 159 1520 ι
182 1469 220 1523 Et
240 1469 364 1523 loannes
384 1465 553 1538 evangelista
570 1465 633 1522 ait:
651 1483 665 1517 a
684 1467 714 1521 ln
732 1465 871 1538 principio
920 1483 986 1522 mus
999 1470 1029 1523 st
1046 1468 1219 1525 defensionis
1235 1468 1441 1525 adminiculum
1458 1469 1526 1526 totis
1541 1469 1647 1525 viribus
1663 1485 1736 1542 prae·

56 1566 111 1619 erut
122 1561 263 1629 Verbum,
279 1565 307 1616 et
325 1558 449 1615 Verbum
466 1561 527 1614 erat
539 1557 617 1630 apud
636 1559 737 1627 Deum,
752 1563 782 1615 et
797 1559 872 1613 Deus
919 1560 988 1617 bere
1002 1561 1143 1633 cupimus.
1158 1561 1240 1618 Certa
1260 1562 1283 1617 si
1300 1562 1342 1618 vel
1365 1579 1448 1619 mens
1463 1563 1499 1618 sit
1517 1562 1586 1619 recti
1605 1560 1734 1632 conada,

56 1659 112 1713 erat
125 1655 257 1712 Verbum
277 1652 363 1723 (ioco,
380 1669 401 1720 1,
414 1652 456 1725 l);
473 1672 489 1702 u
511 1655 542 1707 et
559 1651 663 1708 iterum
676 1651 737 1724 ipse
751 1651 789 1707 ad
803 1653 871 1708 Pur-
919 1653 1043 1709 vindicta
1055 1653 1160 1726 diguus
1181 1658 1226 1709 est
1244 1656 1294 1729 qui
1317 1655 1380 1711 aliis
1392 1655 1486 1711 existit
1497 1671 1584 1712 causa
1597 1654 1734 1728 periculi;

58 1750 116 1806 thos
125 1767 134 1805 t
144 1769 161 1800 a
170 1749 242 1804 Tres
254 1749 332 1814 sunt,
342 1745 446 1817 inquit,
455 1744 503 1817 qui
512 1730 909 1818 testimoniumperhibentB
920 1745 968 1818 qui
982 1761 1048 1801 vero
1063 1746 1247 1803 innocentem
1266 1748 1310 1804 vel
1332 1748 1449 1805 tratrem
1467 1763 1638 1821 quocunque
1652 1747 1734 1821 inge·

59 1844 173 1899 interra
188 1857 196 1896 ε
211 1856 296 1912 aqua,
310 1839 465 1911 sanguiset
478 1855 554 1909 caro,
569 1841 628 1894 tres
643 1840 673 1894 in
686 1838 770 1895 nobis
782 1841 849 1895 sunt
857 1856 868 1910 ς
919 1839 966 1895 nio
981 1839 1169 1912 persequitur,
1191 1840 1254 1912 ipss
1266 1840 1297 1896 in
1317 1856 1348 1895 se
1362 1841 1496 1913 jugulum
1513 1840 1614 1897 mortis
1630 1841 1737 1914 impin-

62 1941 83 1992 st
103 1940 163 1992 tres
184 1939 253 1990 aunt
272 1932 322 2005 qui
340 1931 537 1988 testimonium
556 1931 706 2003 perhibent
722 1932 754 1987 in
775 1933 869 1987 ooelot
920 1933 972 2004 git,
984 1931 1189 1988 utaitdivinus
1208 1934 1238 1987 st
1251 1932 1456 2006 beatusprseco
1470 1949 1478 1989 ι
1492 1933 1555 1990 Noti
1570 1934 1733 2004 detrahere,

61 2031 147 2097 Pater,
158 2027 293 2093 Verbum,
309 2030 338 2081 et
354 2024 483 2096 Spiritus,
502 2029 530 2080 et
543 2025 573 2080 hi
591 2030 649 2081 tres
659 2039 751 2080 uuum
764 2029 840 2081 sunt.
855 2045 870 2076 »
919 2041 956 2081 ns
968 2025 1129 2094 eradiceris,
1142 2024 1202 2082 noli
1214 2041 1357 2097 accusare,
1375 2043 1413 2082 ue
1428 2026 1578 2098 accuseris,
1588 2026 1647 2082 noli
1657 2025 1735 2098 judi-

61 2122 111 2176 Nos
124 2120 258 2193 itaquein
275 2123 378 2175 natura
399 2117 565 2188 divinitatis,
591 2118 659 2190 quia
682 2134 772 2173 unum
793 2122 869 2186 suut,
921 2134 994 2188 care,
1010 2134 1047 2174 ne
1058 2118 1208 2191 judiceris,
1227 2119 1294 2192 quia
1311 2118 1341 2174 iu
1362 2135 1421 2192 quo
1433 2120 1543 2193 judicio
1554 2120 1736 2193 judicaveris,

62 2217 146 2282 later,
174 2212 322 2279 stillim,
348 2214 377 2266 et
396 2210 516 2283 Spiritus
540 2214 662 2282 mustus,
677 2227 730 2267 uec
756 2212 871 2266 Patrem
916 2211 1092 2285 judicabitur
1109 2212 1145 2268 de
1163 2215 1201 2268 ts.
1221 2211 1311 2268 Nemo
1336 2213 1460 2269 creditur
1482 2229 1536 2269 nos
1554 2213 1647 2270 odisse
1664 2229 1736 2287 quo·

61 2308 148 2379 eiquo
161 2309 291 2378 tempure
309 2304 451 2361 credimus
468 2304 654 2376 precessisse,
674 2306 707 2360 ut
725 2305 820 2376 major
835 2304 873 2359 sit
920 2321 986 2361 mm
1009 2304 1146 2361 relations
1164 2321 1222 2361 non
1241 2305 1373 2374 laeditur,
1393 2305 1462 2362 dicit
1479 2306 1557 2362 euim
1576 2306 1736 2364 Dominus:

61 2401 141 2470 lilio,
168 2415 223 2454 nec
247 2398 349 2453 Filium
365 2401 464 2470 postea
481 2401 581 2453 natum
598 2413 659 2454 essa
677 2399 709 2452 ut
725 2396 872 2454 divinitate
920 2398 1011 2454 Omns
1024 2414 1149 2470 reguum
1171 2396 1201 2452 iu
1220 2413 1250 2455 se
1266 2397 1389 2454 divisum
1406 2413 1466 2454 non
1481 2399 1576 2468 stabit,
1596 2401 1625 2455 et
1642 2399 1738 2456 omnis

59 2494 141 2550 Patris
156 2492 328 2549 minoretur.
921 2490 1037 2547 scientia
1053 2493 1104 2546 aut
1118 2490 1220 2562 regula
1238 2491 1389 2548 adversum
1407 2508 1444 2571 se¹
1456 2492 1546 2548 divisa
1564 2508 1622 2548 uon
1642 2492 1736 2549 stabit.

85 2589 244 2652 Caetmum,
253 2585 364 2648 fratrea,
383 2583 461 2639 salvo
474 2583 505 2639 in
517 2583 650 2639 omuibus
664 2584 803 2639 Romanae
818 2583 871 2639 Ee·
922 2583 1045 2655 ldsoqus
1062 2599 1177 2641 necesse
1196 2587 1248 2655 est,
1264 2589 1297 2640 ut
1318 2585 1497 2641 concorditer
1513 2585 1639 2641 salubres
1653 2584 1738 2641 sussi-

55 2680 144 2736 clesiae
158 2676 321 2751 privilegio,
334 2677 430 2732 uultus
444 2676 679 2748 metropolitanus
695 2675 804 2748 absque
816 2692 871 2732 cu·
920 2676 1013 2750 piatis,
1033 2677 1162 2747 hortans,
1191 2677 1263 2733 nihil
1289 2693 1342 2750 par
1366 2677 1581 2734 contentionem
1608 2682 1735 2751 agentes,

54 2779 180 2828 terarum
211 2770 341 2826 omnium
368 2770 649 2841 comprovincialium
675 2769 873 2841 episcoporum
921 2769 972 2826 scd
988 2769 1025 2825 ad
1043 2786 1129 2826 omne
1152 2769 1277 2826 studium
1301 2770 1459 2827 devotionis
1481 2770 1644 2842 unanimes,
1669 2769 1739 2826 divi·

53 2865 189 2921 mannua
199 2864 360 2945 aliquorum
373 2863 471 2920 audiat
482 2879 580 2919 causas
595 2861 873 2934 eorum,quiairritas
922 2862 967 2918 uis
996 2867 1025 2919 et
1043 2863 1203 2935 apostolicis
1230 2864 1479 2921 constitutionibus
1505 2864 1639 2936 pareatis.
1668 2864 1737 2920 Data

55 2963 138 3014 erunt
154 2957 241 3013 aliter
253 2960 323 3012 acte
346 2972 435 3028 quam
454 2955 485 3011 in
507 2959 663 3029 conspectu
684 2970 785 3011 eorum
809 2971 872 3010 om·
922 2971 978 3013 xvu
995 2956 1116 3013 Kalend.
1147 2955 1284 3014 Octobris.
1303 2958 1404 3032 ldaguo
1421 2962 1450 3014 st
1463 2956 1614 3015 Camerino
1634 2971 1736 3012 consu·

53 3053 136 3108 nium
148 3049 308 3117 ventilatus,
323 3053 352 3106 st
364 3048 436 3121 ipse,
453 3048 477 3105 si
488 3049 598 3118 iecerit,
610 3052 772 3106 coerceatur
783 3064 801 3105 a
814 3048 873 3104 tra·
920 3049 1004 3106 libus.

55 3145 156 3202 tribus.

365 3348 595 3423 EPISTOLA
630 3348 768 3423 IGINII
800 3350 943 3424 PAPAE
977 3350 1043 3424 AD
1077 3351 1424 3426 ATHENIENSES.

85 3525 163 3596 rupa
173 3523 278 3579 luamus
290 3520 510 3578 Atheniensibus
523 3519 657 3575 salutem.
834 3538 846 3559 ·
880 3520 969 3609 Cqui
988 3520 1024 3576 de
1044 3520 1090 3576 dio
1108 3520 1138 3576 in
1151 3520 1228 3577 dism
1243 3521 1370 3577 animam
1379 3521 1487 3594 justam
1510 3520 1615 3595 iniquis
1639 3523 1734 3597 operi·

86 3616 176 3674 Uultu
186 3615 261 3672 mihi
274 3614 379 3671 fiducia
391 3618 435 3670 est
445 3613 524 3685 apud
535 3628 595 3682 vos,
612 3612 724 3683 batres,
740 3613 769 3668 et
781 3610 873 3666 multa
918 3614 974 3669 bus
988 3613 1162 3669 efficiebant.
1182 3613 1267 3669 Nevit
1288 3614 1360 3670 Deua
1379 3614 1442 3686 pios
1460 3615 1497 3672 de
1512 3616 1668 3673 mntahone
1683 3615 1737 3672 eri·

53 3708 187 3782 goriafio
204 3725 257 3781 pro
268 3708 356 3765 vobis.
373 3706 507 3779 ltepletus
525 3722 590 3762 sum
604 3705 809 3773 consolatione,
822 3720 869 3759 su·
919 3722 998 3778 perc,
1011 3706 1125 3778 iniquos
1135 3722 1203 3761 vero
1215 3706 1246 3761 iu
1261 3706 1340 3762 dem
1349 3705 1450 3778 judieii
1463 3708 1629 3764 cruciandos
1642 3725 1734 3766 reser-

51 3801 219 3875 perabundo
233 3802 337 3875 madio
353 3801 478 3859 mamni
494 3800 675 3856 hibulatioue
688 3802 796 3855 nostra.
812 3797 871 3853 'tri-
919 3814 997 3866 vare,
1012 3796 1103 3870 magis
1119 3802 1217 3854 autem
1234 3813 1283 3855 eos
1301 3797 1350 3870 qui
1367 3802 1432 3870 post
1450 3815 1568 3855 caruem
1581 3801 1611 3856 in
1632 3817 1734 3857 coucu-

52 3895 134 3952 buior
144 3895 225 3952 mm
235 3895 353 3967 quando
362 3896 397 3951 de
407 3894 579 3952 vobisaudio
591 3893 670 3966 quod
677 3908 736 3949 nou
748 3894 869 3963 oportet.
919 3891 1087 3965 piscantium
1095 3889 1285 3947 immundities
1293 3890 1451 3961 ambustam,
1463 3872 1733 3966 damnationemque

51 3990 190 4047 Concolor
201 4004 269 4044 vero
282 3989 394 4060 quotim
411 4004 446 4045 ea
465 3988 541 4044 iuter
563 4002 614 4042 vos
632 3985 697 4041 tisri
710 3999 871 4056 cognovero
920 3986 1118 4055 centemnunt,
1132 3984 1264 4051 audaces,
1275 3982 1329 4039 sibi
1342 3983 1484 4055 placentes
1496 3987 1587 4040 sectas
1601 4001 1661 4042 nou
1676 4002 1734 4042 me-

51 4082 220 4154 quabonos
232 4081 402 4137 christianos
420 4080 643 4152 deestixuplsre.
662 4098 677 4129 u
695 4077 796 4146 Nolite,
812 4077 870 4132 fra·
920 4080 1006 4134 tuunt
1023 4077 1127 4142 iacere,
1151 4075 1388 4148 blasphemantes.
1418 4077 1499 4132 Unde
1524 4077 1612 4134 alieni
1630 4079 1736 4136 erroris

52 4175 238 4247 basingum
257 4174 362 4231 ducere
379 4191 446 4230 cum
459 4173 632 4241 infidelibus,
647 4192 661 4222 u
683 4171 760 4226 unde
773 4171 873 4227 doctu·
920 4171 1031 4226 socium
1042 4169 1113 4225 asni
1124 4169 1389 4242 proposititramite
1405 4186 1463 4225 uon
1481 4171 1671 4240 recedentem,
1685 4175 1735 4227 aut

54 4269 188 4339 ganunm
196 4266 324 4340 loquitur
336 4268 451 4324 diceus:
467 4289 482 4319 u
491 4269 560 4332 Quas
568 4263 871 4338 participatiojustitioe
919 4263 1081 4335 apostolieae
1095 4262 1169 4318 sedis
1178 4262 1355 4335 J'ussionibus
1365 4261 1579 4320 inobedientem
1591 4265 1735 4338 suscipere

52 4377 117 4417 cum
126 4360 304 4433 iniquiaaet
321 4361 387 4432 quis
405 4365 502 4417 autem
522 4374 676 4416 cousensus
694 4356 801 4428 templo
822 4355 872 4411 Dei
920 4371 980 4411 non
989 4371 1152 4427 possumus,
1165 4354 1234 4427 quia
1245 4354 1321 4410 inter
1339 4354 1436 4412 tideles
1448 4356 1595 4412 credentes
1611 4357 1656 4413 vel
1667 4373 1733 4415 san·

53 4470 118 4509 urm
131 4453 240 4509 idolis?
253 4469 305 4509 ves
329 4452 408 4509 enim
422 4453 489 4510 estis
502 4451 642 4524 templum
657 4449 706 4506 Dei
719 4448 784 4517 vivi,
798 4448 872 4505 sicut
920 4451 1033 4504 storum
1039 4449 1156 4503 Petrum
1163 4447 1339 4520 jussionibus
1351 4447 1582 4519 obtemperantes
1593 4449 1734 4522 permitti·

54 4546 119 4602 dicit
135 4544 288 4602 Dominus.
308 4545 451 4611 Quoniam
469 4545 636 4601 inhabitabo
654 4543 685 4599 in
704 4542 771 4611 illis,
784 4541 870 4599 stin·
920 4556 996 4608 mus,
1010 4540 1078 4612 quia
1089 4540 1165 4595 inter
1176 4540 1276 4596 fideles
1293 4556 1400 4612 magua
1419 4540 1507 4596 debat
1524 4557 1586 4596 esse
1600 4541 1733 4599 diseretio

55 4638 216 4709 mbulabo,
229 4643 261 4694 et
280 4654 331 4695 ero
351 4637 469 4695 illorum
485 4639 570 4706 Deus,
589 4640 619 4693 et
631 4636 686 4709 ipsi
696 4639 780 4692 eruut
799 4633 872 4689 mihi
921 4633 1098 4689 etintidelss.
1108 4633 1138 4688 Si
1147 4633 1438 4704 Deus,irutres‚justia
1450 4649 1508 4689 non
1520 4634 1656 4706 pepercit,
1664 4635 1735 4708 quid

57 4731 175 4803 populus
192 4731 231 4800 til
240 4730 302 4788 Gor.
316 4747 355 4796 vv,
367 4732 411 4800 lt,
431 4730 485 4802 td).
504 4751 519 4784 u
535 4730 565 4787 Si
575 4729 654 4785 euim
672 4731 748 4785 Deus
761 4726 871 4800 angelis
920 4726 955 4781 de
966 4726 1048 4782 nobis
1060 4725 1256 4797 peccatoribus
1268 4725 1330 4781 tisri
1343 4725 1469 4799 putabat
1481 4727 1625 4784 custodite
1639 4744 1689 4785 vos
1698 4729 1734 4784 ab

60 4823 240 4894 pausantibus
251 4840 309 4881 usn
321 4823 460 4896 pepercit,
474 4824 526 4880 sed
533 4819 817 4879 rudentibusinterni
826 4820 872 4876 de
921 4818 1001 4875 omni
1014 4808 1233 4890 inquinamento
1245 4818 1338 4874 carnis
1350 4821 1380 4874 et
1393 4819 1528 4892 corporis,
1543 4824 1577 4875 ut
1590 4821 1660 4877 salvi
1674 4822 1734 4879 sitis

58 4919 154 4973 baama
174 4917 207 4975 in
220 4921 362 4974 tartarum
380 4917 507 4988 tradidit,
528 4914 685 4987 injudicio
701 4891 952 4971 cruciandoaDin
964 4911 1010 4968 dis
1025 4911 1164 4967 adventus
1180 4910 1302 4979 Domini,
1317 4913 1574 4970 unumautsmhoc
1584 4914 1736 4972 uonlatsat

60 5014 202 5084 iuraui
210 5019 241 5071 et
257 5014 391 5086 originali
404 5014 512 5071 mundo
521 5012 785 5086 nonpepercit,ssd
795 5015 871 5067 octa·
918 5022 978 5074 vos,
987 5006 1020 5060 ut
1028 5005 1225 5077 aithpoatolus
1233 5021 1240 5059 :
1249 5004 1422 5073 charissimi,
1433 5006 1580 5078 quiaunus
1589 5008 1651 5065 dies
1657 5010 1734 5082 apud

60 5121 119 5164 m
137 5108 199 5164 raca
220 5107 341 5179 justitias
365 5123 529 5179 preconem
550 5105 711 5173 custodmit,
733 5103 872 5161 diluuum
919 5097 1077 5155 Dominum
1088 5097 1160 5153 ucut
1173 5096 1252 5152 mille
1264 5097 1343 5168 anni,
1357 5101 1385 5154 st
1397 5098 1476 5154 mille
1488 5099 1566 5170 anni,
1576 5101 1649 5158 sicut
1661 5119 1737 5158 unus

63 5201 162 5258 nunde
171 5200 334 5274 impiorum
345 5199 494 5270 inducens,
504 5205 532 5258 et
541 5201 669 5257 civitates
682 5199 871 5256 Sodomorum
919 5191 991 5248 diss.
1001 5191 1065 5247 Non
1078 5190 1175 5247 tardat
1186 5191 1324 5247 Dominus
1336 5190 1496 5263 promissis,
1518 5192 1572 5249 ssd
1594 5195 1735 5267 patienter

64 5289 348 5349 stommbeorum
365 5288 397 5346 iu
418 5289 543 5347 cinerem
559 5288 703 5360 redigens,
725 5286 872 5344 eversione
920 5286 1066 5357 exspectat
1087 5289 1205 5357 propter
1228 5301 1289 5356 vos,
1309 5285 1414 5341 nolens
1433 5285 1545 5359 ahqum
1562 5286 1665 5358 perire,
1685 5287 1734 5342 ssd

64 5379 212 5453 duravit,
224 5382 393 5456 memphim
407 5398 509 5442 esrum
528 5381 578 5455 qui
592 5380 682 5455 impis
701 5380 792 5438 acturi
803 5381 872 5436 suut
920 5393 1022 5434 omnes
1037 5377 1280 5450 adpoenitentiam
1293 5378 1408 5435 marti.
1418 5379 1558 5435 Adveniet
1567 5381 1661 5435 autem
1674 5378 1734 5435 diss

64 5488 176 5547 pausus,
187 5475 261 5549 quid
270 5475 378 5549 putetis
390 5475 498 5549 iniquis
509 5479 539 5532 et
549 5474 646 5548 impiis
661 5472 872 5547 pemsvsrauti·
920 5470 1036 5528 Domini
1047 5475 1077 5527 ut
1086 5472 1143 5541 tur,
1156 5471 1187 5527 in
1197 5487 1256 5543 qua
1267 5471 1449 5546 submagna
1460 5473 1571 5544 impetu
1580 5469 1732 5540 transient,

64 5563 144 5627 bain
152 5569 397 5643 sumserunt
409 5569 484 5630 erut
495 5572 684 5628 iustumvcro
692 5567 745 5624 hot
757 5581 872 5638 oppres·
920 5565 1061 5622 chmenta
1073 5580 1140 5622 vero
1152 5565 1246 5622 calore
1259 5566 1413 5622 solventur.
1427 5565 1500 5621 dum
1511 5564 1572 5619 hec
1585 5579 1656 5636 ergo
1669 5579 1738 5621 om··

63 5664 349 5726 succentorum
356 5664 462 5738 ilu'uriu
474 5661 690 5722 couvsrmtione
701 5659 873 5732 eruit,asps-
919 5657 967 5714 nia
979 5658 1156 5715 dissolvenda
1167 5658 1234 5728 sint,
1250 5659 1350 5732 quales
1363 5659 1477 5730 oportet
1488 5672 1537 5711 vos
1548 5671 1609 5712 esse
1623 5657 1653 5713 iu
1668 5675 1735 5716 san·

63 5759 100 5817 tta
109 5759 191 5821 euim
201 5763 234 5819 st
252 5759 353 5821 audibi
367 5758 463 5833 iustus
484 5760 554 5829 erat,
578 5755 708 5816 bebium
728 5752 806 5827 apud
823 5768 874 5812 sos
919 5751 973 5808 ctis
984 5753 1245 5812 conversationibus
1266 5759 1296 5810 st
1311 5749 1475 5824 pietatibus,
1493 5753 1690 5823 exspectantes
1706 5758 1736 5810 et
