3870 6150
122 256 175 311 ota
572 254 713 311 APPEND.
733 257 777 311 ub
795 256 875 312 SAEC.
894 256 937 311 tx.
953 281 989 296 ·-
1006 254 1126 312 tsmotu
1142 251 1356 310 Enaesimus
1759 256 1806 311 sta

120 365 202 431 tiam,
217 378 265 419 cor
279 361 428 419 stultorum
445 360 581 417 dissimile
601 363 665 432 erit,
690 363 809 420 victimas
832 364 938 436 impio·
949 362 1124 449 Acutioues,
1150 362 1327 435 fatribusque
1351 359 1517 428 subvenire,
1547 363 1577 417 el
1602 359 1728 417 invicem
1754 378 1809 418 uon

124 474 190 512 rum
211 455 417 512 abominabiles
439 460 524 512 eruut
542 455 681 525 Domino,
712 461 775 512 vota
796 458 940 529 justorum
990 456 1188 527 invidere,sed
1201 456 1347 528 adjuvare.
1361 454 1473 526 audite,
1488 455 1619 527 inquam,
1629 454 1693 527 jam
1707 455 1806 511 tactam

122 550 281 623 placabilia.
296 549 348 615 Oui
362 551 491 622 sequitur
504 551 655 621 justitiam,
670 551 829 621 dirigitura
843 554 939 608 Domi·
991 552 1021 607 ia
1034 551 1147 607 Nicaeua
1162 551 1274 607 civitate
1288 549 1440 621 synodum,
1467 549 1513 605 cui
1531 551 1560 606 al
1581 565 1637 622 ego
1658 548 1721 621 ipse
1743 566 1807 606 con·

123 661 171 700 ιιο.
187 644 274 713 (Pron.
290 660 333 711 xv,
351 645 421 713 2-9t.
443 664 457 696 v
471 646 540 699 ltcm
551 644 618 700 alibi
634 660 640 700 :
663 665 676 697 u
690 644 776 701 Labie
788 646 857 716 justi
870 664 939 702 con·
991 646 1117 701 scientiae
1131 661 1204 701 meac
1224 644 1332 698 cultum
1348 643 1483 699 decenter
1503 642 1621 699 exhibui
1642 642 1716 699 nihil
1735 644 1809 700 aliud

122 738 248 793 siderant
264 738 373 810 placita,
391 754 421 794 os
432 737 588 809 impiorum
601 755 734 811 perversa
745 742 832 811 (Pron.
844 758 871 809 x,
883 740 939 813 32),
990 741 1086 795 rolens
1100 756 1186 812 quam
1198 738 1380 794 concordiam
1395 737 1527 793 omnibus
1542 737 1696 804 fabricare,
1719 740 1747 792 et
1760 753 1809 808 per

123 832 287 903 simplicitas
297 832 442 903 justorum
454 831 661 903 dirigeteos,et
674 833 865 906 supplantatio
878 851 941 908 per·
991 834 1099 889 cunctis
1120 848 1240 906 arguere
1255 835 1283 887 ct
1296 847 1442 888 removere
1465 831 1538 886 banc
1554 830 1756 887 insidiantium
1768 831 1807 887 al·

122 941 268 981 versorum
285 925 407 981 vastabit
424 942 493 993 cos;
515 927 626 996 jusiitia
645 930 790 984 rectorum
809 929 942 986 tibembit
990 927 1184 994 tcrcalioncm,
1202 943 1274 998 quas
1296 925 1478 997 providentes
1497 924 1589 980 sancti
1611 927 1722 993 Patres,
1742 925 1806 980 insi·

123 1035 182 1087 eos,
197 1023 225 1076 cl
239 1019 269 1075 in
288 1019 398 1075 insidiis
416 1019 472 1074 suis
491 1020 641 1090 capientur
655 1021 745 1093 iniqui
760 1040 768 1091 ;
789 1023 882 1094 justus
906 1026 941 1080 do
991 1022 1062 1088 dias,
1076 1026 1104 1077 ot
1119 1021 1231 1075 illicitas
1246 1019 1445 1075 altercationes
1457 1017 1808 1090 unanimiterinproedicta

122 1113 938 1189 augustialiborabitur,ettradeturimpiusproao.Simu·
990 1115 1104 1171 Nicaeae
1122 1117 1286 1169 statuerunt
1300 1112 1417 1185 synodo,
1434 1119 1466 1168 ul
1483 1113 1578 1168 nullus
1593 1112 1745 1184 episcopus
1756 1111 1808 1168 uisi

123 1208 195 1263 lutor
211 1223 260 1261 ore
275 1207 380 1277 decipit
397 1208 520 1263 amicum
540 1225 635 1277 sotim,
647 1210 717 1281 justi
729 1215 825 1266 erilem
839 1211 940 1267 libera·
991 1209 1020 1264 in
1035 1208 1165 1281 legitima
1179 1207 1287 1280 synodo
1300 1213 1328 1262 ct
1342 1223 1393 1262 suo
1408 1210 1538 1278 tempore
1551 1205 1709 1279 apostolica
1721 1209 1808 1261 aucto

123 1303 230 1357 buntur
242 1301 367 1370 scientia,
383 1301 412 1356 iu
424 1301 507 1358 bonis
520 1303 663 1374 justorum
680 1305 812 1361 exaltabit
831 1305 939 1375 civitas,
988 1303 1074 1359 ritate
1089 1307 1253 1368 convocata,
1270 1317 1357 1373 super
1371 1300 1541 1373 quibusdam
1562 1299 1808 1356 criminationibus

125 1397 190 1451 etin
200 1395 586 1468 perditioneimpiorumeril
595 1399 729 1468 laudatio,
740 1400 940 1456 benedictione
991 1398 1118 1469 pulsatus
1133 1395 1275 1464 audiatur,
1295 1395 1324 1451 id
1346 1399 1397 1462 est,
1414 1394 1568 1467 judicetur,
1589 1394 1634 1449 vel
1648 1395 1806 1461 damnetur,

119 1491 264 1561 justornm
275 1490 445 1546 exallabitur
457 1491 553 1546 civiles
564 1492 653 1561 (Pron.
665 1496 840 1561 x1‚a‚5‚a,8‚
852 1498 905 1560 11).
925 1515 939 1544 s
991 1490 1039 1547 Sin
1053 1491 1135 1546 aliter
1147 1494 1354 1561 praesumptum
1369 1506 1386 1544 a
1402 1488 1576 1561 quibusdam
1599 1488 1699 1556 luerit,
1717 1488 1748 1544 iu
1762 1505 1806 1543 va·

122 1585 178 1639 Nec
191 1583 385 1650 consideratis,
407 1584 456 1656 qui
471 1585 571 1639 iratres
587 1586 719 1657 persequi
734 1603 793 1641 non
816 1588 939 1656 cassatis,
992 1601 1061 1639 num
1076 1584 1231 1639 deducatur
1251 1583 1319 1655 quid
1339 1583 1459 1654 egerint,
1482 1599 1535 1638 nec
1550 1581 1741 1638 ecclesiastica
1753 1582 1806 1638 ullo

122 1677 216 1749 qualia
233 1678 283 1734 lob
307 1678 530 1749 patientissimus
552 1678 627 1733 inter
648 1683 751 1734 catera
764 1697 879 1735 exorsus
897 1680 938 1735 lo·
991 1676 1076 1733 modo
1090 1676 1308 1749 reputabuntur.
1328 1676 1383 1747 lpsi
1395 1693 1462 1731 vero
1477 1676 1578 1747 primae
1597 1675 1673 1732 sedis
1688 1676 1805 1732 ecclesio

124 1773 241 1844 quitur:
261 1793 275 1822 «
291 1772 374 1827 Auris
392 1773 510 1828 audieus
523 1772 706 1828 beatificabat
721 1790 768 1830 me
790 1778 826 1830 el·
844 1749 979 1830 oculusss
991 1770 1237 1826 convocandarum
1253 1769 1430 1841 generalium
1443 1770 1692 1841 synodorumjura
1702 1769 1804 1841 etjudi

121 1867 218 1922 videns
234 1865 431 1921 testimoninm
445 1867 580 1922 reddebat
589 1867 670 1935 mihi,
685 1868 762 1940 quod
776 1869 942 1926 liberassem
991 1864 1034 1920 cia
1052 1864 1252 1936 episcoporum
1272 1863 1411 1935 singulari
1426 1863 1576 1935 privilegio
1592 1863 1764 1935 evangelicis
1779 1867 1803 1919 el

122 1976 282 2033 pauperem
295 1960 514 2028 vociferantem,
531 1964 560 2015 ct
574 1961 715 2033 pupillum
735 1963 781 2016 cui
795 1979 853 2018 non
867 1967 942 2018 esset
990 1958 1160 2031 apostolicis,
1173 1963 1257 2029 atque
1266 1957 1409 2013 canonicis
1422 1973 1555 2013 concessa
1573 1959 1642 2013 sunl
1657 1957 1800 2027 institutis,

122 2056 245 2127 adjutor,
258 2053 420 2111 benedictio
435 2054 553 2126 perituri
577 2071 725 2127 superma
747 2056 888 2123 veniebat,
912 2060 942 2112 et
991 2052 1061 2126 quia
1074 2067 1187 2123 semper
1207 2051 1331 2121 majores
1351 2067 1443 2106 causae
1466 2051 1613 2107 adsedem
1627 2050 1800 2123 apostolicam

121 2167 169 2204 cor
181 2149 274 2204 viduas
287 2149 449 2202 consolatus
463 2164 536 2217 sum,
556 2148 668 2218 justitia
682 2148 798 2203 indutus
817 2166 892 2220 sum,
913 2154 942 2207 et
992 2145 1089 2202 multis
1103 2144 1318 2200 auctoritatibus
1330 2143 1434 2200 referri
1441 2147 1593 2217 praeceptce
1602 2150 1680 2212 sunt,
1691 2160 1743 2200 nec
1752 2144 1798 2200 ullo

123 2242 220 2298 vestivi
241 2258 288 2296 me
313 2241 385 2297 sicut
400 2241 579 2309 vestimento,
605 2245 634 2296 el
656 2241 818 2298 diademate
832 2243 940 2315 judicio
991 2238 1076 2294 modo
1090 2243 1184 2310 potest
1197 2239 1287 2309 major
1307 2256 1325 2293 a
1336 2239 1448 2294 minore
1458 2238 1593 2310 judicari,
1609 2238 1672 2310 ipsa
1685 2253 1797 2310 namque

124 2352 198 2392 meo.
221 2334 324 2390 Oculus
347 2333 387 2388 fui
411 2350 496 2402 caeco,
523 2336 552 2389 et
578 2351 630 2405 pes
643 2335 753 2390 claudo.
772 2338 852 2392 Pater
862 2353 941 2393 eram
991 2333 1125 2389 omuibus
1142 2326 1238 2402 ‘maior
1253 2335 1282 2387 el
1306 2332 1426 2404 praelata
1448 2337 1492 2388 est
1515 2331 1651 2400 ecclesiis,
1674 2348 1738 2406 qua
1752 2347 1795 2386 uou

4 2432 10 2437 '
122 2428 942 2501 pauperum,etecusamquamnesciebamdiligentissime
992 2426 1172 2483 solummodo
1192 2442 1333 2482 canonum
1355 2430 1519 2482 sanctorum
1538 2428 1658 2482 Petrum
1680 2425 1793 2490 decreu's,

122 2522 337 2594 investigabam.
348 2521 537 2577 conterebam
552 2522 639 2577 molas
651 2522 752 2595 iniqui,
766 2526 795 2578 et
808 2523 842 2579 de
852 2523 943 2580 denti·
992 2520 1042 2577 sed
1057 2520 1167 2576 Domini
1188 2520 1337 2576 salvatoris
1353 2521 1442 2577 nostri
1456 2537 1524 2576 voce
1539 2519 1720 2592 singularem
1734 2518 1791 2576 obli·

122 2618 175 2675 bus
190 2617 265 2671 illius
279 2616 444 2671 auferebam
462 2615 588 2686 praedam
602 2617 659 2684 (lob
675 2633 748 2682 xxix,
765 2617 865 2687 11-11),
880 2639 894 2666 »
913 2621 943 2673 et
992 2614 1055 2670 nuit
1066 2614 1272 2687 principatum.
1296 2636 1310 2664 «
1324 2616 1365 2670 Τιι
1383 2632 1423 2683 es,
1437 2615 1540 2687 iuquit,
1556 2616 1668 2683 Petrus,
1684 2617 1713 2669 et
1724 2628 1791 2687 super

123 2711 298 2781 paulopost:
324 2729 338 2758 «
352 2708 380 2764 Si
395 2708 505 2780 negavi,
520 2709 622 2781 inquit,
637 2710 713 2781 quod
726 2711 858 2765 volebant
870 2727 940 2783 pau·
991 2708 1065 2765 banc
1076 2711 1188 2780 petram
1201 2708 1345 2764 aedificabo
1359 2708 1514 2764 Ecclesiam
1529 2724 1636 2777 uveam,
1655 2730 1670 2759 u
1690 2711 1719 2764 et
1738 2705 1789 2762 reli·

122 2803 248 2875 peribus,
266 2806 293 2857 et
311 2802 408 2857 oculos
424 2803 516 2858 viduae
530 2807 693 2873 exspectare
707 2804 771 2859 ieci.
787 2804 816 2859 Si
831 2805 942 2863 comedi
991 2818 1057 2874 qua.
1083 2803 1116 2858 Et
1146 2823 1160 2852 u
1174 2802 1363 2875 quodcunque
1394 2802 1527 2874 ligaveris
1546 2818 1634 2874 super
1658 2804 1756 2859 terram
1770 2803 1789 2854 et

122 2900 279 2956 buccellam
293 2915 387 2955 meum
400 2899 485 2969 solus,
508 2904 537 2954 et
552 2916 609 2955 uon
623 2901 747 2956 comedit
768 2902 895 2973 pupillus
908 2916 942 2960 ex
992 2894 1116 2962 mlieris.
1138 2898 1225 2951 erunt
1242 2895 1374 2966 11811ῐᾶ91
1395 2896 1487 2950 3011118
1506 2895 1537 2951 in
1556 2895 1627 2951 eoelo
1651 2899 1681 2951 ei
1694 2895 1723 2950 in
1734 2898 1788 2949 11111

124 3011 168 3062 ca,
191 2993 259 3064 quia
279 2992 316 3047 ab
338 2991 455 3047 infantia
469 3008 534 3047 mea
553 2993 640 3048 crevit
655 3010 767 3049 mecum
785 2995 940 3063 miseratio,
992 2989 1174 3061 (Moturum,
1187 2989 1299 3060 111,19).
1313 3011 1325 3041 u
1342 2990 1431 3045 Porro
1442 2990 1549 3045 dudum
1563 2989 1787 3060 asanctisaposto

124 3087 201 3144 etde
215 3091 295 3142 utero
313 3103 429 3159 egressa
447 3090 489 3141 est
512 3103 627 3142 mecum
648 3087 790 3158 (Jobxrxv,
807 3091 909 3159 111-18).
925 3111 940 3140 a
951 3082 1036 3207 Clis,
1077 3082 1344 3154 successoribusque
1369 3099 1471 3138 coriam
1500 3081 1670 3154 iupraeiatis
1688 3077 1786 3153 annuis

122 3181 193 3235 Nam
208 3180 231 3235 si
243 3180 353 3252 quises
366 3182 442 3234 recto
454 3180 552 3235 omnia
564 3181 787 3237 consideraverit
799 3183 880 3238 ocrrlo
895 3200 943 3239 ne·
993 3177 1140 3233 decretum
1162 3177 1256 3232 fuerat
1282 3177 1403 3244 stabulis.
1431 3193 1497 3249 quae
1520 3177 1660 3232 haetenus
1677 3176 1785 3232 sanciti

123 3290 267 3347 quaquam
285 3272 419 3329 fratribus
439 3289 541 3328 nocere
574 3273 624 3329 sed
641 3274 760 3330 liberare
774 3275 940 3344 festinabil3
991 3270 1156 3327 universalis
1173 3271 1328 3343 apostolica
1344 3274 1424 3327 tenet
1443 3269 1577 3338 Ecclesia,
1604 3287 1664 3328 nou
1679 3271 1785 3344 oportett

122 3367 189 3444 quia
204 3365 275 3422 nibil
288 3365 412 3422 deterius
425 3368 477 3434 est,
494 3382 580 3438 quiam
592 3367 665 3423 cives
679 3367 787 3423 civibus
803 3369 940 3440 invidere,
992 3368 1097 3438 preter
1111 3365 1282 3421 seutentiam
1300 3365 1424 3421 Romani
1445 3364 1588 3439 pontilicis
1606 3364 1725 3421 coucilia
1733 3361 1783 3419 cele

124 3466 153 3518 et
177 3461 277 3518 iratres
293 3459 429 3516 iratribus
449 3459 575 3515 insidiari
589 3465 639 3516 ant
653 3461 810 3518 calumnias
836 3463 940 3520 locere.
992 3459 1080 3527 brari,
1105 3474 1156 3514 uec
1175 3458 1340 3531 episcopum
1365 3459 1505 3529 damnari,
1531 3458 1784 3532 quoniamssncou

123 3555 235 3613 Talibus
260 3555 339 3609 euim
365 3553 505 3626 refragari
534 3553 659 3611 volentes
685 3554 813 3624 insidiis,
847 3558 943 3614 Patres
992 3552 1784 3624 Romanamnutedamprematumomniumeectesunu

124 3649 212 3704 suncti
221 3648 363 3720 synodum
373 3650 941 3721 congregaveruntgeneraleminNicaea,
992 3663 1054 3702 esse
1076 3647 1239 3702 voluerunt.
1265 3648 1299 3703 Et
1322 3646 1395 3703 sicut
1418 3649 1519 3703 beatus
1541 3649 1642 3704 Petrus
1666 3642 1784 3721 apostola·

123 3744 209 3798 vitam
223 3742 366 3814 corrigere
375 3742 524 3798 bominum
538 3743 684 3814 cupientes
694 3743 724 3799 iu
734 3744 856 3800 Ecclesia
869 3760 943 3800 corn·
992 3741 1102 3812 primus
1116 3740 1170 3796 tuit
1181 3740 1311 3796 omnium
1326 3742 1531 3814 apostolorum,
1547 3741 1589 3796 ila
1606 3747 1635 3798 et
1645 3742 1704 3796 haec
1718 3736 1785 3795 liade

124 3837 312 3907 morantium,
331 3837 396 3893 licet
408 3836 516 3892 dudum
533 3836 663 3892 instituta
673 3843 838 3894 sanctorum
852 3839 943 3895 multa
993 3834 1091 3890 siasno
1106 3832 1224 3890 nomine
1237 3838 1413 3905 consecrata,
1425 3835 1548 3892 Domino
1561 3834 1732 3901 instituente
1740 3828 1783 3904 pri·

123 3933 361 3997 Petrum,esseut
383 3930 554 4001 conscripta,
584 3936 742 4002 posuerunt
761 3932 848 4004 leges,
873 3948 942 4003 quas
992 3932 1101 3984 malum
1123 3929 1508 4000 caputsitcaeterarum;et
1528 3929 1648 3986 adeam
1672 3919 1784 4001 quodid

125 4041 219 4081 sacros
232 4039 354 4081 canonas
367 4023 555 4095 appellamus,
570 4023 672 4094 quibus
686 4025 772 4079 molta
789 4040 943 4096 perneces·
991 4021 1102 4094 apicem
1122 4039 1221 4078 ornnes
1244 4023 1368 4094 majores
1393 4023 1520 4079 ecelesiae
1541 4040 1634 4080 causae
1659 4028 1688 4080 et
1700 4016 1784 4096 judicit

125 4116 197 4172 saria
211 4117 246 4171 od
260 4118 364 4171 scutum
379 4114 508 4170 Ecclesiae
522 4120 627 4172 sancte
638 4117 697 4183 Dei,
717 4120 746 4172 et
759 4119 941 4189 supplemen·
992 4116 1189 4188 episcoporum
1215 4123 1379 4186 recurrant,
1413 4117 1529 4189 ejusque
1547 4118 1632 4189 juxta
1653 4114 1785 4174 usuum

125 4217 186 4265 tum
196 4209 393 4264 columnarum
407 4208 478 4278 ejus,
491 4207 520 4262 id
533 4213 585 4277 est,
600 4208 800 4281 episcoporum
814 4211 864 4283 qui
877 4227 942 4268 eam
992 4213 1110 4266 sumant
1123 4212 1456 4279 seutentiam,uecextm
1475 4213 1640 4268 Romanum
1651 4210 1785 4285 quicqum

126 4301 249 4374 propriis
270 4300 398 4357 humoris
422 4303 545 4371 gestant,
571 4305 639 4356 sunt
661 4302 783 4372 decreta,
807 4309 836 4360 et
856 4321 941 4360 nocu·
992 4320 1025 4359 cx
1041 4304 1086 4360 bis
1100 4304 1205 4361 debere
1217 4305 1333 4362 decerni
1354 4305 1528 4377 pontificem,
1542 4311 1685 4378 quatenus
1698 4299 1787 4361 nmib

125 4398 224 4451 niente
238 4410 337 4449 eorum
353 4392 495 4464 prohibita
510 4409 516 4448 :
533 4393 572 4448 ilo
587 4397 618 4449 ul
629 4395 679 4467 qui
695 4397 763 4452 talia
779 4413 864 4468 egere
878 4402 941 4455 ten·
992 4402 1132 4470 proterve,
1144 4399 1485 4472 etprolibituquisquam
1495 4399 1670 4473 suoproprio
1681 4393 1787 4455 aalma.

125 4488 256 4558 laverint,
273 4485 378 4570 auleis
403 4502 507 4543 nocere
532 4490 778 4561 presumpserint,
802 4491 1153 4579 siquidcmeuibnsque
1191 4492 1435 4564 metropolitanus,
1468 4493 1541 4549 sicul
1577 4510 1665 4566 agere
1692 4488 1790 4549 olchete

125 4582 219 4637 clos-ici
233 4581 368 4638 suerinlo
382 4580 497 4654 proprio
513 4582 603 4653 gradu
615 4581 754 4652 decidant,
768 4585 869 4640 sivero
884 4602 944 4643 mo·
992 4585 1076 4640 liceat
1085 4585 1245 4642 inconsulto
1262 4587 1389 4641 Romano
1403 4587 1547 4659 pontitice,
1560 4592 1612 4644 aut
1624 4587 1738 4661 majores
1747 4581 1790 4637 Et*

124 4676 207 4731 nachi
227 4682 276 4731 ant
295 4675 358 4732 laici
379 4675 497 4741 luerint,
521 4676 811 4734 anathematizentur.
836 4680 943 4744 Quibus
993 4678 1084 4734 etesia
1094 4695 1191 4734 causas
1205 4680 1368 4747 deturbare,
1380 4684 1429 4736 ant
1443 4681 1592 4754 episcopos
1601 4666 1793 4747 namnetensi

125 4769 226 4824 armati
245 4769 381 4842 exemplis
400 4775 533 4841 oportere
549 4770 678 4827 arbitrati
691 4789 789 4827 sumus
802 4772 837 4827 ab
850 4774 942 4828 omni-
992 4773 1139 4828 communi
1160 4778 1265 4829 sanctae
1291 4775 1425 4830 nomana
1447 4775 1526 4832 Sedis
1540 4775 1669 4848 episcopi
1681 4770 1792 4832 maulim

124 4862 304 4932 potentillae
324 4862 463 4936 inspirati,
482 4866 516 4918 ut
540 4864 614 4919 banc
630 4882 780 4921 accensam
794 4865 942 4924 discordia
993 4871 1022 4922 et
1032 4867 1164 4922 concordi
1178 4869 1288 4924 actione
1300 4884 1420 4942 qumque
1434 4874 1501 4926 suut
1510 4869 1616 4927 Christi
1629 4871 1688 4926 zelo
1698 4861 1796 4941 agend»

45 4962 49 4969 '
124 4957 271 5011 tlammam
279 4957 446 5028 extinguere
461 4957 613 5028 apostolica
626 4959 780 5015 debeamus
796 4961 943 5017 auctorita·
993 4960 1152 5032 disponant,
1167 4961 1396 5035 unanimiterque
1410 4941 1487 5019 recle
1502 4963 1639 5034 mutiana
1653 4968 1683 5019 et
1697 4979 1727 5018 ea
1737 4963 1797 5032 φῦ

124 5056 163 5117 te,
179 5052 277 5104 etnon
299 5049 454 5105 concedere
475 5066 539 5106 earn
562 5051 679 5108 ulterius
701 5054 811 5110 animas
830 5054 942 5127 depasci
992 5054 1134 5110 senserint
1153 5071 1212 5110 non
1228 5055 1340 5110 sibimet
1354 5055 1551 5130 discrepando,
1565 5058 1615 5115 sed
1629 5058 1687 5114 Deo
1703 5050 1797 5130 plaoil⁸

125 5144 274 5199 humanas.
287 5144 467 5216 Quapropter
486 5160 543 5200 una
557 5162 623 5202 cum
637 5147 769 5204 omnibus
780 5149 942 5220 apostolicas
991 5147 1149 5219 perliciant.
1165 5149 1210 5204 Est
1226 5150 1311 5205 etiam
1324 5149 1354 5206 in
1362 5149 1426 5222 jam
1436 5151 1495 5207 iata
1505 5151 1618 5209 Nicaeae
1630 5147 1798 5210 concordii&E

123 5237 259 5309 subjectis
272 5237 425 5305 sancimus,
441 5255 478 5294 ne
492 5240 643 5313 quisquam
657 5241 792 5313 deinceps
804 5242 940 5298 Christia·
990 5245 1130 5296 statutum
1154 5242 1272 5313 synodo,
1299 5247 1331 5299 nt
1355 5248 1533 5301 accusatores
1559 5249 1590 5302 et
1613 5244 1794 5304 ssoctvsalions⁶

123 5348 230 5390 uorum
242 5331 311 5387 talia
323 5337 498 5404 perpetrare,
511 5337 560 5389 aut
570 5335 710 5407 episcopis
719 5340 827 5391 temere
838 5352 941 5393 nocere
991 5350 1062 5406 quas
1082 5334 1175 5390 saeculi
1187 5334 1265 5407 leges
1278 5353 1337 5392 uon
1350 5337 1508 5395 admittunt
1526 5355 1544 5394 a
1558 5337 1725 5398 sacerdolali
1734 5335 1792 5391 tur

124 5430 289 5497 praesumat,
305 5442 370 5481 cum
384 5426 525 5483 etdoctor
537 5427 678 5499 gentium,
698 5428 823 5499 idipsum
844 5429 940 5501 prohi-
991 5427 1066 5483 ditus
1084 5429 1172 5485 averti
1191 5435 1373 5486 nocrimeuto.
1401 5433 1504 5489 «Eece
1527 5433 1633 5508 (iuquit
1657 5420 1787 5506 emphasi

118 5519 200 5586 beat,
213 5518 328 5575 dicens:
349 5520 524 5577 «saniorem
537 5537 574 5576 ue
588 5520 788 5593 increpaveris,
799 5522 849 5578 sed
863 5522 941 5579 obse
992 5537 1078 5593 quam
1095 5522 1202 5577 bonum
1225 5530 1254 5580 et
1269 5541 1355 5594 quam
1366 5524 1528 5596 jucundum
1537 5527 1679 5599 habitare,
1693 5528 1786 5586 mue,

123 5626 172 5667 cra
192 5615 225 5668 ut
245 5616 356 5683 patrem
371 5613 394 5684 (1
414 5616 483 5670 Tim.
501 5631 528 5681 v,
551 5615 574 5686 1)
595 5634 609 5663 »
630 5618 660 5670 et
682 5616 808 5689 reliqua;
831 5616 941 5675 bonum
990 5615 1784 5691 inunum!»tesat.cxxxu,t.)1ttivasosonuum
1830 5642 1832 5647 ·

122 5708 301 5777 actuumque
320 5708 418 5779 procul
443 5707 542 5776 dubio,
569 5713 599 5764 et
622 5709 754 5766 omnibus
775 5710 940 5769 timentibus
989 5709 1136 5780 bobium,
1174 5712 1225 5784 qui
1251 5728 1269 5767 a
1292 5711 1415 5769 fratrum
1443 5730 1474 5771 se
1497 5714 1599 5773 solatio
1623 5712 1785 5775 ubuum
1829 5730 1832 5745 ¹

119 5795 209 5859 mum
226 5795 423 5868 desiderabile,
436 5802 568 5860 cohibere
585 5802 783 5873 disseminate,
806 5809 834 5864 et
852 5806 936 5865 alter·
988 5808 1039 5860 aut
1059 5804 1192 5861 neumas
1212 5804 1328 5864 insidias
1351 5811 1528 5882 preparant.
1550 5809 1618 5871 usa
1639 5810 1785 5873 mmm
1830 5824 1832 5831 '
