3870 6150
210 255 244 308 75
674 251 814 306 eluunt).
835 251 879 307 su
897 249 975 306 SAEC.
998 251 1040 306 lX.
1054 279 1088 290 —-
1108 251 1229 307 rsruuur
1248 250 1458 307 santhratus
1854 258 1887 311 76

210 359 481 433 pseudo-prophetae
490 355 628 427 exierunt,
639 357 669 413 in
677 358 755 415 hunc
764 358 904 415 mundum
915 357 937 429 (1
942 362 1020 414 loca.
1033 361 1103 446 Ain
1112 376 1207 416 servos
1220 375 1299 416 meos
1311 359 1473 432 prophetas,
1487 373 1551 415 ecce
1566 360 1676 416 adsum.
1691 361 1725 417 Et
1737 361 1810 418 alius
1824 380 1887 436 pro

211 471 242 524 ιι,
256 452 396 525 rs;1v‚r).
412 474 425 502 ιι
440 452 475 507 Et
487 451 592 506 Paulus
603 453 747 524 apostolus
761 471 768 509 ε
785 473 799 506 o
814 452 936 524 Tempus
946 451 1024 508 enim
1072 454 1180 526 pheta:
1198 472 1211 506 s
1226 453 1305 510 Sicut
1316 457 1359 510 est
1373 453 1408 509 ab
1420 452 1502 508 initio
1525 469 1614 526 usque
1630 454 1661 510 in
1674 456 1824 525 saeculum,
1838 473 1887 514 ne-

211 547 296 603 breve
317 549 360 601 est
378 544 401 616 (1
425 547 484 604 Coc.
510 560 557 615 vn,
580 546 636 617 29).
660 547 726 601 »Et
745 545 872 601 iterum:
896 544 1025 602 Praeterit
1073 563 1129 620 que
1143 546 1286 620 adjectum
1298 550 1340 602 est
1353 547 1389 617 ei,
1399 563 1491 619 neque
1503 546 1649 603 minuetur
1662 546 1703 603 illi
1715 548 1808 618 (Eecla'.
1822 566 1887 620 mu,

211 640 288 697 enim
311 638 403 710 ligura
426 637 512 710 hujus
530 639 633 693 mundi
658 637 751 711 litia,
777 640 819 707 tlt
848 655 890 693 :v
915 640 949 695 Et
972 637 1023 694 itc-
1073 640 1132 710 21),
1164 661 1177 690 ι
1202 640 1339 712 quoniam
1358 639 1418 712 ipse
1435 643 1478 695 est
1502 639 1639 695 Dominus
1661 645 1800 697 creaturae
1819 659 1886 699 sun.

209 749 274 789 rum
288 749 295 788 :
309 731 412 788 Omnia
432 732 468 787 ad
482 730 687 788 correctionem
702 735 833 788 nostram
853 731 928 786 lacta
947 735 1023 801 sunt,
1073 734 1143 789 Ecce
1156 733 1241 805 quale
1253 733 1372 788 verbum
1382 733 1539 788 breviatum
1548 733 1615 790 lecit
1628 735 1767 790 Dominus
1776 735 1807 790 in
1822 736 1888 792 orbe

208 827 239 883 in
250 843 321 900 quos
336 826 407 881 fines
420 826 588 881 seculorum
605 826 790 881 obvenerunt.
802 825 875 880 Nam
889 825 1024 880 Dominus
1074 830 1226 896 terrarum,
1240 842 1298 882 non
1312 826 1390 899 quia,
1406 832 1437 882 ut
1449 826 1491 883 illi
1503 830 1615 898 putant,
1630 826 1800 886 interiorem
1813 830 1889 887 Patri

209 920 241 976 in
253 919 315 992 ipsa
335 918 461 975 oratione
476 917 626 973 Dominica
652 917 788 974 breviavit
806 917 891 974 nobis
913 934 1023 974 sermo-
1073 920 1220 977 intimaret
1241 919 1406 976 hominibus
1430 919 1543 989 Filium,
1564 921 1614 977 sed
1635 920 1684 995 qui
1706 922 1889 979 novissimum

211 1012 368 1082 nem,dum
378 1028 430 1067 nos
440 1010 812 1084 amultiloquioprohibens,
824 1028 915 1083 pauca
925 1012 1025 1068 docuc·
1075 1014 1135 1085 ejus
1150 1012 1332 1068 annuntiaret
1349 1012 1513 1069 adventum.
1533 1013 1563 1070 Si
1576 1029 1656 1087 ergo,
1675 1018 1706 1070 ut
1717 1014 1889 1088 praedictum

210 1104 483 1178 ritqumpertiuent
500 1105 680 1160 adsalutem.
703 1104 882 1164 Cumoratis
902 1104 1023 1178 (inquit),
1075 1110 1127 1176 est,
1145 1108 1240 1161 Aaron
1258 1105 1310 1160 filii
1331 1105 1564 1178 presbyterormn
1581 1105 1703 1178 figuram
1724 1107 1888 1180 gestabant,

213 1222 226 1251 ιι
243 1199 331 1255 nolite
345 1199 468 1254 multum
481 1197 559 1270 loqui
572 1198 679 1268 (Docta.
694 1214 732 1266 vr,
746 1197 782 1270 7).
796 1217 809 1249 ι
821 1199 855 1254 Et
864 1197 938 1254 infra
950 1215 957 1253 :
971 1200 1025 1254 Vos
1075 1200 1210 1255 etheron
1232 1198 1338 1254 summi
1357 1199 1521 1269 sacerdotis,
1535 1198 1564 1255 id
1577 1204 1619 1256 est
1635 1199 1770 1272 episcopi,
1783 1201 1891 1273 htoyses

211 1290 1025 1365 autemcumoratis,dlcite:«paternosterquiesincoelis
1075 1290 1375 1348 indubitanterChristi
1384 1291 1787 1365 tenebatformam,quoniam
1796 1293 1891 1350 fuitsi·

210 1388 292 1450 ibid„
308 1387 345 1460 9),
357 1407 371 1437 s
383 1387 437 1442 etc.
447 1386 509 1440 Non
521 1384 598 1440 enim
608 1384 750 1458 propheta
757 1383 858 1440 Filium
872 1385 920 1440 Dei
929 1385 960 1440 in
970 1385 1025 1440 hoc
1075 1385 1207 1441 mititudo
1220 1384 1385 1441 mediatoris
1398 1385 1512 1442 Domini
1525 1385 1586 1454 Dei,
1599 1384 1650 1459 qui
1662 1387 1790 1443 estinter
1799 1388 1890 1444 Deum

211 1481 335 1553 capitulo
355 1480 529 1535 minoratum
547 1477 706 1550 designavit
722 1478 752 1533 in
768 1479 867 1547 verbo,
888 1477 1025 1551 quoniam
1075 1483 1104 1534 et
1115 1478 1266 1535 honrinem
1277 1480 1356 1534 lesus
1367 1478 1503 1550 Christus,
1513 1479 1765 1552 quiestverusdux
1773 1481 1892 1553 populo

212 1574 321 1646 ipsein
349 1572 495 1646 prophetis
521 1575 597 1628 retro
623 1575 752 1643 tempore
771 1571 956 1644 loquebatur,
977 1571 1025 1644 qui
1075 1571 1891 1647 rum,etverusprincepssacerdotum,etDominasponti-

212 1666 298 1723 etiam
310 1683 387 1722 nanc
399 1682 450 1739 per
464 1665 607 1738 apostolos
624 1667 653 1720 et
669 1664 835 1737 apostolicos
846 1664 923 1720 viros
936 1664 1026 1720 novis·
1075 1665 1173 1733 sicum,
1190 1665 1236 1721 cui
1248 1668 1291 1723 est
1303 1667 1437 1722 honoret
1451 1665 1542 1738 gloria
1557 1665 1587 1722 in
1596 1667 1698 1723 secula
1710 1666 1889 1724 saeculorum.

214 1759 286 1816 simo
307 1764 436 1833 ternpore
451 1758 587 1833 loquitur.
608 1759 668 1830 Ego
689 1758 800 1831 (inquit)
822 1758 870 1831 qui
889 1743 1178 1832 loquebarBAmen.

567 2026 783 2101 EIUSDEM
809 2025 1049 2100 ANACLETI
1075 2026 1306 2100 EPISTOLA
1331 2028 1535 2100 ALTERA.

213 2167 261 2232 De
272 2166 474 2251 patriarchis
493 2173 525 2230 et
538 2166 737 2248 primatibus
755 2185 794 2231 ac
813 2167 949 2249 reliquis
967 2167 1143 2248 episcopas·
1158 2174 1190 2230 et
1202 2166 1293 2248 quod
1304 2167 1452 2234 Ecclesia
1465 2168 1615 2234 Domana
1629 2169 1729 2233 cardo
1750 2179 1783 2236 et
1796 2181 1896 2255 capnt

825 2247 974 2310 omnium
987 2245 1213 2312 Ecclesiamm
1224 2247 1278 2311 sit.

247 2396 405 2453 harmarus
420 2408 516 2450 servus
527 2392 631 2451 Christi
644 2394 720 2464 lesu,
736 2393 766 2449 in
780 2394 936 2466 apostolica
953 2393 1027 2450 Sede
1075 2410 1093 2448 a
1111 2394 1196 2450 beato
1215 2396 1299 2450 Petro
1321 2394 1486 2467 apostolico,
1507 2399 1536 2451 et
1553 2395 1699 2470 areliquis
1719 2399 1893 2471 apostolicis,

213 2506 229 2545 a
247 2487 369 2545 Domino
389 2485 569 2555 constitutus,
588 2491 617 2542 et
636 2503 653 2542 a
672 2489 769 2543 sancto
785 2489 869 2543 Petro
888 2486 1028 2559 apostolo·
1076 2503 1108 2542 ac
1122 2486 1234 2543 abesto
1249 2488 1396 2544 Clemente
1415 2491 1514 2543 nostro
1528 2493 1625 2544 sancto
1645 2491 1856 2562 praedecessore
1867 2499 1896 2551 et

211 2599 277 2638 rum
288 2580 418 2655 principe
435 2579 584 2653 presbyter
600 2579 757 2649 ordinatus,
776 2579 907 2636 omnibus
923 2579 1027 2652 episco
1076 2582 1202 2653 martyre
1216 2580 1348 2636 novimus
1363 2583 1514 2649 statutum,
1526 2581 1667 2655 denegare
1679 2584 1758 2641 vobis
1773 2586 1894 2644 minime

210 2676 254 2748 pis
268 2691 301 2732 ac
310 2674 426 2747 reliquis
440 2672 545 2731 Christi
556 2672 747 2730 sacerdotibus
760 2675 890 2730 salutem.
1075 2690 1236 2746 possumus.
1257 2669 1292 2729 Et
1313 2674 1377 2748 quis
1400 2676 1444 2729 cst
1466 2673 1516 2746 qui
1540 2677 1736 2748 querentibus
1759 2679 1895 2737 tratribus

248 2767 450 2824 «Benedictus
466 2767 550 2836 Deus,
574 2770 603 2823 et
621 2768 704 2822 Pater
724 2767 838 2822 Domini
850 2766 941 2823 nostri
961 2768 1027 2822 lesu
1076 2766 1221 2839 denegare
1240 2767 1330 2839 possit
1348 2766 1553 2838 dubitationes,
1573 2769 1616 2825 vel
1641 2771 1827 2830 necessitates
1845 2790 1893 2831 co·

211 2860 332 2931 Christi,
354 2860 405 2932 qui
425 2859 573 2915 benedixit
598 2875 649 2915 nos
671 2859 701 2915 in
724 2860 804 2915 omni
829 2859 1026 2916 benedictione
1076 2859 1168 2914 rum‘l

212 2952 350 3027 spirituali
364 2952 393 3008 in
415 2952 573 3009 caelestibus
591 2952 621 3008 in
638 2952 760 3009 Christo.
781 2952 860 3009 Sicut
874 2952 961 3024 elegit
975 2969 1027 3008 nos
1112 2952 1310 3020 Sacerdotem,
1325 2952 1435 3022 iratres,
1456 2954 1526 3010 ordo
1542 2954 1693 3027 bipertitus
1708 2963 1759 3027 est,
1777 2964 1807 3015 et
1823 2961 1896 3018 sicut

212 3049 241 3104 in
255 3048 317 3120 ipso
332 3049 398 3102 anto
412 3046 513 3102 mundi
527 3045 771 3118 constitutionem,
781 3051 815 3103 ut
826 3062 951 3102 essemus
962 3063 1026 3102 san-
1076 3045 1211 3101 Dorninus
1226 3045 1308 3101 illum
1323 3047 1479 3118 constituit,
1493 3048 1603 3105 anullo
1619 3049 1703 3107 debet
1716 3053 1894 3123 perturbari.

212 3141 249 3198 oti
270 3143 300 3196 et
320 3139 494 3196 immaculati
514 3138 545 3194 in
568 3142 721 3212 conspectu
745 3140 806 3212 ejus
828 3139 859 3194 in
880 3139 1025 3208 charitate,
1076 3138 1159 3194 Scitis
1178 3143 1275 3195 autem
1296 3156 1313 3193 a
1335 3139 1456 3196 Domino
1488 3141 1629 3215 apostolos
1656 3160 1718 3199 esse
1739 3145 1847 3203 electos
1867 3150 1896 3204 et

211 3232 418 3308 pradestinans
431 3249 482 3288 nos
495 3232 523 3287 in
540 3233 725 3304 adoptionem
737 3232 860 3288 tiliorum
870 3232 1027 3304 pertesum
1077 3231 1259 3300 constitutos,
1281 3235 1310 3287 et
1329 3238 1430 3304 postea
1450 3250 1503 3306 per·
1525 3234 1648 3292 diversas
1674 3237 1836 3309 provincias
1859 3242 1895 3298 ad

210 3326 365 3395 Christum,
382 3325 412 3380 in
424 3326 519 3397 ipsum
533 3325 690 3381 secundum
705 3326 886 3397 propositum
898 3325 1027 3381 volunta·
1076 3323 1291 3398 praedicandum
1312 3325 1461 3396 dispersos.
1479 3327 1551 3384 Cum
1570 3344 1637 3385 vero
1653 3332 1752 3387 messis
1766 3335 1896 3407 coepisset

212 3420 247 3476 tis
260 3435 328 3488 suae,
341 3418 496 3474 intendem
510 3417 620 3489 gloria,
632 3418 731 3489 gratiae
744 3433 815 3487 suae,
829 3417 925 3489 inqua
939 3418 1026 3489 grati·
1076 3433 1212 3486 crescere,
1234 3416 1334 3473 ridens
1352 3435 1460 3491 paucos
1483 3437 1545 3476 esse
1568 3423 1724 3495 operarios,
1737 3426 1776 3481 ad
1796 3443 1896 3485 eorum

212 3513 310 3569 ticatus
320 3515 363 3568 est
375 3510 457 3566 nobis
468 3510 498 3565 in
508 3509 610 3566 dilecto
625 3510 696 3566 Filio
710 3526 771 3577 suo,
782 3509 811 3564 in
823 3526 880 3582 quo
889 3510 1027 3566 habemus
1077 3510 1279 3581 albumentnm
1295 3511 1476 3583 septuaginta
1483 3514 1560 3586 eligi,
1576 3517 1714 3590 pracepit
1728 3520 1893 3594 discipulos.

212 3603 442 3678 redemptionem
467 3619 519 3674 per
537 3603 710 3674 sanguinem
733 3604 809 3675 ejus,
829 3602 1026 3659 remissionem
1077 3602 1208 3674 Episcopi
1221 3618 1287 3659 vero
1300 3603 1413 3659 Domini
1429 3606 1632 3678 apostolorum,
1649 3610 1809 3684 presbyteri
1820 3632 1894 3686 quo-

211 3701 395 3771 peccatorum
423 3695 583 3752 secundurn
614 3694 724 3751 divitias
749 3695 847 3768 gratia
869 3696 944 3768 ejus,
966 3666 1066 3768 quac
1079 3711 1133 3768 que
1144 3695 1325 3768 septuaginta
1334 3696 1536 3768 discipulorum
1546 3700 1756 3760 locumtenent.
1765 3705 1896 3780 Episcopi

212 3791 365 3848 abundavit
378 3791 408 3846 in
422 3789 512 3860 nobis,
525 3789 555 3844 in
568 3788 647 3844 omni
663 3789 812 3862 sapientia,
825 3794 853 3844 et
863 3789 1027 3861 prudentie,
1079 3791 1175 3843 autem
1183 3804 1240 3843 non
1252 3787 1282 3842 in
1291 3789 1421 3857 castellis,
1433 3792 1606 3848 autmodicis
1619 3794 1780 3852 civitatibus
1790 3798 1897 3857 debent

212 3891 244 3943 ut
252 3887 354 3942 notum
369 3883 451 3940 nobis
462 3876 571 3939 laceret
583 3887 794 3938 sacramentum
803 3881 957 3937 voluntatis
970 3897 1029 3938 suae
1079 3879 1221 3949 constitui,
1242 3880 1291 3934 scd
1311 3881 1470 3954 presbyteri
1493 3900 1548 3956 per
1569 3886 1699 3958 castella,
1719 3893 1748 3945 ot
1768 3891 1896 3949 modicas

213 3980 370 4035 secundum
381 3977 594 4049 beneplacitum
611 3975 683 4045 ejus,
699 3974 773 4045 quod
783 3973 933 4045 proposuit
942 3974 972 4028 in
982 3990 1027 4044 eo,
1079 3971 1205 4027 civitates
1219 3976 1304 4045 atque
1324 3972 1404 4029 villas
1427 3975 1533 4050 debent
1551 3979 1586 4034 ab
1606 3980 1744 4053 episcopis
1767 3984 1895 4042 ordinari

212 4073 242 4127 in
256 4069 466 4143 dispensatione
480 4066 667 4140 plenitudinis
679 4069 852 4137 temporum,
868 4064 1029 4122 instaurare
1080 4069 1108 4120 et
1121 4064 1199 4136 poni,
1213 4064 1320 4137 singuli
1336 4072 1435 4123 tamen
1452 4085 1504 4140 per
1520 4070 1645 4142 singulos
1660 4073 1758 4130 titulos
1771 4093 1849 4134 suos.
1863 4080 1896 4152 Et

214 4163 308 4219 omnia
329 4163 360 4217 in
386 4161 508 4229 Christo,
531 4174 596 4229 quae
618 4158 649 4212 in
671 4159 753 4227 coelo,
774 4161 803 4213 et
823 4173 887 4230 quae
902 4157 931 4213 in
953 4164 1030 4215 terra
1079 4157 1340 4230 episcopusnonab
1353 4176 1420 4228 uno,
1431 4162 1478 4217 sed
1492 4178 1509 4217 a
1522 4162 1651 4234 pluribus
1661 4166 1745 4223 debet
1753 4170 1894 4244 episcopis

214 4255 320 4311 suntin
333 4254 404 4326 ipso.
421 4255 452 4307 ln
466 4250 620 4324 quostiam
634 4254 709 4305 sorte
723 4249 815 4306 vocati
831 4266 939 4322 sumus,
953 4268 1027 4325 prae-
1079 4249 1213 4322 ordinari,
1230 4255 1268 4322 et,
1285 4255 1316 4307 ut
1336 4251 1442 4308 dictum
1462 4259 1514 4321 est,
1529 4272 1587 4311 non
1609 4257 1646 4312 ad
1663 4260 1809 4317 modicam
1828 4263 1894 4319 civi-

213 4346 345 4404 destinati
358 4345 515 4401 secundum
528 4343 709 4417 propositum
723 4343 783 4415 ejus
799 4343 847 4414 qui
861 4344 957 4401 omnia
965 4360 1030 4417 ope·
1078 4347 1179 4415 tatem,
1194 4359 1230 4400 ne
1242 4343 1356 4400 vilescat
1372 4361 1479 4401 nomen
1498 4348 1635 4421 episcopi,
1650 4356 1699 4407 aut
1715 4353 1832 4422 alicubi,
1848 4356 1894 4413 sed

212 4445 293 4497 catur
309 4436 628 4496 secundumconsilium
640 4436 796 4493 voluntatis
808 4453 876 4506 suae,
893 4441 926 4493 ut
940 4437 1029 4494 simus
1079 4436 1115 4491 ad
1126 4436 1323 4493 honorabilem
1343 4437 1404 4511 17
1424 4439 1524 4496 urbem
1546 4441 1701 4500 titulandus
1716 4449 1746 4501 et
1762 4447 1893 4505 denomi-

212 4536 242 4591 in
256 4534 369 4590 landem
382 4532 481 4606 gloriae
496 4531 558 4603 ejus
573 4529 698 4602 quiante
714 4530 891 4601 speravimus
904 4530 934 4586 in
947 4531 1028 4588 Chri·
1080 4526 1193 4581 nandus
1207 4531 1258 4583 est.
1279 4527 1431 4599 Presbyter
1447 4545 1513 4584 vero
1526 4529 1562 4585 ad
1582 4547 1785 4607 quemcunque
1801 4537 1894 4594 locum

213 4632 256 4684 sto
279 4627 385 4698 (Ephes.
408 4643 428 4696 r,
448 4624 530 4696 3-12).
555 4644 569 4673 ι
595 4623 634 4679 De
655 4621 837 4694 primatibus,
861 4623 1028 4692 charissimi,
1079 4623 1123 4679 vel
1143 4623 1291 4680 ecclesiam
1309 4624 1339 4680 in
1361 4641 1395 4680 eo
1415 4627 1600 4684 constitutam
1621 4633 1665 4686 est
1682 4631 1894 4704 praeficiendus,

213 4736 300 4792 super
319 4718 421 4792 quibus
438 4735 486 4774 me
508 4716 625 4789 quidam
643 4719 769 4771 vestrum
784 4716 990 4772 consuluerunt
1001 4720 1031 4772 et
1052 4718 1164 4843 'atque
1183 4715 1213 4772 in
1231 4733 1264 4772 ea
1282 4716 1382 4773 diebus
1409 4717 1473 4774 vitas
1499 4736 1558 4775 suae
1578 4721 1750 4792 duraturus;
1775 4727 1896 4800 amplius

212 4812 374 4885 apostolicae
395 4809 571 4867 auctoritatis
593 4810 659 4883 (qua
684 4808 751 4865 licet
773 4808 885 4880 indigni
909 4809 1030 4864 Domino
1079 4825 1167 4881 quam
1178 4807 1225 4865 isti
1237 4810 1292 4865 duo
1305 4811 1419 4866 ordines
1431 4813 1621 4883 sacerdotum,
1636 4831 1688 4873 nec
1708 4817 1792 4874 nobis
1805 4834 1824 4874 a
1837 4820 1894 4875 Deo

214 4905 396 4977 dispensante
415 4904 573 4976 fungimur)
591 4902 736 4959 decretam
751 4901 966 4974 postulaverunt
980 4905 1031 4958 aut
1047 4920 1050 4937 =
1080 4901 1174 4958 collati
1188 4906 1263 4973 sunt,
1277 4919 1330 4959 nec
1343 4903 1461 4975 apostoli
1474 4904 1640 4964 docuerrmt.

213 4998 308 5057 siesse
322 4997 469 5068 deberent,
484 4999 533 5054 aut
544 5012 614 5064 uon,
629 4998 770 5067 quantum
784 4994 922 5051 hactenus
935 4994 970 5050 dc
984 4994 1030 5050 bis

1048 4846 1057 4883 ¹.

432 5169 461 5231 ἢ
521 5246 583 5318 DE
617 5243 796 5317 ORDINE
833 5242 1165 5317 EPISCOPORUM
1200 5243 1295 5314 VEL
1329 5242 1597 5319 PRIMATUM.

249 5397 449 5472 Episcoporum
459 5411 526 5454 vero
539 5410 614 5451 unus
626 5397 668 5451 est
680 5393 761 5458 ordo,
776 5393 843 5449 licet
850 5392 908 5450 sint
918 5393 1027 5468 prima·
1037 5407 1067 5482 D
1078 5397 1174 5450 sancto
1181 5394 1337 5462 Clemente,
1348 5409 1424 5451 seua
1435 5395 1517 5452 nobis
1526 5396 1670 5455 constituti
1682 5401 1758 5467 sunt,
1766 5415 1826 5455 non
1836 5417 1896 5456 oru-

213 5499 256 5549 tes
269 5491 320 5561 illi,
335 5491 384 5564 qui
406 5489 512 5563 primas
532 5488 659 5546 civitates
676 5490 785 5556 tenent,
805 5485 901 5559 quiet
918 5486 949 5541 in
962 5487 1026 5559 qui-
1077 5503 1128 5543 nes
1140 5487 1276 5560 primates
1285 5488 1329 5543 vel
1338 5487 1506 5560 patriarchas
1515 5506 1577 5546 esse
1590 5494 1718 5563 possunt,
1727 5492 1777 5547 sed
1786 5491 1897 5550 illatus

213 5585 333 5641 busdam
348 5584 415 5640 locis
434 5582 602 5656 patriarchae
620 5598 638 5637 a
656 5579 802 5636 nonnullis
822 5583 966 5636 vocantur.
985 5580 1028 5637 llli
1076 5580 1136 5650 bes,
1148 5596 1213 5653 quae
1225 5580 1349 5654 prelatis
1359 5586 1387 5638 et
1395 5581 1494 5654 priscis
1504 5583 1681 5657 temporibus
1690 5584 1896 5657 primatumte

212 5682 310 5733 autun
323 5679 372 5750 qui
386 5679 416 5735 in
428 5675 580 5748 metropoli
593 5691 610 5731 a
623 5674 705 5731 beato
716 5675 798 5730 Petro
808 5671 947 5745 apostolo,
955 5673 1028 5730 ordi·
1077 5673 1838 5751 nuere,episcoponrm,patriarcharumantprirnatum
1846 5695 1896 5736 no·

212 5773 300 5824 naute
315 5771 446 5840 Domino,
468 5774 497 5827 et
517 5768 753 5841 aprredecessore
772 5771 868 5823 nostro
891 5767 1026 5838 predicto
1076 5765 1153 5823 minc
1165 5766 1306 5838 fruantur,
1317 5767 1508 5841 reliquavero
1521 5771 1894 5844 metropolessrcbiepisco·
