3870 6150
219 235 269 288 875

664 235 804 289 termo.
826 235 869 288 au
888 222 967 287 sin.
988 233 1032 286 n.
1045 262 1078 271 -

1099 232 1217 286 isiivim
1240 231 1452 286 lrirnclvoms
1849 210 1900 290 aie

221 343 285 398 simi
299 344 410 409 tratres,
426 342 604 407 advocamus,
619 348 650 396 ut
672 336 818 413 vigilantia
840 340 980 411 pastorali,
995 356 1031 395 ne
1043 339 1205 424 Astionum
1230 338 1383 393 titubantia
1402 338 1522 394 fratrum
1546 340 1631 395 corda
1655 340 1761 411 spiritu
1785 342 1835 396 Dei
1858 343 1899 396 iu-

218 435 285 506 quid
299 435 441 490 diabolicae
456 435 540 491 licere
562 435 649 507 possit
668 434 789 503 astutiae,
804 433 961 489 commissis
982 449 1031 488 ro·

219 531 260 585 bis
275 529 410 601 gregibus
424 528 587 601 diligentius
600 529 760 595 consulatis,
774 543 810 583 ne
821 529 844 582 is
858 527 907 598 qui
920 527 1031 581 Domini

218 623 412 679 misericordia
426 624 568 678 revelante
581 639 632 694 per
644 627 771 677 nostram
785 637 913 675 curama
930 620 1032 675 nostris

218 716 317 771 oribus
330 717 449 771 morbus
467 715 608 788 abjicitur,
626 714 748 769 necdum
763 714 840 768 vobis
856 712 1032 784 praemonitis

218 815 246 866 et
258 811 350 865 adhuc
363 811 431 882 quid
445 813 545 881 agatur
562 809 679 881 ignaris,
692 824 744 879 per
757 812 864 862 vestras
879 823 908 860 so
924 807 1030 877 disper·

219 909 267 969 gat
285 904 427 972 ecclesias,
444 908 472 960 et
485 920 601 958 suarum
617 903 716 957 furtim
741 901 886 956 cuniculos
906 899 1032 955 inveniat

219 999 404 1064 latebrarum,
418 1002 449 1052 ut
462 997 539 1070 quod
557 1014 574 1050 a
594 996 676 1051 nobis
689 996 717 1049 in
739 995 810 1049 urbe
831 993 1030 1065 exstinguitur,

220 1091 378 1147 tenebrosis
398 1091 474 1162 apud
490 1107 538 1145 vos
553 1090 693 1145 radicibus
710 1088 876 1144 senriuetur.
894 1086 1032 1141 Plurimos

219 1184 372 1257 impietatis
386 1185 549 1240 Manicheam
570 1200 704 1255 sequaces
718 1183 848 1238 doctores
860 1181 888 1234 in
904 1180 974 1234 urbe
987 1179 1029 1233 in-

218 1278 367 1351 vestigatio
383 1283 480 1335 nostra
503 1278 619 1350 reperit,
637 1277 782 1348 vigilantia
803 1274 967 1346 divulgavit,
982 1290 1032 1326 au·

218 1373 332 1428 ctoritas
352 1376 381 1426 et
395 1389 515 1427 censura
536 1371 669 1438 coercuit,
685 1388 754 1442 quos
768 1368 914 1441 potuimus
932 1383 1031 1422 enien-

218 1467 295 1533 dare,
310 1466 492 1533 correximus,
504 1468 532 1520 et
543 1469 575 1520 ut
588 1466 758 1519 damnarent
769 1463 956 1519 ldanichaeum
969 1477 1034 1514 cum

1082 431 1216 488 stituente
1237 432 1430 500 solidavimus
1451 434 1641 506 responsionis
1665 434 1792 489 formam
1809 437 1851 490 vel
1870 453 1901 490 ex

1083 530 1245 580 sanctarum
1277 527 1490 598 scripturarum
1521 527 1690 600 disciplinis,
1713 529 1760 583 vel
1795 547 1826 583 ex
1852 531 1899 584 Pa-

1083 627 1158 679 trum
1188 617 1295 693 regulis
1323 621 1497 692 colligentes.
1527 622 1584 677 Sed
1607 638 1701 693 nuper
1727 623 1760 676 in
1796 624 1901 693 synodo

1082 735 1186 773 novum
1215 721 1242 771 et
1267 714 1428 770 inauditum
1457 719 1542 770 antea
1565 732 1656 787 genus
1682 716 1900 771 consultationis

1082 816 1214 866 exortum
1229 813 1281 863 est.
1295 810 1365 863 Nam
1378 809 1567 881 quorumdam
1579 809 1699 864 nauum
1720 810 1901 881 suggestione

1082 904 1273 976 comperimus
1296 903 1404 974 aliquos
1426 903 1604 973 captivonrm
1618 902 1655 958 ad
1678 902 1767 958 sedes
1786 920 1850 956 suas
1871 905 1899 958 li·

1082 999 1279 1068 bertatemque
1294 997 1455 1066 redeuntes,
1473 997 1523 1068 qui
1542 996 1648 1051 scilieet
1665 997 1695 1050 in
1710 997 1899 1068 captivitatem

1082 1093 1128 1147 illo
1144 1095 1227 1145 aetate
1249 1090 1430 1162 pervenerint
1449 1106 1512 1162 quae
1532 1090 1639 1145 nullius
1653 1090 1694 1144 rei
1720 1091 1835 1144 firmam
1853 1108 1898 1162 po-

1083 1185 1169 1240 tuerit
1177 1184 1282 1238 habere
1293 1183 1433 1249 notitiam,
1448 1184 1605 1238 remedium
1616 1184 1743 1254 quidem
1753 1184 1898 1256 implorare

1082 1278 1227 1348 baptismi.
1250 1277 1304 1332 Sed
1328 1282 1424 1332 uburu
1447 1277 1574 1347 ejusdem
1589 1276 1716 1331 remedii
1732 1283 1801 1331 ante
1816 1295 1899 1332 saera·

1084 1376 1180 1426 menta
1202 1371 1390 1442 perceperint,
1412 1371 1543 1425 infantia
1567 1371 1725 1426 inscientia
1747 1388 1805 1425 non
1829 1389 1899 1442 posse

1082 1464 1237 1530 reminisci,
1260 1469 1289 1520 et
1311 1464 1375 1520 ideo
1399 1464 1450 1519 suli
1474 1464 1528 1519 hoc
1555 1466 1671 1520 latentis
1702 1466 1900 1521 recordationis

218 1553 1035 1631 praedicalionihtlscidiscipulissttiS‚publicainecclesia
1084 1558 1316 1613 incer-toanimas
1333 1574 1396 1613 suas
1412 1557 1441 1611 in
1464 1557 1617 1613 discrimen
1644 1559 1755 1614 adduci
1779 1559 1846 1614 dum
1857 1560 1899 1614 suh

219 1653 398 1708 confessione
412 1659 440 1707 et
461 1668 564 1706 manus
586 1668 644 1706 suas
666 1650 872 1722 subscriptione
894 1647 1032 1718 compuli·
1084 1652 1177 1724 specie
1198 1651 1337 1707 cautionis
1354 1655 1476 1723 negatur
1494 1651 1539 1706 his
1555 1652 1658 1723 gratia,
1673 1669 1746 1723 quae
1769 1653 1831 1708 ideo
1852 1671 1897 1707 nou

219 1764 292 1814 nius,
314 1750 342 1801 et
363 1747 403 1800 ita
427 1745 462 1800 dc
482 1745 618 1816 voragine
639 1743 794 1815 impietatis
816 1759 874 1797 suar
892 1722 1270 1816 confessosssimpenditur,
1285 1745 1351 1816 quia
1366 1748 1482 1815 putatur
1499 1746 1640 1816 impensa.
1656 1746 1733 1801 Cum
1754 1746 1896 1817 itaquetri·

220 1839 413 1911 qioenitentiam
435 1838 619 1894 concedendo
634 1838 799 1894 levavimus.
813 1835 954 1908 Aliquauti
968 1851 1034 1889 vero

218 1935 266 2007 qui
286 1934 324 1988 ita
344 1950 373 1988 se
395 1933 602 2002 demerserant,
617 1936 650 1987 ut
672 1932 782 1986 nullum
806 1930 851 1984 his
872 1929 1034 1984 auxiliantis

219 2033 314 2098 posset
325 2027 462 2082 auxilium
473 2027 624 2080 subvenire
638 2025 745 2081 subditi
755 2024 867 2096 legibus
879 2023 1035 2077 secundum

219 2121 447 2176 Christianorum
470 2119 633 2191 principum
659 2119 822 2185 constituta,
847 2134 882 2171 ue
905 2118 1033 2170 sanctum

220 2231 337 2286 gregem
368 2229 418 2269 sua
448 2213 617 2283 contagione
649 2212 805 2283 polluerent
831 2227 881 2281 per
908 2209 1034 2281 publicos

217 2309 328 2377 judices
338 2312 476 2380 perpetuo
491 2313 558 2362 sunt
570 2305 668 2361 exsilio
679 2304 808 2376 relegati.
820 2306 854 2359 Et
863 2303 961 2358 omnia
971 2319 1035 2374 quaa

221 2408 280 2458 tam
303 2403 330 2456 in
353 2401 503 2473 Scripturis
527 2417 615 2472 quarn
638 2399 667 2454 in
693 2398 809 2454 occultis
839 2396 1036 2453 traditionibus

221 2496 278 2549 suis
299 2496 404 2552 habent
426 2495 606 2566 profanaret
627 2493 731 2565 turpia,
745 2497 778 2547 ut
798 2496 894 2546 nosset
914 2491 1036 2562 populus

221 2590 290 2660 quid
307 2589 448 2659 refugeret
465 2592 515 2644 aut
528 2587 637 2654 vitaret,
652 2586 739 2642 oculis
757 2585 924 2642 Christianae
943 2583 1036 2655 plebis

223 2685 299 2737 corta
315 2682 543 2738 manifestatione
565 2679 758 2752 probavimus,
775 2679 844 2733 adeo
865 2681 898 2731 ut
912 2677 972 2747 ipse
987 2676 1034 2747 qui

224 2790 322 2829 cirrum
338 2775 486 2830 dicebatur
500 2775 649 2846 episcopus
664 2790 680 2827 a
696 2772 776 2826 nobis
791 2774 885 2827 tentus
905 2770 1036 2842 proderet

226 2865 362 2938 flagitiosa
374 2868 403 2921 in
414 2868 471 2922 suis
485 2867 626 2939 mysteriis
641 2882 705 2938 quae
717 2868 837 2934 teneret,
852 2865 925 2920 sieut
940 2866 1034 2936 gesto-

228 2976 290 3014 rum
314 2973 361 3011 vos
381 2960 466 3015 series
489 2964 582 3031 potest
605 2959 733 3025 edocere,
756 2958 793 3012 ad
817 2957 1034 3013 instructionem

1085 1840 1172 1894 bucrc
1196 1838 1299 1893 talibus
1321 1837 1460 1893 Dourinici
1491 1843 1670 1893 sacramenta
1696 1840 1829 1911 mysterii
1851 1857 1896 1894 noa

1085 1932 1230 1987 immerito
1241 1933 1427 2003 quorumdam
1441 1932 1562 1986 fratrum
1574 1932 1704 1987 formido
1716 1933 1864 1999 dubitaret,
1872 1934 1894 1988 iu

1086 2025 1223 2095 synodali,
1246 2030 1278 2079 ut
1300 2024 1432 2092 diximus,
1456 2027 1530 2079 caetu
1554 2025 1681 2079 formam
1712 2026 1894 2097 hujuscemodi

1085 2118 1297 2173 consultationis
1315 2117 1485 2188 accepimus.
1502 2118 1593 2181 Quam
1607 2119 1783 2190 diligentius
1800 2120 1894 2188 discmi

1086 2218 1114 2267 et
1130 2228 1181 2283 pro
1203 2211 1426 2282 uuiuscujusque
1451 2228 1535 2266 sensu
1556 2212 1682 2267 sollicita
1705 2213 1842 2268 voluimus
1860 2229 1893 2266 ra·

1085 2306 1160 2361 tiene
1182 2304 1304 2371 tractari,
1325 2305 1401 2376 quod
1421 2304 1456 2359 ad
1478 2306 1629 2360 veritatem
1651 2306 1791 2362 adhibita
1805 2307 1893 2377 cogita

1085 2401 1162 2455 tione
1178 2399 1336 2453 multorum
1350 2398 1454 2453 certius
1467 2399 1616 2469 pervenire
1633 2417 1797 2471 possemus.
1809 2401 1893 2456 Eadem

1086 2509 1155 2563 ergo
1176 2509 1239 2564 qnae
1258 2492 1286 2546 in
1308 2508 1422 2546 sensum
1445 2497 1577 2547 nostrum
1596 2493 1699 2548 divina
1723 2494 1892 2567 inspiratione

1086 2602 1199 2654 venere,
1219 2587 1355 2656 frequens
1371 2585 1456 2640 eiiam
1477 2586 1598 2640 fratrum
1622 2587 1754 2643 firmavit
1772 2588 1890 2642 assensio.

1086 2677 1218 2749 inprimis
1237 2678 1335 2749 itaque
1355 2678 1505 2749 providere
1530 2678 1683 2747 debemus,
1699 2697 1737 2735 ne
1759 2681 1827 2736 dum
1841 2699 1889 2751 spe·

1086 2771 1157 2826 ciem
1175 2763 1330 2843 'quamdam
1347 2771 1485 2826 cautionis
1505 2776 1647 2840 tenemus,
1663 2775 1806 2829 damnum
1825 2790 1889 2843 rege·

1086 2866 1280 2920 nerandanrm
1304 2865 1463 2920 incidamus
1484 2866 1660 2922 animarum.
1685 2868 1755 2932 Quis
1777 2869 1848 2924 enim
1865 2869 1890 2920 ita

1086 2959 1123 3014 sit
1135 2959 1371 3032 suspicationibus
1392 2960 1449 3014 suis
1471 2960 1594 3029 deditus,
1612 2965 1644 3014 ut
1658 2978 1762 3017 verum
1785 2978 1840 3017 esse
1854 2962 1889 3015 de·

227 3052 304 3106 onim
320 3050 442 3104 vestram
459 3053 546 3108 etiam
566 3053 621 3107 ista
637 3051 804 3115 direximus,
821 3051 924 3123 quibus
943 3051 1034 3117 lectis,
1087 3053 1175 3120 finiat,
1191 3053 1266 3124 quod
1288 3054 1366 3108 omni
1388 3054 1622 3109 manifestatione
1645 3059 1779 3111 cessante
1799 3073 1831 3110 ex
1843 3055 1889 3126 opi·

228 3144 327 3200 omma
344 3158 406 3214 quae
420 3157 437 3193 a
451 3146 527 3201 nobis
544 3146 721 3217 deprehensa
738 3150 814 3214 sunt,
833 3161 915 3200 nosse
936 3143 1038 3216 poteri·
1089 3146 1172 3200 nione
1186 3146 1321 3217 ambigua
1334 3148 1512 3219 suspicaturi
1527 3148 1599 3203 Cum
1614 3148 1715 3220 itaque
1735 3149 1888 3221 baptizatori

230 3240 274 3293 lis.
289 3239 323 3293 Et
343 3235 410 3306 quia
423 3232 578 3303 aliquantos
596 3239 632 3293 de
651 3239 694 3293 his
714 3255 786 3310 quos
806 3254 841 3293 ue
860 3238 1037 3293 absolveren-
1088 3239 1241 3305 se,necitle
1250 3240 1471 3312 recordeturqui
1482 3242 1716 3311 regenerationis
1726 3249 1771 3297 est
1779 3242 1888 3315 cupidis,

229 3338 283 3401 tur,
295 3329 398 3386 arctior
407 3331 502 3382 reatus
513 3323 673 3402 inluserat,
685 3332 870 3404 cognovimus
881 3331 1036 3402 aufugisse,
1087 3349 1139 3389 nec
1152 3335 1223 3388 alter
1236 3334 1363 3389 attestari
1385 3334 1420 3388 de
1439 3351 1473 3389 eo
1488 3335 1586 3406 possit,
1602 3335 1682 3406 quod
1707 3337 1824 3403 nesciat,
1836 3352 1887 3391 coo-

231 3429 304 3480 lranc
324 3424 361 3478 ad
384 3419 566 3477 dilectionem
592 3431 708 3481 vairam
735 3426 883 3498 epistolam
906 3425 1038 3480 misimus

231 3537 282 3591 per
294 3516 459 3588 acolythum
478 3514 618 3571 nostruin,
631 3519 770 3576 uteflaeia
783 3519 889 3574 cerem
906 3519 1038 3573 sanctie„

232 3616 323 3667 fristra
341 3608 485 3666 sollicitius
502 3620 589 3677 agere
604 3601 732 3673 dignetur
744 3617 772 3668 et
791 3614 910 3681 cautius,
926 3612 1037 3667 necubi

233 3705 393 3762 ‚llanichaeae
412 3698 605 3773 perversitatis
619 3693 857 3771 hominesnyebes
872 3710 977 3761 vespm,
994 3705 1007 3759 f
1025 3735 1037 3745 .

233 3802 366 3855 cultatem
377 3793 500 3851 laedendi
511 3796 540 3849 et
551 3790 635 3860 hujus
646 3784 899 3856 sacrilegiiqossjnq
912 3800 1038 3855 invenire

234 3896 370 3949 ditatores.
389 3890 477 3944 Aliter
496 3885 573 3941 enim
594 3881 675 3938 nobis
691 3877 847 3942 commissi,
864 3909 964 3965 regere
980 3909 1037 3947 „011

236 4002 394 4059 possumus,
407 3982 462 4038 nisi
482 3982 534 4035 lms
557 3978 694 4049 quisunt
714 3971 874 4044 perditores
885 3991 913 4040 01
934 3985 1037 4058 perdjyj

1088 3430 1230 3482 sacratum
1244 3425 1315 3481 nihil
1325 3431 1368 3482 est
1380 3428 1409 3481 in
1423 3444 1480 3499 qno
1495 3432 1641 3499 peecatum
1656 3430 1750 3500 possit
1763 3431 1887 3500 obrepere

1088 3538 1153 3576 cum
1166 3521 1195 3574 in
1209 3522 1261 3575 hac
1281 3524 1360 3592 parte
1381 3521 1559 3576 eonscientiae
1581 3539 1638 3577 suae
1660 3541 1713 3578 nec
1733 3524 1783 3579 ille
1798 3520 1886 3579 reussil

1088 3615 1136 3686 qui
1155 3618 1343 3683 consecratur,
1357 3631 1410 3669 nec
1423 3614 1468 3669 ille
1485 3615 1534 3686 qui
1546 3621 1705 3672 consecrat.
1724 3619 1829 3673 Scimus
1841 3614 1886 3688 qui·

1089 3709 1153 3764 dem
1168 3707 1341 3779 inexpiabile
1356 3725 1417 3762 esse
1436 3709 1557 3776 facinus,
1571 3709 1688 3781 quoties
1699 3712 1784 3782 juxta
1797 3710 1885 3766 hareli-

1088 3819 1185 3858 corum
1198 3802 1331 3857 damnata
1345 3819 1361 3855 a
1382 3801 1484 3856 sanctis
1497 3803 1628 3857 Patribus
1652 3804 1788 3860 instituta
1799 3806 1887 3876 cogitur

1088 3896 1190 3967 aliquis
1203 3897 1345 3949 lavacrum
1358 3896 1433 3966 quod
1447 3896 1656 3966 regenerandis
1669 3899 1760 3954 semel
1772 3899 1886 3954 miuru-

1089 3994 1140 4059 est,
1154 3989 1197 4043 bis
1210 3988 1304 4042 subire
1319 3989 1474 4059 apostoliea
1496 3990 1675 4046 reclamante
1693 3992 1886 4063 doctrinaque

236 4084 294 4136 2⁰10
310 4079 375 4134 fidei
389 4074 545 4131 DOmississffi
559 4083 773 4143 Pffl'se‘lssamub
788 4067 845 4118 ⁰i³
859 4079 920 4116 ⁸³¹¹*
938 4080 1038 4134 menti·
1088 4083 1169 4137 nobis
1181 4099 1269 4137 urtam
1282 4082 1421 4153 praedicat
1434 4082 1463 4136 in
1477 4083 1604 4138 trinitate
1617 4084 1771 4156 deitatem,
1781 4084 1886 4142 unamir

238 4177 300 4242 lius,
315 4188 350 4227 ue
364 4169 449 4242 pestis
461 4167 543 4222 latius
563 4164 724 4233 divulgetur
745 4156 892 4213 severitate
912 4169 1036 4228 qua005.
1089 4176 1145 4230 fido
1165 4175 1380 4242 confessionem,
1394 4193 1485 4231 unum
1500 4177 1530 4231 jn
1548 4177 1725 4249 baptismate
1751 4193 1885 4236 mmm.

239 4282 335 4321 sumus
352 4260 560 4317 abscindamus·
583 4255 663 4311 Unde
687 4253 789 4306 h0l‘i0f
810 4246 988 4302 dllessiifflleffl
1009 4283 1037 4315 a·
1088 4276 1159 4324 turn.
1177 4270 1228 4324 Sed
1244 4269 1273 4323 in
1291 4270 1343 4325 hoc
1365 4269 1435 4324 nihil
1456 4270 1548 4325 simile
1569 4270 1758 4342 formidatur,
1775 4273 1885 4347 quonian

240 4367 335 4427 stram,
347 4355 509 4411 obtestoret
519 4350 765 4417 moneo,utquam
777 4341 886 4397 debetis
897 4344 924 4394 et
935 4336 1052 4440 potestis
1089 4380 1146 4418 non
1173 4366 1264 4434 potest
1287 4364 1315 4416 i„
1343 4363 1500 4418 “grafionis
1524 4363 1635 4420 crimen
1668 4367 1813 4435 devenire,
1831 4361 1885 4437 φῶ

239 4449 427 4508 sollicitudine
443 4443 564 4517 vigiletis
580 4442 617 4496 ad
636 4436 848 4509 investigandos
866 4450 924 4500 eos,
940 4448 991 4486 nec
1004 4430 1196 4511 ”initantum
1218 4473 1279 4511 esse
1300 4458 1418 4512 omnino
1440 4458 1574 4513 nescitur·
1594 4463 1689 4531 Atque
1711 4461 1779 4516 ideo
1799 4457 1885 4533 quom

239 4543 399 4605 occultandi
408 4559 437 4597 se
451 4538 596 4612 reperiant
607 4534 784 4591 facultatem.
799 4531 834 4585 Ut
847 4528 925 4583 euim
938 4525 1055 4581 habebit

240 4644 310 4698 adeo
320 4629 665 4710 ingensrcmunerationis
674 4625 825 4699 praemium
834 4623 882 4694 qui
891 4619 1055 4691 diligentius

242 4735 317 4806 quod
340 4732 375 4786 ad
400 4731 519 4785 salutern
548 4723 706 4780 commissas
730 4719 784 4774 sihi
809 4717 900 4789 plebis
924 4712 1056 4785 proficiat

242 4827 328 4884 luerit
345 4828 504 4889 exsecutus,
518 4821 557 4874 ita
575 4822 641 4873 ante
663 4813 785 4870 tribunal
802 4809 914 4865 Domini
928 4809 962 4863 de
977 4810 1055 4862 reatu

243 4919 425 4994 negligentiae
438 4901 540 4971 senon
554 4910 658 4984 poterit
670 4922 805 4963 excusare
819 4903 980 4975 quicunque
996 4901 1055 4972 ple-

243 5019 308 5070 bem
332 5029 413 5068 suam
434 5013 532 5065 contra
551 5006 695 5074 sacrilega
717 4997 906 5073 persuasionis
927 4997 1056 5050 auctores

243 5107 367 5165 noluerit
380 5103 533 5160 custodire.
548 5102 616 5155 [latr
629 5097 713 5152 tertio
737 5093 879 5149 Kalendas
899 5085 1055 5152 Februarii,

243 5200 402 5259 'theodosio
423 5198 500 5253 llVlll
521 5198 551 5250 et
568 5193 670 5250 Aluino
685 5189 752 5244 viris
773 5183 936 5243 clarissimis
955 5196 1055 5236 consu·

243 5300 326 5354 libus.

280 5392 366 5447 txw.
384 5420 418 5430 -
438 5388 484 5444 Aa
502 5387 633 5444 Neoniom
655 5383 809 5450 episcopum
829 5375 1020 5430 florentiolam.

280 5489 333 5542 Lao
348 5485 459 5540 Nicoma
480 5480 611 5552 episcopo
633 5470 788 5529 Ravennati
804 5469 839 5524 de
862 5465 904 5520 his
925 5465 971 5535 qui
992 5463 1055 5516 red-

244 5585 343 5636 euutes
376 5577 411 5632 de
442 5573 612 5647 captivitate,
645 5569 785 5622 incertum
821 5561 929 5616 habeut
963 5563 1058 5612 utrum

243 5677 308 5727 ruite
321 5670 513 5742 captivitatem
526 5662 667 5736 baptisma
682 5656 825 5714 consecuti
843 5658 919 5708 simi.

272 5767 452 5838 Frequenter
463 5760 580 5836 quidem
595 5758 623 5814 in
636 5754 811 5811 diversarum
832 5747 966 5819 ambiguo
980 5761 1055 5818 qiiae-

1105 4544 1209 4631 Resona
1231 4550 1292 4604 talis
1313 4551 1454 4618 inciderit,
1476 4552 1594 4607 sollicita
1612 4555 1744 4624 primum
1762 4553 1882 4610 examim-

1104 4627 1320 4715 ¹¹⁰⁰ttiseuitte,
1336 4650 1365 4699 ct
1385 4646 1472 4716 longo
1494 4651 1635 4718 ternpore,
1651 4649 1707 4703 nisi
1722 4650 1795 4705 forte
1807 4660 1881 4718 supre-

1105 4730 1169 4768 ¹¹¹¹¹⁸
1199 4713 1248 4794 h·'s
1277 4738 1439 4809 immineat,
1462 4738 1608 4812 indagate,
1633 4747 1731 4799 utrum
1759 4758 1836 4797 nemo
1859 4739 1883 4789 sl

1105 4806 1218 4880 penitus
1248 4823 1300 4888 ‘tid
1333 4832 1497 4888 testimonio
1520 4851 1570 4889 suo
1591 4834 1691 4906 jurare
1714 4838 1802 4909 possit
1820 4835 1881 4905 igne·

1108 4903 1226 5002 sanilam
1255 4915 1401 5000 'Pietatis
1428 4928 1462 4980 Et
1482 4943 1546 4982 cum
1579 4930 1744 4983 constiterit
1764 4924 1882 4994 huncqui

1106 4995 1282 5097 hliumans
1305 5008 1399 5092 rame,
1422 5026 1610 5087 sacramento,
1628 5021 1690 5076 sola
1709 5023 1827 5078 inaniter
1839 5033 1883 5071 stc*

1107 5102 1219 5158 P¹⁰¹⁰¹¹⁰
1248 5084 1393 5187 P¹'⁰¹¹¹h'⁰r¹
1408 5114 1521 5170 accedat
1551 5114 1712 5186 intrepidus
1744 5117 1779 5172 ad
1806 5128 1884 5169 cous·

1108 5181 1251 5252 quendam
1282 5182 1416 5250 &mmuh
1441 5208 1503 5280 ojus
1527 5211 1556 5262 in
1589 5225 1618 5264 se
1643 5210 1757 5266 nullum
1778 5211 1883 5266 eires<

1108 5273 1268 5344 vestigium.
1302 5273 1356 5326 Nec
1388 5286 1539 5357 venetw
1567 5303 1634 5358 huic
1667 5305 1767 5360 saluus
1788 5305 1883 5375 ij

1107 5368 1226 5439 aperire,
1250 5382 1336 5437 quam
1363 5379 1633 5452 nunq¹¹³¹¹¹locetur
1653 5399 1809 5471 mmm,
1826 5388 1884 5467 quod

1108 5463 1131 5516 si
1152 5461 1187 5516 ab
1206 5458 1347 5515 lraeretieis
1365 5458 1540 5529 baptizatum
1552 5491 1713 5563 wemmam
1737 5493 1818 5549 fuis„
1833 5502 1883 5543 mn,

1108 5554 1219 5621 stiterit,
1239 5569 1307 5625 erga
1327 5553 1402 5606 hunc
1422 5552 1804 5644 ⁰⁰¹¹³²⁰¹¹⁰⁵ncramentum
1821 5596 1884 5653 rege·

1109 5647 1261 5703 iterationis
1274 5647 1403 5714 iteretur,
1419 5644 1467 5699 sed
1482 5644 1536 5699 hoc
1549 5647 1644 5733 tanti⁴³
1664 5681 1743 5754 quod
1756 5682 1795 5737 ibi
1806 5675 1886 5735 desum

1108 5743 1278 5808 conferatur,
1290 5745 1321 5794 ut
1332 5756 1382 5811 por
1392 5738 1579 5810 episcopalem
1597 5756 1683 5834 manv
1692 5774 1884 5850 impositionem
