3870 6150
563 240 705 300 Dauno.
725 239 771 299 AD
790 237 871 297 SAEC.
892 239 936 296 lll.
952 268 986 279 -
1005 235 1130 296 lSlDOItl
1147 185 1363 295 nuncnvotus

403 516 692 612 INClPlUNT
734 513 997 609 DECRETA
1040 510 1300 608 DIONYSII
1343 509 1529 603 PAPAE.

548 677 639 747 (Anno
652 674 767 732 Domini
781 677 843 744 too,
855 679 986 746 tempore
1000 672 1120 742 Claudii,
1136 675 1169 729 ut
1181 671 1249 728 dicit
1260 669 1381 727 Platiae.

157 895 306 952 Dsovvsrus
320 893 467 966 episcopus
477 893 588 949 Unanno
600 890 734 963 praefecto
744 889 873 946 salutem.
951 888 1029 974 Aris
1043 886 1190 960 sapientia
1205 884 1377 958 significatio
1398 882 1564 955 disciplinae,
1585 883 1744 939 exsecratio
1757 899 1806 939 au·

159 987 428 1045 Summumbonum
435 989 577 1041 estamare
584 989 713 1041 amantes
723 986 803 1040 salit
813 987 937 1051 econtra,
990 985 1049 1038 tem
1062 980 1203 1054 peccatori
1216 977 1392 1036 culturaDei.
1404 978 1466 1046 Fili,
1482 977 1685 1051 concupiscens
1699 977 1809 1050 sapien-

122 1083 205 1157 pejus
217 1083 438 1138 malumnonest
449 1096 537 1152 quam
545 1082 579 1134 ut
588 1079 661 1134 cives
671 1078 938 1134 civibusinvideant.
990 1075 1071 1144 tiam,
1093 1090 1228 1130 conserva
1246 1072 1398 1144 justitiam,
1423 1075 1452 1127 et
1471 1072 1544 1127 Deus
1565 1070 1706 1143 praebebit
1731 1070 1808 1126 illam

121 1175 230 1232 Gratias
246 1174 387 1246 siquidem
406 1173 519 1245 agimus
539 1177 594 1228 tuae
612 1171 742 1227 charitati
755 1171 831 1244 quod
843 1171 940 1227 fideles
989 1169 1052 1225 tibi.
1066 1167 1210 1240 Sapientia
1225 1167 1303 1222 enim
1324 1169 1354 1221 et
1366 1164 1516 1238 disciplina
1531 1165 1618 1220 timor
1631 1164 1760 1220 Domini.
1775 1164 1807 1220 lit

122 1269 212 1325 sancti
225 1268 301 1324 Petri
312 1267 385 1323 bene
406 1266 523 1339 suscipis
542 1269 571 1321 et
591 1266 717 1337 adjuvas,
741 1265 815 1320 unde
830 1264 900 1321 scias
912 1267 940 1318 te
990 1261 1289 1335 quodbeneplacitum
1307 1265 1350 1317 est
1361 1259 1412 1331 illi,
1427 1259 1498 1314 fides
1518 1264 1547 1315 et
1565 1257 1768 1326 mansuetudo,
1780 1263 1807 1315 et

120 1368 149 1418 et
163 1380 180 1417 a
195 1361 277 1418 nobis
297 1361 459 1432 nostrisque
471 1360 564 1432 diligi,
586 1363 614 1415 et
635 1359 676 1414 tui
694 1363 866 1432 tuorumque
881 1374 938 1413 non
989 1356 1158 1428 adimplebit
1169 1355 1318 1411 thesauros
1333 1353 1405 1425 ejus.
1419 1353 1575 1411 contumax
1591 1369 1652 1409 non
1667 1353 1706 1408 sis
1723 1351 1805 1408 etin-

122 1456 270 1512 modicum
278 1454 500 1510 curamhabere.
515 1453 694 1526 Quapropter
703 1457 781 1508 tuam
791 1454 941 1507 hortamur
989 1453 1130 1511 credibilis
1150 1453 1246 1510 timori
1269 1452 1393 1521 Domini,
1407 1456 1435 1509 et
1457 1468 1493 1508 ne
1508 1451 1657 1509 accesseris
1681 1451 1807 1508 adeum

121 1549 312 1619 dilectionem,
326 1553 359 1606 ut
370 1549 477 1603 bonum
487 1547 564 1620 quod
577 1546 686 1620 coepisti
699 1562 812 1618 semper
821 1545 940 1618 implere
990 1547 1096 1620 duplici
1106 1547 1201 1603 corde.
1218 1547 1257 1603 Ne
1274 1545 1363 1602 fueris
1377 1545 1526 1619 hypocrita
1543 1545 1573 1600 in
1585 1549 1741 1618 conspectu
1755 1545 1805 1600 bo·

119 1659 179 1700 non
192 1642 316 1710 differas,
337 1641 405 1714 quia
425 1657 483 1697 non
497 1641 631 1697 laudatur
652 1639 777 1710 initium,
800 1638 850 1694 sed
864 1638 937 1693 finis.
989 1642 1112 1712 minum,
1124 1646 1152 1696 et
1166 1657 1223 1696 non
1236 1638 1431 1696 scandalizeris
1449 1638 1531 1695 labiis
1545 1640 1615 1695 ‘tuis
1637 1639 1759 1695 Attende
1778 1639 1806 1693 in

122 1735 300 1809 Sapientiam
312 1737 398 1791 etiam
411 1740 440 1791 te
454 1736 604 1790 hortamur
620 1733 748 1806 diligere,
768 1735 797 1788 et
807 1731 937 1799 scrutari,
989 1735 1043 1791 illis
1055 1752 1091 1792 ne
1105 1735 1177 1791 forte
1193 1735 1285 1804 cadas,
1299 1738 1428 1806 otponas
1440 1732 1606 1790 scandalum
1619 1731 1727 1789 anime
1740 1735 1805 1797 tun,

122 1828 371 1886 strationabiliter
385 1834 414 1884 et
433 1828 578 1900 sapienter
599 1826 730 1898 disponas
742 1825 891 1897 etjudices
905 1842 939 1881 ea
990 1835 1019 1886 et
1039 1829 1164 1885 adducas
1186 1827 1437 1885 inhonorationem
1458 1826 1528 1897 tibi,
1552 1829 1581 1883 et
1603 1827 1714 1883 revelet
1735 1826 1806 1882 Deus

121 1940 186 1997 quae
195 1923 245 1979 tibi
255 1922 408 1979 commissa
416 1923 492 1990 sunt,
504 1921 614 1977 dicente
627 1920 749 1976 Domino
758 1919 941 1991 perprophe·
990 1923 1130 1979 absconsa
1144 1925 1202 1978 tna.
1215 1923 1270 1977 Pro
1285 1921 1341 1977 ilde
1353 1907 1441 1978 irater
1453 1919 1641 1992 etjustitiaac
1654 1936 1708 1993 pro
1718 1921 1806 1976 salute

120 2014 939 2087 tam.«Erudiminiquijudicatisterram(Psol.11,10).n
990 2016 1093 2072 anima
1109 2020 1165 2072 tuoe
1183 2019 1261 2072 certa
1274 2031 1397 2089 semper,
1415 2019 1444 2071 et
1459 2031 1511 2087 pro
1531 2014 1672 2085 adjutorio
1687 2015 1808 2071 iratmm

123 2112 203 2166 Time
218 2125 288 2181 ergo
309 2111 401 2164 Deum
422 2112 451 2164 et
470 2109 606 2164 mandata
623 2109 684 2180 ejus
696 2124 786 2178 serva,
814 2112 843 2163 at
854 2106 941 2179 dilige
989 2110 1110 2167 viriliter
1122 2127 1186 2182 age,
1204 2113 1234 2166 ut
1245 2126 1262 2164 a
1274 2109 1395 2165 Domino
1408 2107 1806 2181 recipiasremunerationem.

124 2220 191 2260 eum
213 2203 279 2259 totis
302 2201 466 2271 visceribus,
490 2207 519 2257 ot
532 2201 695 2273 proximum
716 2206 798 2256 tuum
818 2200 888 2256 sieut
903 2203 942 2255 te·
991 2203 1134 2277 Scriptum
1148 2206 1192 2258 est
1204 2202 1301 2258 enim:
1320 2224 1334 2252 «
1351 2202 1411 2273 Fili,
1428 2218 1563 2258 conserva
1574 2206 1700 2275 tempus,
1717 2205 1749 2258 et
1760 2201 1806 2259 de·

122 2297 227 2369 ipsum.
242 2296 317 2351 Deus
331 2293 485 2351 altissimus
506 2294 612 2350 creavit
631 2294 802 2366 sapientiam
813 2293 843 2348 in
856 2273 980 2365 spiri-B
991 2297 1049 2352 vita
1059 2296 1170 2364 amalo,
1178 2312 1231 2368 pro
1240 2295 1336 2353 anime
1346 2301 1395 2352 tua
1404 2312 1463 2352 non
1472 2295 1655 2352 confundaris
1665 2295 1809 2353 dicerese-

123 2393 156 2444 tu
169 2391 275 2445 sancto.
289 2389 323 2443 Et
334 2386 405 2443 vidit
419 2389 448 2442 et
467 2386 659 2443 dinumeravit
672 2389 700 2442 et
716 2402 833 2442 mensus
848 2388 900 2453 est,
914 2389 943 2442 et
991 2406 1056 2447 rum
1068 2391 1159 2461 (Docti.
1170 2406 1207 2458 ιν,
1218 2392 1263 2458 23,
1274 2390 1328 2462 24).
1344 2411 1358 2441 »
1372 2392 1421 2447 Est
1433 2389 1510 2447 enim
1521 2389 1648 2446 confusio
1664 2389 1809 2447 adducens

126 2482 226 2539 effudit
239 2482 316 2538 illam
327 2480 521 2554 superomnia
533 2496 690 2555 operasua,
703 2485 942 2554 etsuperomnem
991 2488 1151 2557 peccatum,
1167 2489 1196 2540 et
1210 2488 1253 2540 est
1263 2483 1391 2541 conlusio
1404 2484 1546 2540 adducens
1559 2483 1681 2556 gloriam
1697 2489 1726 2540 et
1744 2499 1808 2557 gra·

124 2593 249 2634 manem.
265 2576 428 2633 Secundum
442 2575 542 2631 datum
558 2591 641 2630 suum
654 2573 777 2648 prebuit
789 2573 867 2630 illam
881 2573 941 2630 dili·
992 2578 1070 2634 tiam.
1084 2579 1125 2634 Ne
1139 2578 1261 2652 accipias
1272 2577 1375 2634 faciem
1388 2577 1522 2634 adversus
1534 2577 1637 2639 faciem
1651 2582 1745 2648 tuam,
1758 2593 1810 2635 nee

125 2670 259 2744 gentibus
281 2686 321 2726 se.
345 2670 442 2726 Timor
466 2668 580 2724 Domini
599 2667 691 2741 gloria
710 2672 739 2724 at
758 2667 899 2741 glonado,
915 2672 944 2723 et
991 2672 1125 2728 adversus
1142 2672 1268 2728 animam
1280 2677 1361 2729 tuam
1372 2670 1564 2729 mendacium.
1578 2672 1639 2729 lton
1654 2671 1810 2729 reverearis

122 2763 232 2832 laetitia,
248 2768 278 2821 et
297 2779 405 2819 corona
424 2761 630 2818 exsultationis.
650 2761 745 2818 limos
759 2761 872 2818 Domini
890 2762 941 2817 de·
991 2766 1286 2839 proximumtuumin
1296 2783 1363 2823 casu
1375 2782 1436 2834 suo,
1448 2781 1502 2821 nec
1514 2765 1770 2822 retineasverhum
1780 2766 1811 2822 in

125 2857 242 2916 lactabit
254 2873 313 2925 cor,
328 2861 356 2912 et
369 2855 447 2912 dabit
458 2855 587 2913 laetitiam
600 2859 629 2911 et
650 2855 787 2929 gaudium
806 2855 837 2911 in
848 2855 941 2928 longi·
991 2863 1120 2932 tempore
1138 2860 1244 2916 salutis.
1260 2860 1321 2915 Non
1335 2859 1488 2916 abscondas
1502 2859 1673 2932 sapientiem
1685 2863 1770 2916 tuam
1781 2860 1811 2915 in

125 2949 226 3006 tudine
236 2949 360 3006 diarum.
376 2949 497 3007 Timenti
511 2949 684 3006 Deumbene
693 2950 783 3006 eritin
797 2950 941 3022 extremis,
992 2954 1096 3010 decore
1110 2953 1182 3025 ejus.
1197 2955 1228 3010 ln
1242 2953 1342 3025 lingua
1355 2953 1432 3009 enim
1445 2952 1610 3027 agnoscitur
1618 2953 1769 3026 sapientia,
1783 2957 1812 3010 at

126 3049 155 3101 et
167 3044 197 3100 in
210 3044 255 3101 die
268 3043 460 3102 defunctionis
479 3059 537 3100 susa
558 3043 754 3112 benedicetur,
769 3043 880 3100 dilectio
893 3043 943 3098 Dei
991 3064 1101 3116 sensus,
1115 3052 1144 3103 et
1158 3047 1285 3116 scientia,
1300 3052 1329 3104 et
1341 3046 1473 3104 doctrina
1484 3047 1514 3103 in
1528 3046 1620 3103 verbis
1631 3047 1770 3116 veritatis,
1783 3050 1811 3103 et

126 3138 301 3196 honorabilia
323 3138 470 3210 sapientia.
493 3137 601 3202 Quibus
620 3142 715 3194 autem
737 3136 943 3209 apparueritin
991 3141 1206 3196 firmamentum
1219 3140 1250 3196 in
1265 3140 1537 3213 operibusjustitiae.
1552 3142 1615 3196 Non
1629 3140 1812 3197 contradicas

125 3233 190 3289 visu
202 3231 327 3304 diligunt
349 3248 416 3288 eum
440 3230 470 3285 in
490 3230 606 3299 visione,
629 3233 658 3287 et
670 3230 701 3287 in
722 3231 869 3303 agnitione
881 3247 941 3286 ma·
991 3233 1104 3291 veritati
1115 3235 1175 3290 ullo
1186 3234 1281 3306 modo,
1298 3237 1327 3290 et
1342 3234 1377 3291 de
1391 3235 1539 3293 mendacio
1548 3233 1749 3291 ineruditionis
1756 3239 1811 3292 tua

33 3392 37 3398 .
125 3325 257 3401 gnatiuvn
270 3340 397 3382 suornm.
417 3323 534 3382 lnitium
549 3324 695 3397 sapientiae
713 3324 799 3381 timor
819 3323 941 3382 Domini.
992 3327 1175 3385 confundere.
1189 3328 1251 3384 lton
1264 3328 1447 3385 confundaris
1466 3327 1594 3384 confiteri
1612 3333 1732 3401 peecata
1753 3331 1810 3399 tua,

125 3424 238 3480 Etcum
257 3418 388 3475 fidelibus
410 3418 440 3475 in
457 3420 540 3475 vulva
561 3421 727 3475 concreatus
751 3423 803 3489 est,
826 3421 856 3475 et
877 3434 943 3474 cum
993 3426 1022 3478 et
1032 3437 1069 3478 ne
1082 3421 1214 3493 subjicias
1224 3425 1252 3478 te
1264 3421 1375 3478 homini
1388 3439 1441 3495 pro
1458 3424 1583 3495 peccato.
1603 3421 1666 3478 Noli
1677 3422 1812 3479 resistere

126 3515 223 3571 electis
234 3513 348 3569 leminis
358 3512 497 3585 graditur,
509 3518 538 3570 et
547 3511 843 3583 cumjustisildelibus
852 3529 942 3585 agno·
993 3519 1092 3571 contra
1105 3515 1207 3571 faciem
1230 3516 1362 3587 potentis,
1389 3532 1441 3571 nec
1463 3516 1574 3571 coneris
1598 3519 1697 3572 contra
1721 3516 1813 3572 ictum

126 3609 224 3666 scitur.
239 3607 336 3663 Timor
350 3606 463 3663 Domini
484 3606 608 3663 scientim
628 3606 808 3679 religiositas,
827 3605 942 3679 religio·
953 3651 982 3728 C
993 3609 1081 3667 fluvii.
1092 3611 1145 3666 Pro
1155 3609 1267 3682 justitia
1277 3609 1429 3682 agonizare
1440 3626 1492 3682 pro
1502 3610 1598 3666 anime
1610 3615 1671 3679 tua,
1681 3613 1711 3665 et
1720 3626 1812 3685 usqua

125 3703 194 3761 sitas
207 3700 623 3772 custodietetjustillcabitcor,
633 3700 943 3773 jucundidatematqoe
994 3704 1030 3759 ad
1043 3706 1164 3760 mortem
1186 3705 1263 3758 certa
1281 3720 1333 3775 pro
1355 3702 1475 3775 justitia,
1495 3707 1525 3759 et
1543 3704 1615 3759 Deus
1633 3703 1813 3777 expugnabit

128 3796 266 3871 gaudium
277 3795 362 3852 dabit.
374 3794 496 3851 Timenti
506 3795 593 3851 Deum
605 3794 679 3852 bene
688 3795 752 3850 erit.
764 3796 799 3851 Et
807 3794 837 3850 in
846 3794 944 3851 diebus
993 3814 1046 3869 pro
1059 3802 1087 3853 te
1100 3797 1311 3868 inimicostuos,
1325 3800 1355 3852 et
1366 3813 1413 3854 eos
1423 3797 1734 3867 evertetviriliter,noli
1742 3798 1811 3854 cita·

126 3891 379 3949 consummationis
391 3890 467 3947 illius
475 3888 670 3946 benedicetur.
679 3888 827 3945 Plenitudo
834 3888 945 3960 sapien·
993 3895 1039 3946 tus
1053 3906 1113 3946 esse
1126 3890 1157 3946 in
1168 3891 1266 3963 lingua
1276 3893 1325 3946 tua
1335 3896 1363 3947 et
1375 3890 1484 3947 inutilis
1497 3894 1525 3948 et
1534 3891 1705 3948 remissusiu
1717 3891 1811 3965 operi·

126 3986 174 4043 tia.
187 3990 231 4042 est
240 3984 341 4042 timere
355 3985 455 4054 Deum,
470 3987 498 4039 et
512 3981 690 4055 plenitudoa
706 3980 844 4036 fructibus
855 3979 942 4036 illius.
992 3983 1813 4057 bustuis.Nolieasesicutleoindomotua,evertensdome·

124 4081 246 4137 Omnem
267 4077 383 4134 domum
403 4077 479 4134 illius
507 4074 635 4148 implevit
659 4091 677 4129 a
699 4073 943 4146 generationibus,
993 4077 1077 4133 sticos
1087 4081 1149 4133 tuos
1159 4081 1189 4133 et
1198 4079 1363 4151 opprimens
1372 4079 1515 4153 subjectos
1524 4079 1585 4136 tibi.
1595 4081 1657 4135 Non
1668 4079 1812 4154 sitporxe·

125 4171 371 4244 etreceptacnlaa
396 4168 537 4226 thesauris
563 4167 647 4224 illius.
669 4168 779 4224 Corona
797 4167 944 4240 sapientie
994 4175 1038 4227 cta
1046 4187 1148 4228 manua
1158 4175 1207 4228 tua
1219 4171 1255 4228 ad
1266 4172 1497 4246 accipiendumet
1505 4174 1542 4231 ad
1550 4174 1812 4232 dandumoollecta.

125 4264 212 4322 timor
223 4264 348 4335 Domini,
361 4264 475 4337 replens
488 4279 590 4336 pacem
608 4267 636 4320 et
651 4262 750 4318 salutis
766 4262 900 4331 fructum,
916 4265 945 4318 et
993 4266 1086 4338 (ibid,
1095 4267 1305 4339 nactanabus
1319 4268 1407 4323 tultus
1417 4267 1812 4341 scripturarumauctoritati·

124 4358 198 4416 vidit
210 4361 240 4416 et
250 4358 441 4414 dinumeravit
454 4373 529 4414 eam.
543 4359 666 4430 Utraque
678 4359 774 4413 autem
792 4361 859 4414 sunt
871 4357 945 4414 dona
992 4359 1046 4416 bus
1060 4375 1186 4433 semper,
1202 4365 1245 4418 sta
1257 4366 1350 4417 rectus
1359 4366 1388 4417 et
1400 4377 1417 4417 a
1428 4361 1472 4417 via
1481 4362 1608 4419 veritatis
1615 4378 1653 4419 ne
1662 4363 1813 4435 avertaris,

123 4453 185 4525 bei,
212 4450 330 4510 scientia
351 4456 379 4508 et
399 4451 566 4508 intellectus.
582 4449 724 4524 Sapientia
741 4449 945 4523 compartietur
992 4459 1026 4510 ut
1038 4454 1161 4527 gratiam
1174 4455 1225 4511 Dei
1238 4471 1352 4528 semper
1364 4455 1502 4528 acquires,
1516 4459 1545 4512 et
1560 4457 1701 4514 bonorum
1715 4458 1813 4515 homi-

124 4547 287 4623 prudentiae
303 4553 331 4604 et
353 4546 476 4620 gloriam
495 4544 657 4603 tenentium
673 4561 703 4601 se
725 4544 839 4601 exaltat.
855 4544 944 4601 Radix
993 4565 1064 4605 num
1071 4549 1201 4607 amicitia
1209 4565 1325 4622 semper
1333 4549 1445 4620 fruaris,
1454 4553 1592 4625 tantoque
1602 4551 1814 4609 tuniacilinsab

124 4642 273 4716 sapientise
280 4644 323 4698 est
331 4639 435 4697 timere
446 4638 629 4708 Deum,rami
637 4638 714 4696 enim
725 4637 942 4711 illiuslongaevi,
995 4642 1288 4716 amorehujussoeouli
1295 4660 1378 4701 mens
1392 4650 1484 4716 exeat,
1499 4651 1606 4717 quanto
1616 4646 1816 4719 etimpeDitur

124 4723 157 4799 i1⁸t
168 4731 818 4810 Denarissapientie,nteuectusetscientiae,
825 4731 942 4805 religio-
994 4737 1063 4792 dum
1073 4738 1198 4792 vocatur.
1209 4739 1281 4794 Nam
1289 4755 1337 4795 vos
1343 4744 1371 4794 et
1379 4744 1532 4810 praesentes
1540 4739 1638 4796 videre
1644 4741 1779 4813 cupimus
1786 4743 1816 4797 et

126 4834 204 4903 sitas,
216 4830 371 4888 exsecratio
379 4831 476 4886 autem
486 4826 836 4901 peccatoribussapientia.
847 4826 945 4883 Timor
993 4829 1157 4886 absentibus
1170 4831 1291 4904 coDoqui
1311 4832 1411 4888 saltem
1434 4849 1488 4905 per
1506 4832 1653 4906 epistolam
1669 4833 1815 4891 desidera·

64 4990 68 4997 ⁸
125 4925 241 4984 Domini
250 4924 372 4998 repellet
385 4927 543 4997 peccatum,
556 4938 626 4978 nam
642 4920 768 4993 quisine
787 4920 945 4977 timoreest
993 4941 1067 4981 mus.
1080 4924 1160 4981 Unde
1176 4930 1309 4998 optamus
1325 4931 1357 4982 ut
1374 4942 1424 4983 vos
1437 4926 1536 4983 beatus
1553 4929 1652 4984 Petrus
1668 4928 1814 5000 apostolo·

125 5037 185 5078 non
198 5019 302 5093 poterit
311 5017 471 5092 justificari.
495 5015 642 5073 lracundia
661 5015 740 5105 enim
757 5014 982 5101 animositatisl)
993 5034 1058 5075 rum
1073 5017 1204 5091 princeps
1218 5018 1255 5074 ad
1269 5034 1319 5074 sua
1331 5018 1432 5075 limina
1445 5020 1565 5077 feliciter
1578 5021 1728 5093 perducat,
1742 5038 1813 5096 qua·

126 5115 202 5172 illius
217 5113 360 5170 subversio
375 5112 451 5168 illius
466 5114 518 5167 ast.
538 5111 633 5183 Usque
654 5108 685 5164 in
698 5113 812 5182 tempus
824 5110 944 5167 sustine·
994 5114 1078 5168 tenus
1088 5112 1117 5168 in
1129 5112 1336 5185 omnipotentis
1345 5114 1551 5186 gratiapertrui
1564 5120 1657 5172 vestra
1667 5117 1814 5189 poeniten

125 5207 169 5266 bit
179 5207 301 5283 patiens,
328 5211 357 5263 at
379 5210 478 5278 postea
499 5203 620 5261 redditio
637 5203 833 5276 jucunditatis.
851 5204 945 5260 Bonus
994 5206 1032 5262 tia
1043 5223 1216 5263 mereamur.
1232 5207 1301 5262 Data
1314 5224 1340 5263 1v
1351 5209 1445 5265 Nonas
1459 5208 1603 5266 Februarii
1615 5211 1772 5268 Aureliano
1785 5215 1815 5268 et

125 5317 327 5376 sensususque
349 5299 385 5356 ad
405 5303 520 5371 tempus
540 5296 698 5354 abscondet
715 5296 801 5352 verba
813 5296 899 5367 illius,
916 5301 946 5354 et
995 5300 1078 5357 Besso
1091 5302 1176 5357 lllcc.
1190 5300 1297 5357 consul.

125 5398 203 5458 labia
214 5392 557 5454 multorumenarrabunt
566 5407 682 5449 sensum
692 5390 778 5447 illius.
793 5391 824 5447 ln
834 5391 945 5450 thesau-

383 5575 595 5651 EPISTOLA
618 5570 808 5647 DlONYSII
830 5571 960 5646 PAPAE
982 5576 1044 5647 AD
1066 5574 1274 5652 SEVERUM
1296 5576 1551 5653 EPlSCOPUM.

161 5719 313 5777 Drorsxsrus
327 5719 475 5792 episcopus
489 5715 596 5773 savam
609 5714 742 5787 episcopo
756 5713 889 5771 eduum.
991 5717 1186 5788 apostolomm
1198 5717 1327 5791 principe
1341 5717 1485 5789 fiduciam,
1499 5718 1700 5777 uthabeamus
1715 5723 1812 5776 ancto-

142 5807 221 5870 Olv'm
230 5813 262 5865 et
272 5811 406 5871 abrhr'tio
416 5816 526 5871 mntem
536 5809 724 5889 percepimus
735 5825 754 5868 a
765 5807 850 5869 beato
859 5811 943 5869 Petro
992 5810 1108 5868 ritatem
1121 5812 1274 5871 universali
1292 5813 1422 5872 Ecclesia
1437 5813 1591 5873 auxiliante
1609 5813 1732 5881 Domino
1745 5812 1813 5883 suh·
