3870 6150
574 304 812 365 recantantur
831 306 1023 364 contactio.
1590 304 1641 362 tlt

103 426 148 468 em
160 412 317 468 terminum
328 412 491 468 hahuerunt
503 413 598 469 omnia
605 414 668 486 jam
682 413 775 471 andis·
785 426 813 501 Α
824 431 886 471 οοιιι
898 419 927 471 οι
937 418 1075 487 sequatur
1084 430 1159 484 cam,
1171 411 1316 487 qrriaoculi
1326 411 1440 471 Domini
1449 411 1640 488 superjustos,

103 502 173 562 lictis
187 522 238 561 nec
254 523 304 561 nos
321 507 396 562 forte
415 507 561 563 rideamus
573 508 634 563 riro
647 508 773 582 obloqui,
825 514 854 565 et
869 525 953 565 aures
965 508 1027 580 ejus
1041 507 1070 563 in
1085 524 1183 580 preces
1201 524 1310 577 eorum,
1330 509 1422 564 vultus
1434 512 1530 564 autem
1543 508 1641 565 Domi·

103 598 300 655 eliciumsuum
308 600 481 674 improperia
490 601 774 674 dignaportanti.Eos
825 603 854 659 ni
870 619 956 676 super
978 601 1114 657 facientes
1137 602 1214 657 mala
1235 602 1265 671 (l
1278 605 1350 658 Pctr.
1370 619 1411 671 ιιι,
1427 603 1509 673 Β-ιι).
1526 623 1541 651 ο
1565 602 1639 668 Quid

109 692 263 749 dividunto
282 696 362 749 Patre
374 695 530 751 substantia
541 700 570 750 ct
580 695 736 767 divinitate,
746 701 774 752 et
825 697 905 770 pejus
914 700 966 763 est,
981 695 1194 766 fratres,qt1am
1207 699 1240 750 ιιι
1255 697 1533 752 sacerdotesllomini
1543 695 1639 771 152

106 787 223 843 verbum
245 805 261 842 a
276 789 366 859 Patre,
385 788 471 844 dividi
486 789 521 844 ab
534 789 658 845 Ecclesia
674 791 772 847 catho·
825 790 873 864 qui
887 791 924 846 ab
943 789 1024 846 omni
1039 789 1118 844 mala
1132 788 1373 860 coinquinatione,
1398 792 1427 844 et
1449 806 1638 846 anocumen·

103 881 164 948 enit,
185 885 212 935 et
230 898 291 936 csse
309 882 415 937 alienos
433 899 449 937 a
471 883 588 939 nomine
603 884 771 941 Christiano.
822 891 853 941 ιο
869 883 998 940 οιιιιιιιιιιι
1025 882 1250 940 Christianorum
1272 882 1356 938 alieni
1378 883 1485 938 debent
1507 872 1637 940 existere.

103 991 125 1029 tr
149 975 231 1030 nobis
257 979 285 1030 et
308 977 443 1032 omnihus
461 978 627 1047 anathema,
650 995 682 1033 eo
696 980 772 1050 quad
824 982 930 1051 quanto
946 976 1065 1049 magisa
1083 977 1204 1032 fratrum
1220 979 1248 1031 et
1270 976 1464 1047 coepiscorum
1480 993 1552 1049 qnos
1565 977 1637 1034 tueri

103 1067 218 1124 recitatis
233 1069 384 1125 rideantur
398 1087 457 1126 esse
478 1072 640 1144 cauponati.
655 1074 773 1143 Aposto·
823 1076 851 1129 et
872 1072 1018 1128 sublevare
1040 1071 1145 1127 debent
1166 1070 1201 1125 ab
1223 1069 1343 1140 insidiis,
1368 1073 1396 1126 et
1409 1086 1481 1142 quos
1495 1071 1592 1127 lovere
1610 1075 1640 1126 οι

103 1177 180 1233 nque
195 1166 372 1236 preceptum
396 1167 459 1219 est:
488 1165 515 1220 Si
538 1165 602 1237 quis
624 1167 702 1221 robis
724 1184 773 1221 an·
823 1166 940 1238 diligere
950 1180 1132 1236 summopere
1142 1167 1265 1236 oportet,
1278 1169 1490 1236 persequuntur
1499 1181 1546 1220 eos
1558 1165 1640 1237 ejice·

104 1254 125 1310 it
152 1262 257 1327 praeter
278 1258 353 1329 quod
380 1258 534 1330 accepistis,
557 1259 710 1315 anathema
726 1261 769 1315 sit.
822 1276 863 1330 re,
877 1263 906 1316 et
914 1259 1115 1315 communione
1130 1258 1235 1329 privari
1247 1257 1416 1312 detractant.
1437 1259 1492 1313 Nec
1506 1258 1638 1313 recorda·

103 1349 201 1404 tullum
212 1352 425 1407 communicare
436 1351 604 1408 denuntiate
615 1371 621 1408 :
636 1353 716 1410 nulla
729 1357 773 1408 est
822 1353 893 1409 mini
908 1352 1077 1426 sapientiam
1087 1368 1151 1425 quae
1161 1351 1216 1407 ait:
1228 1353 1393 1408 «Perverse
1403 1350 1481 1407 enirn
1491 1353 1640 1424 cogitatio-

103 1444 245 1499 mnnictio
267 1444 336 1500 lucis
357 1446 393 1499 nd
416 1446 570 1515 tenebras3
598 1447 649 1501 hos
674 1448 771 1520 pellite
815 1446 1382 1520 nesseparanthominesa[leotProo.1v,
1391 1444 1640 1518 tdlmsiperrersas

112 1538 257 1593 omnihus:
273 1540 349 1593 nulla
362 1540 438 1593 cnim
456 1540 608 1595 concordia
620 1540 722 1596 Christi
735 1541 769 1597 ad
821 1541 1008 1614 cogitationes
1020 1544 1155 1612 separant
1169 1538 1302 1595 homines
1315 1541 1410 1610 alleo,
1426 1544 1533 1612 quanto
1546 1541 1641 1612 magis

103 1635 177 1687 rratc
191 1648 249 1698 vos,
261 1632 362 1687 iratres
376 1633 543 1701 charissimi,
555 1638 690 1707 utreque
701 1636 768 1690 scri·
821 1651 908 1708 opera
921 1634 1048 1708 iniqua?
1062 1634 1137 1698 Quid
1153 1634 1232 1689 enim
1242 1633 1362 1705 nequius
1381 1635 1425 1689 cst
1442 1650 1530 1706 quam
1538 1634 1594 1690 illis
1605 1635 1640 1691 dc

104 1740 199 1795 neque
219 1742 319 1780 eorum
334 1726 437 1798 scripta
459 1723 627 1799 suscipiatis.
653 1729 770 1784 Studete
821 1727 1129 1802 quibusllominusait:
1144 1727 1224 1792 «Qui
1236 1727 1638 1801 rostangit,tangn‘tpupillam

107 1833 172 1886 ros,
197 1819 301 1873 fratres
329 1820 486 1875 charissimi
514 1827 543 1876 ct
571 1799 895 1889 comministri,ssoculi
911 1821 1068 1891 meilloch.
1083 1839 1113 1891 ιι,
1128 1821 1193 1893 8),»
1219 1820 1370 1892 quisquam
1386 1824 1523 1891 avertere,
1540 1839 1637 1896 perse·

116 1912 247 1983 spiritum
279 1916 308 1967 et
336 1918 492 1984 praesentes
525 1918 624 1970 nostro
651 1916 770 1971 concilio
821 1917 881 1991 qui,
896 1916 1043 1972 destruere
1055 1916 1184 1971 nitatur?
1196 1914 1419 1970 Probatanutem
1433 1913 1522 1970 virtus
1532 1919 1637 1988 portat.

103 2021 123 2072 e,
138 2007 223 2077 atque
238 2006 446 2078 subscriptione
459 2012 552 2062 restra
563 2009 726 2076 decernere,
741 2014 773 2065 ut
820 2009 960 2083 protegit,
984 2012 1013 2065 et
1039 2008 1203 2064 consolatur
1234 2022 1384 2079 oppressos
1409 2011 1439 2063 οι
1460 2007 1542 2063 docet
1567 2009 1638 2067 insi·

103 2115 135 2153 ns
148 2099 254 2170 ubique
267 2101 470 2156 comministris
492 2102 597 2157 nostris
618 2118 771 2158 consonari·
821 2105 960 2178 pientem.
975 2104 1024 2160 Est
1036 2101 1113 2158 eninr
1127 2103 1199 2157 Deus
1213 2100 1293 2156 testis
1306 2100 1398 2157 cordis
1410 2101 1547 2173 hominis,
1559 2119 1638 2161 scru-

104 2195 210 2247 rretur.
220 2193 389 2248 Abdicamus
402 2198 498 2249 autem
512 2196 572 2249 illos
587 2200 615 2250 οι
625 2201 705 2252 οιιιο
716 2201 771 2251 ιοι-
821 2201 953 2270 tatorque
975 2213 1059 2252 verus
1066 2195 1245 2267 singularum
1259 2195 1517 2264 conscientiarum,
1540 2201 1568 2253 et
1582 2197 1637 2254 lin·

103 2285 209 2341 tholicae
232 2287 362 2342 Ecclesia
392 2289 492 2359 procul
515 2289 693 2360 abjiciamus,
721 2290 770 2362 qui
821 2305 945 2360 guarum
959 2286 1137 2360 singularum
1155 2285 1278 2354 auditor,
1293 2301 1381 2358 quam
1396 2285 1513 2359 spiritus
1526 2286 1639 2343 Domini

103 2383 176 2434 nant
203 2381 279 2453 quod
292 2382 365 2435 Deus
387 2387 429 2436 est
450 2381 588 2450 Christus,
602 2383 652 2437 sed
667 2383 769 2440 aiunt:
820 2381 940 2453 replerit
950 2382 1050 2437 orbem
1059 2385 1212 2449 terrarum,
1228 2400 1242 2429 ο
1254 2381 1283 2434 et
1292 2380 1347 2435 hoc
1357 2379 1434 2452 quod
1444 2380 1572 2437 continet
1579 2397 1639 2437 om-

105 2488 118 2525 s
131 2489 190 2528 non
205 2477 257 2540 est,
274 2475 339 2546 quia
351 2474 438 2530 Filius
451 2479 503 2545 est,
533 2477 582 2532 scd
593 2492 675 2532 verns
685 2477 771 2532 Filius
820 2476 869 2531 nia
881 2473 1027 2531 scientiam
1041 2474 1129 2530 habat
1141 2473 1227 2529 vocis.
1244 2495 1258 2523 a
1279 2475 1314 2530 Et
1329 2472 1400 2528 alias
1413 2473 1489 2528 idem
1503 2474 1564 2547 ipse
1579 2474 1636 2531 ait:

103 2581 128 2621 ιο
144 2567 257 2637 genitus
270 2569 306 2623 sit
320 2569 403 2623 simul
417 2573 445 2623 οι
459 2569 614 2641 ingenitus.
632 2570 679 2626 Sic
694 2570 770 2626 enim
821 2570 894 2624 heus
908 2568 1032 2624 charitas
1044 2571 1096 2638 est,
1120 2567 1150 2622 in
1169 2568 1225 2624 hoc
1244 2567 1376 2639 apparuit
1395 2567 1516 2623 charitas
1541 2569 1591 2625 [tei
1608 2568 1639 2625 in

103 2678 151 2718 ere
164 2668 263 2718 natum
277 2662 459 2733 profitentur,
476 2663 542 2736 quia
560 2663 600 2719 sic
616 2663 768 2720 dixerunt:
821 2662 914 2732 nohis,
927 2661 1063 2733 quoniam
1075 2661 1176 2716 Filium
1190 2677 1275 2716 snum
1287 2659 1468 2733 unigenitum
1476 2660 1554 2716 misit
1563 2662 1639 2718 Deus

103 2772 146 2811 rm
162 2761 205 2811 est
224 2757 333 2811 lactum
353 2762 404 2811 est.
425 2759 458 2813 Et
474 2756 540 2829 quia
560 2774 625 2812 cunr
642 2758 771 2814 Christus
821 2755 851 2810 in
863 2754 1015 2823 mundum,
1034 2757 1068 2808 ιιι
1081 2753 1209 2809 vivamus
1221 2770 1274 2825 per
1286 2768 1364 2810 eum.
1379 2755 1411 2809 ln
1426 2754 1479 2809 hoc
1491 2760 1534 2810 est
1547 2754 1640 2810 cbari-

103 2849 135 2904 da
148 2849 193 2918 sit,
205 2850 345 2905 dederunt
354 2851 378 2906 ei
391 2850 563 2923 principium
574 2857 660 2923 atque
669 2852 769 2922 tinem,
820 2853 863 2904 tas
875 2865 932 2903 non
943 2846 1375 2919 quasiJnosdilexerimuslleum,
1385 2846 1638 2920 scilicetquoniam

103 2942 281 3014 intempore,
296 2943 440 2999 sedhahet
450 2945 636 3001 antesucula.
648 2948 771 3002 Oramus
819 2941 879 3014 ipse
893 2941 975 3014 prior
987 2940 1085 2996 dilexit
1103 2957 1166 3011 nos,
1185 2945 1214 2996 et
1232 2940 1311 2996 misit
1324 2940 1426 2996 Filium
1442 2957 1526 2997 suum
1540 2942 1637 3014 propi-

103 3053 139 3092 »ιο
151 3037 235 3091 nobis
249 3037 380 3093 omnibus
393 3042 422 3093 et
429 3038 547 3110 reliquis
560 3039 702 3112 oppressis
711 3039 768 3094 ira·
819 3035 971 3091 tiationem
984 3051 1036 3107 pro
1059 3034 1181 3107 peccatis
1199 3034 1313 3090 nostris.
1336 3034 1510 3106 Charissimi,
1526 3035 1550 3091 si
1564 3036 1638 3093 Deus

109 3129 162 3201 ipsi
177 3134 315 3185 eruantur
326 3131 417 3201 illaesi,
434 3137 461 3186 et
474 3135 621 3188 serventur
631 3133 770 3188 immacu·
820 3128 918 3184 dilexit
930 3145 982 3184 nos
995 3130 1024 3185 οι
1037 3144 1088 3184 nos
1098 3129 1228 3185 debimus
1246 3127 1368 3184 invicem
1383 3128 1505 3201 diligere
1520 3147 1527 3197 ;
1547 3129 1637 3188 Deum

103 3239 135 3278 ue
155 3224 228 3279 bene
241 3226 409 3295 placuerunt
420 3224 503 3281 firma
515 3230 705 3297 permaneant
718 3243 769 3299 per
820 3239 905 3280 nemo
928 3222 1000 3279 vidit
1012 3237 1149 3295 unquam.
1164 3222 1194 3278 Si
1204 3222 1359 3294 diligamus
1370 3222 1502 3292 invicem,
1516 3225 1592 3280 Dens
1606 3225 1636 3280 in

103 3318 769 3376 ‚nostrumlcsumChristumsccundumbonam
820 3317 901 3373 nobis
915 3319 1023 3385 manet,
1037 3319 1067 3371 et
1080 3315 1205 3371 charitas
1220 3316 1283 3387 ejus
1297 3316 1326 3371 in
1342 3315 1422 3371 nobis
1435 3317 1560 3387 perfecta
1575 3323 1635 3386 est,

103 3427 124 3466 ιι
137 3412 222 3480 iacta,
232 3411 323 3480 sicuti,
332 3412 474 3467 credimus
483 3413 531 3468 Dei
540 3418 568 3469 et
577 3414 770 3486 PatrisinSpi-
819 3411 849 3465 in
862 3410 915 3465 hoc
924 3409 1121 3481 intelligimus,
1130 3408 1268 3481 qnoniam
1282 3409 1311 3464 in
1324 3426 1357 3464 eo
1371 3426 1532 3479 manemus,
1539 3412 1636 3483 etipse

103 3503 179 3573 r,cui
188 3509 230 3560 est
238 3504 326 3576 gloria
335 3504 472 3560 insaecula
480 3506 767 3562 saeculorumhmen.
820 3504 848 3559 in
862 3504 952 3571 nobis,
966 3503 1103 3575 quoniam
1116 3502 1150 3558 dc
1164 3502 1267 3575 spiritu
1280 3519 1330 3558 suo
1344 3502 1423 3558 dedit
1435 3503 1526 3572 nobis,
1542 3511 1571 3560 et
1585 3522 1636 3560 nos

103 3597 334 3654 onsubstantialis
356 3602 464 3653 aeterna
485 3603 537 3655 est.
557 3600 629 3655 Data
650 3600 767 3655 llalend.
819 3597 956 3667 vidimus,
987 3600 1017 3652 et
1039 3595 1245 3664 testificamur,
1283 3596 1422 3668 quoniam
1450 3599 1532 3653 Pater
1559 3598 1637 3655 misit

103 3707 123 3761 s,
143 3691 282 3746 Feliciano
297 3697 325 3747 et
335 3691 503 3747 Maximiano
518 3693 551 3747 lV
560 3693 732 3748 consulibus.
819 3691 922 3746 Filium
934 3705 1019 3746 suum
1030 3690 1204 3746 salvatorem
1216 3689 1327 3745 mundi.
1347 3689 1478 3763 Quisquis
1491 3692 1636 3748 confessus

103 3818 273 3887 'matoria
287 3816 354 3871 mii
372 3834 455 3888 papae
475 3817 513 3873 ad
535 3817 684 3874 orientales
710 3820 767 3888 epi·
818 3784 913 3852 luerit,
940 3783 1078 3857 quoniam
1101 3785 1183 3840 lesus
1203 3790 1246 3839 est
1267 3782 1352 3839 Filius
1377 3784 1436 3853 Dei,
1458 3786 1532 3840 Deus
1555 3785 1634 3842 inco

103 3902 153 3959 pro
179 3891 268 3943 coasts
291 3889 449 3952 Athanasii,
475 3894 501 3944 ct
513 3890 662 3945 excessibus
674 3894 768 3944 contro
819 3883 925 3949 mamis
945 3881 974 3933 ei
993 3877 1054 3950 5l³⁵0
1073 3877 1198 3947 i¹¹1³⁸⁰3
1215 3882 1245 3932 ei
1262 3892 1312 3932 ¹¹⁰⁵
1326 3878 1520 3949 ⁰08¹¹⁰liffl1¹³i
1537 3882 1634 3935 θῑθιθ·

103 3974 135 4014 tm
148 3959 304 4015 Ecclesiam·
819 3972 914 4028 dimus
931 3970 1062 4027 charitati
1080 3986 1167 4044 quam
1189 3970 1276 4027 hahet
1294 3972 1368 4027 Deus
1385 3971 1415 4026 in
1431 3972 1535 4041 nobis;
1562 3974 1636 4030 Dens

103 4065 200 4122 bilibus
207 4065 487 4122 fratribusunirersis
497 4066 766 4139 Orientalibnsepis·
818 4064 942 4120 charitas
960 4067 1011 4133 est,
1027 4064 1117 4136 etqui
1131 4067 1228 4121 manet
1246 4063 1277 4120 in
1298 4063 1490 4134 charitate,in
1509 4067 1567 4122 Deo
1578 4083 1635 4122 ma·

104 4175 148 4215 us.
819 4161 876 4226 net,
891 4161 918 4214 οι
927 4160 1000 4215 Deus
1011 4157 1042 4212 in
1057 4174 1103 4214 eo.
1123 4160 1153 4212 ln
1173 4158 1229 4214 hoc
1247 4158 1374 4230 perlecta
1387 4161 1430 4214 est
1441 4158 1565 4215 charitas
1578 4177 1635 4216 non

103 4257 124 4309 tt
147 4268 215 4322 ros,
251 4252 372 4321 tratres,
409 4251 479 4306 alios
503 4251 695 4308 ecclesiasticis
723 4253 767 4307 in·
819 4252 899 4324 quasi
909 4268 962 4308 nos
975 4250 1265 4323 dilexerimusDeum,
1277 4251 1326 4307 sed
1339 4252 1478 4324 quoniam
1488 4253 1549 4326 ipse
1558 4254 1637 4327 prior

103 4345 236 4419 sciplinis,
250 4349 280 4400 et
289 4344 458 4401 nonmlibus
470 4360 591 4416 arguere
600 4346 766 4401 machinan·
818 4347 916 4402 dilexit
934 4362 994 4414 nos,
1015 4345 1081 4418 quia
1102 4346 1174 4401 sicut
1193 4346 1240 4402 ille
1256 4349 1309 4415 est,
1323 4353 1352 4403 et
1366 4363 1418 4402 nos
1429 4363 1527 4403 sumus
1539 4348 1569 4404 in
1582 4350 1636 4405 hoc

103 4444 158 4496 inte
184 4441 294 4495 loanne
320 4438 465 4511 Baptista:
492 4437 674 4495 «Neminem
699 4456 768 4494 con·
818 4438 934 4495 mundo.
959 4437 1056 4494 Timor
1076 4455 1134 4495 non
1156 4442 1199 4494 est
1224 4439 1253 4494 in
1276 4440 1428 4509 charitate,
1448 4441 1637 4513 sedperfecta

103 4550 186 4607 reque
204 4533 376 4589 calumniam
394 4532 502 4588 faciatis
518 4532 592 4603 (Lac.
615 4549 657 4603 ιιι,
679 4534 731 4604 ιι),
753 4555 767 4584 »ι
777 4541 808 4614 1)
819 4532 950 4599 charitas,
964 4532 1051 4601 foras,
1066 4532 1153 4588 mittit
1161 4533 1306 4603 timorem,
1322 4533 1459 4605 quoniam
1472 4550 1587 4605 poenam
1598 4535 1636 4590 ti·

103 4647 119 4684 ι.
136 4628 175 4682 lle
194 4644 250 4700 qua
272 4644 303 4682 re
320 4631 349 4682 οι
360 4627 503 4698 apostolus
522 4627 625 4682 Paulus
650 4643 702 4683 nos
726 4627 768 4682 in·
818 4625 1637 4698 morhebet;qniautemtimet,nonestperlectusinchari·

103 4737 165 4776 ens:
192 4744 206 4771 α
222 4721 341 4790 Fratres,
365 4726 393 4777 et
408 4721 430 4774 si
450 4724 666 4791 praeoecupatus
682 4720 769 4776 luerit
818 4724 885 4775 tate.
902 4719 1034 4790 Nosergo
1047 4718 1198 4790 diligamus
1211 4719 1310 4789 licum,
1327 4719 1463 4790 quoniam
1477 4720 1549 4777 Deus
1559 4723 1638 4794 prior

103 4814 192 4887 ilique
205 4815 319 4883 delicto,
341 4832 389 4869 vos
402 4813 451 4887 qui
465 4813 626 4884 spirituales
641 4814 709 4870 estis
724 4814 766 4869 in·
819 4812 917 4869 dilexit
925 4828 987 4869 nos.
1003 4811 1033 4867 Si
1042 4811 1105 4884 quis
1117 4812 1229 4882 dixerit,
1241 4813 1376 4884 quoniam
1391 4813 1478 4886 diligo
1493 4814 1595 4886 ileum,
1609 4820 1638 4872 et

103 4908 233 4980 [jusmodi
258 4908 287 4962 in
307 4908 409 4979 spiritu
428 4907 561 4976 lenitatis,
585 4907 768 4963 considerans
818 4905 1536 4976 iratremsuumoderit,mendaxest.0uienimnon
1545 4909 1639 4982 diligit

103 5017 134 5056 ne
146 5006 174 5057 et
185 5007 218 5057 tn
227 5000 345 5057 tenteris
356 5001 425 5067 (Get.
436 5017 473 5069 rr,
490 5001 524 5071 ι),
539 5021 553 5050 u
570 4999 726 5073 etreliqua.
735 5002 770 5056 Et
819 5001 936 5057 fratrem
947 5016 1030 5056 suum
1048 5016 1133 5072 quem
1149 4998 1235 5068 ridet,
1253 5001 1343 5055 Deum
1365 5017 1453 5073 quem
1473 5018 1531 5057 ιιοιι
1550 5003 1637 5070 ridet,

103 5109 131 5149 ns
150 5095 291 5166 apostolus
307 5095 367 5150 ait:
399 5116 413 5143 (ι
434 5095 540 5149 Omnes
565 5093 716 5150 unanimes
738 5094 768 5149 in
820 5093 1491 5166 quomodopotestdiligere‘lllthecmandatnm
1501 5096 1640 5152 hahemus

103 5191 190 5258 stote,
199 5188 412 5260 compatientes,
422 5187 607 5243 fraternitatis
616 5193 768 5255 amatores,
819 5190 917 5257 alteo,
935 5210 949 5237 ι(
961 5187 1052 5260 utqui
1064 5187 1159 5259 diligit
1175 5189 1277 5256 Deum,
1294 5188 1396 5262 diligat
1409 5190 1528 5246 trabem
1544 5207 1637 5247 suum.

103 5281 158 5349 les,
173 5282 304 5353 modesti,
323 5282 454 5349 humiles,
468 5297 527 5336 non
541 5281 694 5337 reddentes
706 5297 768 5336 ma·
820 5284 845 5352 (l
855 5284 934 5339 loon.
945 5297 985 5352 iv,
995 5284 1083 5352 a-rr).
1097 5302 1111 5334 ι
1125 5284 1197 5338 ιιοιι
1210 5282 1307 5355 etipsa
1317 5283 1465 5354 Sapientia
1479 5285 1532 5339 ait:
1542 5306 1556 5334 a
1572 5284 1638 5340 Lin-

103 5377 175 5446 nalo,
189 5376 235 5431 vel
247 5375 432 5431 maledictum
446 5391 499 5446 pro
514 5374 675 5445 maledicto,
689 5376 737 5431 sed
753 5391 769 5429 ο
821 5392 878 5446 gua
892 5374 1064 5447 sapientium
1074 5380 1158 5431 ornat
1171 5376 1330 5442 scientiam,
1340 5391 1372 5430 os
1383 5376 1530 5433 fatuorum
1540 5377 1641 5434 ebullit

111 5469 322 5538 benedicentes,
345 5454 413 5542 quia
437 5469 467 5524 in
481 5470 533 5524 hoc
546 5469 636 5525 vocati
649 5469 725 5538 estis,
738 5475 771 5525 ut
820 5468 978 5525 stultitiam.
994 5470 1026 5524 ln
1039 5469 1118 5524 omni
1131 5469 1194 5525 loco
1214 5469 1288 5525 oculi
1316 5467 1429 5523 Domini
1439 5471 1639 5541 contemplan-

103 5578 177 5620 mem
208 5564 374 5619 hereditate
405 5563 580 5635 possideatis.
612 5564 666 5629 Qui
693 5563 771 5619 enim
819 5569 867 5619 tur
883 5563 974 5618 bonos
988 5563 1018 5618 et
1032 5562 1131 5631 malos,
1154 5563 1256 5636 lingua
1277 5560 1424 5633 placabilis
1437 5560 1550 5631 lignum
1565 5563 1640 5632 ιιιιο,

103 5673 113 5713 ι
132 5656 252 5729 diligere
276 5662 304 5713 et
323 5657 420 5713 ridere
443 5657 502 5712 dies
522 5657 622 5723 bonos,
644 5660 772 5712 coerceat
822 5660 996 5729 querentem
1011 5657 1202 5713 immoderata
1219 5659 1270 5726 est,
1286 5653 1570 5725 conteretspiritum.
1584 5657 1640 5712 ιιο-

103 5764 176 5806 ιιιιιιι
190 5752 301 5818 amalo,
313 5750 494 5821 etlahiaejus
506 5764 543 5804 ne
554 5750 707 5820 loquantur
719 5750 770 5805 do·
820 5766 885 5805 mus
902 5751 972 5822 justi
993 5751 1116 5824 plurima
1136 5751 1282 5815 fortitudo,
1304 5749 1379 5804 etin
1397 5747 1536 5804 fructibus
1557 5747 1640 5822 impii

103 5843 183 5905 ilisa
194 5861 212 5902 a
224 5845 300 5903 malo
315 5848 344 5903 et
356 5844 443 5903 iaciat
451 5844 569 5913 bonum,
582 5841 710 5918 inquiret
717 5858 770 5920 pa·
814 5844 1000 5903 conturbatio
1015 5861 1023 5913 3
1039 5844 1115 5903 labia
1127 5843 1299 5919 sapientium
1313 5831 1535 5902 disseminabunt
1554 5843 1642 5904 scieu-
