3870 6150
144 164 208 222 lib
594 162 738 218 APPEND.
758 161 803 218 AD
821 160 905 217 SAEC.
925 160 969 215 ll.
983 187 1018 200 ·-
1036 158 1156 216 1s1uota1
1172 158 1388 217 maceratus

150 269 337 329 creberrimas
359 271 529 338 Germanus,
559 270 608 342 qui
622 269 733 349 ¹asserit
758 285 788 326 se
814 285 875 327 esse
903 285 966 340 pre·
978 268 1164 353 Amantibus
1186 268 1290 324 nostris
1311 269 1480 338 indicerent,
1502 270 1718 346 facerentquer

152 365 308 436 sbytcrum,
324 368 409 435 atque
421 361 598 435 lupentinus
609 362 659 435 qui
671 380 702 418 se
720 362 873 419 diaconum
888 363 967 434 dicit,
1018 361 1162 416 modicum
1173 362 1305 418 dubitare
1318 365 1415 418 utrum
1424 364 1718 436 aliterputaremusu

150 459 308 514 multorum
329 457 439 524 talium,
455 457 535 528 quasi
557 457 699 529 legatione
713 458 852 528 suscepta,
872 474 966 528 prece,
1018 456 1214 527 essentposita
1227 457 1471 527 quemadmodum
1479 460 1718 530 personabantss

149 553 213 609 lusa
228 551 339 607 dolores
360 549 491 623 proprius
512 550 670 621 exprimere
689 549 872 621 gestiverunt,
896 566 969 606 asse
1018 549 1121 621 saepius
1134 549 1225 621 repeti
1241 550 1380 620 iecissem,
1396 551 1503 606 adverti
1523 552 1581 607 sedi
1597 552 1718 624 apostoli

149 649 247 704 rentes
260 644 402 718 siquidem
417 642 552 699 Ecclesiae
572 643 601 698 iu
621 643 779 699 dilectionis
795 646 851 699 tuae
864 643 966 699 consti·
1017 641 1165 714 injuriam,
1184 643 1321 715 adquam
1336 644 1437 700 relatio
1452 646 1531 717 quasi
1547 645 1586 700 ad
1599 647 1718 718 caputii

149 746 226 798 tutas
234 737 376 813 parochiis
388 736 520 805 retinere,
529 735 635 792 scilicet
644 741 723 793 tuam
734 737 968 793 communionem
1017 752 1082 790 rum
1098 736 1184 791 missa
1197 736 1339 806 currebat,
1356 738 1436 809 cujus
1448 739 1541 794 adhuc
1552 739 1582 794 iu
1593 739 1718 813 ambigu

152 851 211 890 non
230 832 355 906 potuisse
381 829 503 896 mereri;
538 829 668 886 videlicet
691 847 724 885 ea
755 830 875 901 ratione,
902 831 968 902 quia
1018 830 1107 885 tentia
1129 830 1291 886 duceretur.
1308 831 1387 885 Unde
1405 832 1558 904 dequibus
1577 832 1718 905 jamdudu

150 927 294 986 Rusticius
312 925 428 998 quidem
450 921 568 979 nomine
582 923 681 979 iterata
701 924 879 980 ordinatione
901 941 966 997 pre·
1017 923 1106 995 psisse
1120 940 1167 977 me
1180 923 1309 992 memini,
1327 939 1403 979 nunc
1418 925 1523 981 iterare
1535 926 1662 981 formam
1675 943 1718 994 au,

152 1020 308 1094 sbyterium
320 1017 498 1089 suscepisset,
517 1020 545 1071 et
558 1033 616 1072 non
630 1017 684 1072 levi
699 1017 905 1090 impedimento
922 1017 966 1085 sit,
1019 1015 1239 1071 evidentioribus
1250 1016 1364 1088 gemina
1375 1019 1569 1089 percunctatio
1576 1024 1671 1075 vestra
1683 1035 1718 1075 co

152 1117 222 1172 dum
237 1119 286 1170 aut
298 1111 338 1168 illi
357 1112 455 1169 dolent
466 1111 576 1166 homini
592 1111 739 1167 hominem
756 1111 914 1168 inecclesia
926 1128 969 1166 re·
1054 1110 1119 1165 Car.
1134 1111 1155 1165 l.
1172 1111 1226 1164 Eos
1241 1109 1290 1182 qui
1304 1110 1400 1165 viduas
1410 1111 1550 1183 accepisse
1563 1128 1716 1185 suggerun

150 1210 268 1277 ctinere,
283 1210 333 1262 aut
345 1205 426 1262 illesi
438 1221 554 1277 peccare
568 1205 671 1261 debere
685 1205 715 1259 in
729 1205 797 1261 alios
805 1205 967 1274 arbitretur,
1018 1218 1130 1258 resnou
1143 1202 1235 1257 solum
1248 1203 1365 1259 clericos
1378 1203 1490 1260 allectos
1502 1207 1616 1277 agnovi,
1634 1222 1718 1263 verm

152 1300 398 1376 quemadmodum
419 1299 450 1354 in
465 1316 495 1354 se
516 1298 644 1372 agnoscit
665 1315 725 1354 esse
751 1304 908 1370 peccatum.
935 1301 969 1355 Et
1018 1313 1107 1368 usque
1120 1296 1155 1351 ad
1168 1295 1272 1351 infulas
1286 1298 1391 1352 summi
1410 1298 1561 1354 sacerdotii
1573 1299 1718 1371 pervenis*

151 1395 280 1470 quamvis
301 1395 337 1450 de
359 1394 458 1449 eadem
480 1409 511 1448 re
526 1391 640 1465 plenius
663 1392 766 1448 litterae
786 1409 859 1448 meae
878 1395 967 1450 conti·
1018 1394 1117 1446 contra
1129 1389 1201 1463 legis
1218 1406 1277 1446 esse
1291 1395 1432 1463 precepta
1444 1392 1677 1463 nullusignorat.
1693 1394 1718 1449 N

151 1493 250 1558 neant,
267 1505 336 1561 quas
350 1485 481 1558 superius
494 1485 663 1555 memoravi,
677 1488 774 1541 tamen
789 1502 864 1541 nunc
880 1487 968 1543 etiam
1018 1485 1127 1556 Moyses
1138 1483 1285 1555 legislator
1297 1483 1425 1539 clamitet
1434 1501 1441 1540 :
1450 1504 1464 1537 ιι
1471 1484 1609 1540 Sacerdos
1616 1502 1718 1543 uxorei

151 1583 361 1641 admonendam
371 1580 505 1637 duximus
513 1579 722 1636 fraternitatem
732 1588 822 1650 tuam,
833 1585 864 1636 ut
873 1581 968 1637 sivere
1019 1593 1085 1632 nem
1099 1577 1237 1648 accipiat3
1253 1593 1286 1632 ac
1298 1594 1334 1632 ue
1347 1577 1436 1632 inhoc
1448 1583 1592 1650 precepto
1605 1578 1718 1651 aliquid

151 1680 261 1734 constat
274 1676 383 1748 aliquos
396 1677 463 1729 ante
476 1673 690 1730 damnationem
705 1674 808 1730 Bonosi
821 1675 856 1730 ab
867 1651 1007 1730 eodemB
1018 1673 1065 1725 tur
1078 1669 1247 1741 ambiguum
1267 1670 1377 1726 addidit
1387 1687 1446 1726 non
1463 1671 1588 1741 viduam,
1609 1689 1709 1745 neque

151 1771 306 1840 ordinatos,
314 1773 413 1841 postea
428 1767 547 1823 voluisse
560 1767 604 1822 vel
618 1784 696 1823 nune
710 1768 781 1824 velle
793 1769 905 1838 reverti,
919 1786 968 1825 eos
1019 1763 1121 1835 (Erech.
1141 1780 1212 1831 xmv,
1229 1762 1282 1837 32).
1301 1785 1315 1813 a
1339 1766 1444 1821 Contra
1457 1766 1533 1837 quod
1544 1768 1718 1838 praeceptum

149 1864 327 1936 recipiendos
342 1879 402 1918 esse
424 1877 582 1930 censemus,
598 1861 802 1917 maximarum
818 1862 970 1919 memorati
1019 1856 1184 1912 auctoritate
1191 1857 1344 1913 subnixum
1357 1858 1434 1913 nulla
1447 1858 1718 1915 delensiomandati

151 1960 279 2015 asserant
302 1973 332 2012 se
346 1956 490 2012 intantum
510 1955 649 2010 anteriori
670 1960 798 2028 tempore
823 1956 970 2012 ordinatos
1019 1950 1182 2023 opponitur,
1193 1950 1248 2006 nisi
1262 1951 1438 2007 consuetudo
1453 1952 1718 2026 vestra,quae,uti1

148 2057 183 2109 ut
198 2054 304 2109 sanctae
315 2048 519 2106 recordationis
530 2048 623 2103 vimm
633 2049 795 2104 Cornelium
804 2049 969 2122 episcopum
1019 2045 1102 2115 mini,
1117 2061 1150 2100 ex
1162 2045 1326 2117 ignorantia
1346 2047 1388 2116 (ut
1400 2045 1586 2101 verecundius
1602 2045 1718 2119 dicam),

151 2143 322 2218 syrimensis
343 2143 432 2205 urbis,
453 2157 565 2197 necnon
589 2143 617 2196 et
633 2142 751 2198 fratrem
776 2145 905 2198 nostrum
919 2143 968 2199 Ni·
1018 2138 1170 2211 apostolica
1181 2138 1334 2193 traditione
1352 2143 1381 2194 et
1400 2139 1511 2194 ratione
1527 2141 1651 2211 integra,
1667 2144 1718 2196 stat

151 2241 240 2294 cetam
253 2237 378 2309 aliosque
390 2235 542 2291 nonnullos
553 2235 639 2290 fuisse
656 2240 821 2307 presentes,
836 2254 903 2294 cum
915 2238 967 2293 ho·
1018 2233 1073 2287 Nos
1082 2235 1178 2287 autem
1197 2248 1295 2288 omues
1308 2232 1357 2305 qui
1371 2248 1422 2304 per
1434 2233 1581 2288 Orientem
1593 2233 1718 2289 Occiden

150 2332 347 2402 nuribusquos
373 2345 402 2384 se
416 2329 523 2384 habere
539 2335 766 2386 commemorant
784 2335 967 2404 augerentur.
1018 2325 1155 2382 Ecclesias
1170 2326 1307 2399 regimus,
1319 2327 1429 2382 noverit
1440 2330 1533 2382 vestra
1546 2326 1663 2383 dilectio
1678 2326 1718 2383 ba

150 2426 241 2494 Unde,
264 2425 353 2480 frater
377 2423 552 2492 charissime,
580 2422 604 2477 si
619 2439 718 2479 eorum
743 2424 857 2480 assertio
882 2425 968 2480 fldem
1018 2425 1063 2475 tus
1077 2436 1134 2475 non
1146 2420 1305 2489 admittere,
1325 2437 1377 2475 nec
1393 2420 1430 2475 ad
1443 2420 1577 2476 ultimum
1594 2420 1718 2477 ecclesia

150 2519 252 2591 recipit
264 2519 333 2588 veri,
350 2517 544 2589 suscipiendos
557 2533 616 2572 esse
635 2517 781 2589 ambigere
802 2534 860 2574 non
872 2518 967 2589 debes,
1019 2513 1092 2569 dinis
1114 2514 1209 2569 locum
1235 2515 1307 2569 tales
1330 2531 1485 2585 assumere,
1501 2519 1530 2570 et
1550 2514 1574 2568 si
1588 2513 1698 2587 reperti
1717 2563 1718 2568 ,

150 2629 220 2684 quos
241 2611 342 2666 tandiu
363 2610 500 2666 Eeclesias
514 2609 567 2665 sibi
587 2609 708 2667 creditas
726 2627 826 2682 passus
837 2615 880 2667 est
900 2612 968 2666 reti·
1019 2608 1198 2663 submovere.
1302 2687 1306 2695 ³

148 2720 229 2763 nera.
1053 2703 1085 2756 ll.
1105 2700 1215 2757 Deinde
1236 2702 1353 2773 ponitur
1371 2719 1430 2757 non
1453 2702 1508 2758 dici
1532 2709 1665 2774 oportere
1687 2701 1718 2767 di,

203 2801 269 2855 lton
284 2797 397 2868 episimo
410 2797 530 2866 ejudem
544 2797 913 2868 odepiscoposliocedoniae.
1018 2811 1083 2850 eum
1113 2795 1163 2867 qui
1194 2795 1415 2850 catechumenus
1440 2796 1575 2851 habuerit
1605 2799 1718 2868 atquae

187 2891 211 2941 t.
237 2887 274 2941 Ut
293 2885 317 2940 si
328 2884 466 2954 sacerdos,
485 2885 529 2939 vel
550 2885 671 2957 quilibet
694 2901 728 2940 ex
753 2886 837 2956 clero,
854 2888 969 2945 viduam
1019 2904 1147 2957 uxorem,
1170 2889 1278 2960 sipost
1299 2889 1473 2960 baptismum
1494 2889 1580 2944 suerit
1603 2890 1691 2944 aliam
1709 2905 1718 2944 s

150 2995 271 3036 uxorem
297 2977 420 3048 duxerit,
447 2978 490 3033 vel
502 2982 505 2989 '
516 2978 646 3050 ejectam,
674 2995 758 3034 suum
778 2979 880 3051 perdat
902 2982 966 3037 offi-
976 3019 1004 3095 C
1018 2998 1140 3053 eamque
1153 2982 1277 3053 primam
1298 2983 1390 3037 videri
1404 2999 1467 3055 quae
1487 2999 1560 3038 novo
1575 2982 1688 3038 homini
1706 2999 1718 3038 c

149 3072 236 3128 cium.
1017 3076 1063 3146 sit,
1076 3075 1143 3147 quia
1153 3075 1223 3130 illud
1232 3076 1398 3147 conjugium
1408 3076 1614 3149 postbaptismi
1624 3092 1718 3132 sacrun

183 3169 210 3221 2.
227 3166 262 3222 Ut
274 3164 298 3220 si
318 3165 382 3237 quis
403 3165 627 3220 catechumenus
649 3164 780 3222 habuerit
791 3183 922 3240 uxorem,
939 3173 968 3225 et
1017 3186 1082 3225 cum
1095 3168 1718 3235 cateriscriminibussitablutum.0uodcum

148 3259 282 3315 defuncta
294 3274 327 3314 ea
340 3263 405 3331 post
422 3257 595 3330 baptismum
609 3258 751 3330 acceperit
766 3258 897 3330 alteram,
913 3263 967 3318 ele
1017 3264 1117 3336 utiquc
1131 3262 1243 3330 dicitur,
1260 3266 1337 3318 certe
1349 3263 1371 3317 si
1387 3266 1445 3318 tres
1458 3264 1591 3319 habuerit
1602 3265 1635 3319 in
1648 3268 1718 3320 vetar

146 3353 223 3410 ricus
236 3369 298 3408 esse
313 3368 372 3408 non
380 3352 478 3425 possit.
1016 3361 1061 3412 tus
1087 3356 1214 3424 homine,
1230 3373 1303 3412 uxor
1326 3357 1380 3412 erit
1403 3358 1464 3429 ejus
1487 3375 1551 3429 quae
1573 3363 1640 3430 post
1662 3357 1718 3431 bap

182 3450 209 3502 3.
224 3446 304 3512 Quod
325 3462 383 3502 uon
397 3445 588 3502 admittantur
601 3443 698 3502 clerici
714 3446 750 3501 ab
764 3447 905 3505 hereticis
920 3465 966 3505 or·
1017 3455 1120 3522 quarta
1132 3455 1183 3518 est,
1192 3450 1231 3505 sic
1246 3451 1501 3523 interpretantibus
1507 3452 1616 3522 prima:
1630 3451 1718 3525 virgin

146 3540 246 3596 dinati.
1016 3560 1123 3600 nomen
1133 3543 1253 3616 accipiat
1264 3560 1328 3617 quae
1341 3550 1442 3615 quarto
1451 3545 1534 3599 ducta
1543 3548 1586 3600 est
1598 3545 1672 3602 loeo.
1685 3545 1718 3612 οι

182 3633 279 3708 176
295 3635 321 3692 l.
335 3633 424 3704 Quod,
447 3632 478 3687 in
498 3631 724 3688 ordinationibus
737 3634 857 3691 crimina
871 3635 915 3692 vel
927 3636 966 3691 vi·
1015 3637 1092 3692 istud
1111 3653 1170 3693 non
1187 3636 1283 3692 videat
1301 3643 1399 3693 contra
1418 3638 1545 3710 Apostoli
1565 3655 1628 3695 esse
1647 3654 1718 3711 praec

146 3729 195 3798 tia,
208 3745 267 3784 non
280 3729 354 3784 bene
369 3727 522 3783 credantur
532 3725 648 3782 auferri.
1015 3730 1130 3802 quiait:
1146 3752 1160 3781 κ
1171 3731 1261 3786 Unius
1268 3731 1367 3786 uxoris
1379 3732 1472 3786 virum
1481 3744 1553 3804 opus
1563 3732 1628 3787 fieri
1638 3748 1718 3789 sacen

181 3826 207 3879 5.
220 3822 303 3887 Quod
315 3822 356 3892 hi,
375 3821 425 3895 qui
442 3838 460 3876 a
473 3821 585 3876 Bonoso
599 3820 734 3877 haeretico
748 3822 873 3879 ordinati
887 3829 964 3895 sunt,
1015 3822 1081 3896 (Tit.
1096 3841 1115 3891 1,
1135 3825 1173 3897 6.)
1190 3846 1204 3873 »
1221 3823 1274 3879 Sed
1288 3824 1422 3895 objicitur
1444 3826 1520 3896 quod
1539 3826 1569 3880 in
1582 3825 1718 3898 baptismo

143 3918 296 3989 propterea
308 3915 366 3971 siut
378 3914 495 3987 recepti,
511 3930 548 3969 ue
562 3913 727 3970 scandalum
743 3920 904 3973 remaneret
917 3918 965 3973 Ec·
1015 3917 1155 3990 quidquid
1165 3917 1195 3972 in
1208 3920 1303 3973 vetere
1316 3918 1432 3973 homine
1445 3925 1559 3991 gestum
1571 3922 1615 3975 est
1629 3919 1667 3974 sit
1677 3919 1718 3975 lot

143 4009 247 4065 clesiae.
1014 4011 1068 4067 cite
1083 4011 1165 4080 mibi,
1181 4028 1247 4066 cum
1262 4028 1330 4083 pace
1345 4018 1436 4068 vestra
1453 4013 1566 4085 loquor,
1580 4013 1718 4070 ιιίιιιίιιι4

180 4104 206 4157 u.
220 4101 301 4166 Quod
313 4101 344 4156 in
362 4101 486 4157 Ecclesia
503 4103 654 4173 peecatum
667 4100 766 4172 populi
779 4102 902 4159 multum
917 4120 963 4159 so·
1015 4105 1198 4160 dimittuntur
1210 4105 1239 4160 in
1252 4105 1406 4178 baptismo,
1423 4124 1459 4161 an
1479 4111 1508 4161 et
1522 4107 1578 4161 alia
1594 4124 1662 4179 quae
1674 4123 1718 4163 soc

142 4194 201 4249 leat
210 4210 371 4249 remanere.
1014 4199 1124 4254 Domini
1139 4201 1293 4271 praecepta,
1306 4216 1338 4254 ac
1350 4200 1399 4254 Dei
1413 4200 1718 4273 institutacomplentn

179 4292 205 4342 7.
232 4287 313 4353 Quod
339 4287 507 4359 subreptum
535 4285 623 4340 luerit
647 4287 807 4359 apostolica
837 4290 906 4359 sedi,
935 4294 964 4347 et
1012 4309 1073 4348 rem
1089 4294 1192 4348 ducere
1206 4293 1317 4348 crimen
1335 4299 1386 4362 est,
1401 4310 1499 4349 annon
1520 4297 1563 4349 est
1579 4294 1714 4351 criment

142 4398 225 4438 suam
236 4382 267 4438 in
275 4381 378 4438 melius
393 4380 564 4436 seutentiam
570 4381 754 4437 commutarit
760 4384 875 4454 quando
883 4384 963 4441 dam-
970 4388 1001 4461 D
1013 4403 1081 4442 men
1096 4392 1148 4456 est,
1159 4402 1228 4458 ergo
1244 4386 1371 4458 (praelata
1383 4388 1467 4442 venia
1481 4387 1615 4459 dixerim)
1626 4388 1681 4445 erit
1690 4404 1718 4444 at

140 4477 286 4533 nationem
301 4476 393 4533 Fotini
407 4474 533 4532 rescidit.
1012 4480 1094 4551 culpa
1114 4480 1172 4552 qui,
1189 4483 1221 4535 ut
1235 4480 1355 4535 crimina
1373 4481 1621 4537 committerentur
1640 4483 1671 4538 in
1690 4497 1718 4555 pe

177 4573 356 4629 innocencius
370 4572 447 4628 Euro
462 4573 491 4626 et
503 4571 630 4640 Euserio,
653 4573 681 4625 et
699 4571 807 4626 caeteris
822 4573 961 4647 episcopis
1011 4589 1077 4628 eum
1096 4573 1158 4645 ipse
1173 4589 1222 4629 eos
1243 4575 1388 4646 jungeret,
1402 4575 1561 4631 benedixit.
1580 4576 1613 4633 Si
1635 4591 1718 4632 vexor

140 4665 348 4734 Macedonibus,
360 4671 389 4722 et
403 4664 540 4735 diaconis,
552 4665 583 4725 in
596 4665 716 4721 Domino
730 4667 860 4721 salutem.
1010 4666 1129 4737 crimen,
1146 4667 1213 4739 quia
1226 4667 1304 4739 quod
1314 4670 1387 4723 Deus
1397 4669 1493 4740 junxit
1512 4671 1593 4725 nefas
1607 4671 1645 4725 sit
1656 4670 1718 4727 crim

176 4759 276 4831 ldagba
289 4776 335 4815 me
350 4759 503 4830 gratulatio
520 4758 704 4828 babuitcum,
720 4763 785 4830 post
798 4758 961 4818 discrimina
1009 4761 1121 4832 paliari,
1136 4766 1164 4816 et
1179 4762 1314 4817 Salomon
1326 4762 1451 4817 addidit:
1470 4783 1484 4815 ιι
1495 4764 1605 4820 etenim
1620 4782 1636 4819 a
1651 4765 1709 4820 lieo

139 4850 227 4906 totius
251 4851 295 4924 (ut
321 4852 363 4908 ita
377 4852 508 4925 dixerim)
523 4851 634 4921 mundi,
659 4852 759 4907 Vitatis
784 4853 957 4911 archidiaco-
1009 4859 1090 4909 ratur
1104 4855 1164 4909 viro
1186 4872 1258 4910 uxor
1273 4855 1361 4927 (Prov.
1384 4873 1438 4925 xix,
1461 4859 1543 4926 14).»
1571 4857 1718 4923 Quomodo

140 4961 193 4999 nus
201 4947 362 5001 vestrarum
369 4945 493 5017 portitor
504 4945 665 5001 litterarum
675 4961 709 5000 ex
717 4945 771 5000 illis
780 4946 910 5017 partibus
922 4950 958 5004 ad
1009 4948 1084 5005 inter
1096 4949 1217 5003 crimina
1229 4965 1289 5004 esse
1305 4949 1453 5005 dimissum
1468 4951 1545 5022 quod
1560 4956 1679 5008 auctore
1689 4952 1718 5006 Ιιι

139 5054 192 5093 nos
206 5054 297 5111 usque
311 5037 435 5096 directus
457 5039 581 5094 advenit.
596 5039 687 5104 Quem
701 5055 766 5094 cum
779 5039 956 5113 vidissemus,
1009 5046 1056 5097 tur
1069 5043 1320 5098 consummatum?
1338 5044 1407 5115 quid
1421 5044 1455 5099 de
1471 5045 1573 5100 talium
1596 5046 1665 5102 tiliis
1675 5050 1718 5119 per

137 5131 213 5188 illico
229 5137 260 5188 ut
271 5132 431 5205 oportebat,
457 5132 633 5205 percunctati
647 5132 681 5188 de
708 5136 801 5189 vestro
823 5137 900 5190 statu
913 5152 958 5191 su·
1007 5136 1078 5191 tur?
1093 5135 1227 5209 Nunquid
1243 5152 1302 5191 non
1321 5143 1406 5194 erunt
1423 5138 1595 5195 admittendi
1613 5140 1645 5197 in
1658 5141 1718 5197 ben

138 5242 212 5281 mus.
229 5227 344 5298 Verum,
357 5226 407 5282 ubi
420 5227 578 5299 reperimus
587 5243 636 5281 vos
647 5242 682 5281 ex
695 5227 955 5300 sententiadegere,
1007 5230 1160 5299 consortio,
1181 5230 1248 5303 quia
1262 5248 1294 5287 ex
1313 5248 1345 5287 ea
1359 5233 1481 5304 suscepti
1496 5239 1563 5289 suut
1577 5250 1646 5307 quae
1659 5240 1718 5293 ante

137 5320 197 5377 Deo
211 5323 308 5377 nostro
333 5320 433 5376 uberes
449 5320 554 5393 gratias
575 5320 732 5388 retulimus,
749 5321 825 5393 quod
852 5338 902 5377 vos
917 5322 956 5377 fa·
1007 5341 1101 5379 smum
1115 5324 1168 5380 fuit
1182 5326 1276 5381 uxor?
1300 5328 1446 5400 Eruntque
1460 5328 1639 5401 appellandi,
1658 5329 1718 5387 scili

137 5414 229 5470 mulos
253 5431 319 5471 suos
334 5414 392 5471 suis
410 5414 546 5471 altaribus
568 5414 732 5483 servientes,
747 5414 817 5470 etin
831 5415 956 5471 adversis
1006 5419 1122 5486 turales,
1138 5419 1181 5473 vel
1197 5420 1295 5490 spurii,
1309 5421 1447 5492 quianon
1464 5438 1524 5478 esse
1544 5423 1711 5496 legitimum

135 5511 242 5576 tuetur,
252 5513 281 5564 et
294 5508 324 5565 in
336 5509 481 5583 prosperis
495 5508 655 5582 gubernare
669 5508 813 5580 dignatur.
829 5509 955 5575 Quicum
1005 5512 1145 5584 monium,
1161 5513 1214 5568 uisi
1230 5513 1311 5580 illud,
1328 5518 1358 5570 ut
1374 5516 1453 5572 vobis
1465 5515 1589 5587 videtur,
1606 5520 1718 5594 quodp

134 5601 298 5660 tradidisset
308 5603 454 5677 epistolas,
471 5620 519 5661 eas
531 5603 655 5676 praecepi
670 5602 746 5659 illico
760 5604 910 5672 recenseri,
924 5603 954 5659 in
1004 5607 1141 5678 ptismum
1154 5608 1317 5664 assumitur.
1329 5611 1391 5682 lpse
1406 5611 1545 5667 Dominus
1558 5628 1626 5670 cum
1638 5615 1718 5671 nun

120 5693 228 5764 quibus
251 5697 346 5757 multa
366 5698 464 5776 posite
486 5714 548 5759 esse
567 5696 699 5779 previdi,
714 5715 777 5778 que
803 5703 951 5778 stuporem
1003 5702 1088 5759 tura
1109 5702 1222 5776 iudeis,
1245 5704 1268 5764 si
1288 5703 1386 5764 liceret
1404 5704 1550 5769 dimittere
1574 5707 1718 5786 exorent
