3870 6150
131 232 168 285 aa
755 231 991 290 undaurnimat
1010 235 1205 292 contactio.
1783 250 1817 304 30

131 337 226 392 simile
250 343 292 393 est
313 337 355 393 illi
377 353 384 393 :
406 337 511 411 Diliges
530 340 693 410 proximum
714 345 794 396 tuum
813 346 951 413 tanquam
962 353 992 426 Α
1003 347 1101 408 vestra,
1112 349 1142 399 et
1154 344 1313 415 glorificent
1325 347 1435 403 Patrem
1449 349 1573 403 vestrum
1584 349 1634 421 qni
1647 349 1677 405 in
1689 352 1816 411 cmlisest

131 429 268 502 teipsum.
288 431 377 502 ldajns
402 432 505 489 horum
530 433 607 488 aliud
634 427 801 490 mandatum
823 451 881 491 uon
908 439 952 490 est
1001 434 1109 506 (Mottln
1123 452 1151 506 r,
1170 440 1201 493 te
1216 443 1244 493 et
1260 439 1312 510 ιι).
1329 460 1342 488 ι

131 522 230 592 (Dm.
247 540 296 594 ιιι,
308 526 355 593 29,
369 526 405 580 30
419 528 448 580 et
461 527 515 597 3ι).
533 545 547 578 ιι
1036 529 1188 602 Episcopus
1215 534 1310 588 antem
1335 548 1387 604 per
1409 533 1534 605 singirlas
1561 534 1687 591 civitates
1710 539 1814 610 quibus

163 616 248 681 Quod
270 617 365 689 magis
389 622 433 673 est
457 618 590 674 omnibus
615 619 904 676 holocaustomatibus
922 624 950 677 ct
1000 621 1045 677 ille
1057 639 1114 678 uon
1129 621 1254 693 miserat,
1268 640 1322 695 pcr
1336 625 1434 681 doctos
1452 632 1481 682 et
1496 628 1650 698 prudentes
1668 630 1741 686 sicut
1753 648 1812 688 ser-

128 709 286 780 sacrificiis,
305 711 382 766 unde
403 715 432 766 et
448 711 479 766 in
498 713 592 767 Veteri
612 714 791 769 Testamenta
812 714 950 785 scriptum
998 717 1109 786 pentes,
1126 716 1267 788 simplices
1277 717 1349 773 sicut
1362 719 1500 775 columbae
1514 720 1605 791 (juxta
1617 722 1730 779 Domini
1742 741 1814 796 prce-

128 801 273 858 habetur:
291 824 305 852 ιι
319 803 402 868 Quod
415 804 468 860 tibi
485 804 547 860 heri
563 822 620 861 non
637 806 689 875 ris,
704 807 786 862 alteri
800 823 836 864 ne
849 808 950 863 leceris
998 804 1170 877 ceptionem)
1182 805 1263 860 nobis
1281 806 1394 863 mittere
1408 808 1554 881 praecepit.
1570 810 1651 875 Quod
1663 812 1749 869 etiam
1767 814 1811 870 la·

131 897 204 964 (Tot.
228 912 267 967 tv,
286 898 339 968 ιιι),
354 917 368 946 ιι
384 901 413 954 et
426 898 564 954 Dominus
579 899 641 955 ait:
661 919 675 952 ι
690 899 793 956 Omnia
811 916 947 973 quaecun-
998 912 1062 952 cere
1076 897 1273 954 inchoavimus
1292 904 1321 955 et
1339 900 1459 956 Domino
1477 917 1560 974 opem
1579 902 1687 959 ferente
1708 906 1812 963 lecturi

130 1004 180 1060 que
204 990 294 1044 vultis
314 994 349 1046 ut
366 990 471 1047 faciant
490 991 572 1047 vohis
589 993 731 1063 homines,
751 999 780 1049 et
798 1010 848 1050 vos
865 994 947 1050 facite
997 1006 1106 1058 sumus,
1131 1007 1179 1046 vos
1200 995 1296 1048 autem
1319 1009 1372 1065 per
1391 998 1497 1051 vestras
1518 994 1652 1051 dioeceses
1669 997 1814 1072 episcopos

128 1081 262 1138 similiter
282 1083 338 1139 illis
363 1085 471 1154 (roob.
491 1101 548 1155 vu,
572 1087 625 1158 tt).
648 1108 663 1136 »
686 1086 795 1151 Quibus
819 1088 947 1161 utrisque
996 1082 1081 1138 facite
1106 1087 1135 1139 et
1156 1085 1276 1153 mittite,
1299 1086 1366 1158 quia
1389 1103 1440 1143 uos
1461 1088 1497 1144 ad
1518 1087 1586 1143 alias
1608 1093 1702 1160 partes
1726 1092 1812 1164 (quod

130 1176 282 1244 mandatis,
306 1194 472 1250 perunum
496 1179 604 1235 mulitia
627 1180 826 1252 compescitur
846 1185 876 1238 ot
895 1197 948 1254 por
996 1175 1087 1231 isdem
1109 1176 1194 1247 jussit
1219 1182 1315 1250 ageret
1342 1179 1516 1236 curabimus.
1538 1181 1655 1254 Aliquos
1682 1199 1751 1240 vero
1777 1186 1812 1242 ad

130 1269 201 1324 aliud
213 1269 379 1343 benignitas
396 1275 582 1345 propagatur,
597 1278 630 1329 ιιι
643 1289 681 1330 no
694 1275 800 1330 molum
819 1275 883 1348 quis
900 1275 944 1330 ιιι.
996 1268 1107 1339 Gallias,
1121 1270 1322 1343 Hispaniasque
1337 1273 1494 1341 mittemus,
1506 1278 1535 1329 et
1546 1274 1687 1345 quosdam
1699 1277 1734 1331 ad
1748 1278 1813 1333 Ger·

131 1364 207 1432 terat,
224 1365 277 1420 sed
289 1364 399 1421 bonum
416 1365 572 1439 impendat
587 1366 726 1437 Primum,
742 1373 775 1423 ut
789 1372 886 1424 caveat
899 1369 946 1424 lae-
991 1362 1121 1454 maniam
1139 1368 1167 1419 et
1183 1364 1302 1438 ltaliam,
1319 1368 1405 1437 atque
1425 1366 1460 1422 ad
1480 1366 1604 1438 reliquas
1625 1374 1723 1439 gentes
1743 1369 1810 1425 diri-

130 1456 200 1512 dere.
216 1457 383 1514 διειιιιιιιιιιι
387 1464 582 1531 ,μριωιιιιιιι
567 1450 845 1545 «Sienivutra‘tro'pu
858 1444 945 1556 (pioni
991 1433 1063 1525 gera
1081 1430 1222 1540 carpimus.
1224 1447 1360 1514 'ubit
1310 1464 1360 1514 aut
1361 1475 1407 1513 cm
1426 1459 1577 1515 ferociores
1598 1465 1627 1515 et
1649 1461 1812 1519 rebelliores

131 1549 211 1621 rides,
227 1568 290 1607 non
305 1552 415 1625 diligis3
431 1553 522 1609 Deum
537 1569 624 1625 quem
638 1570 696 1609 non
709 1547 795 1610 rides
800 1535 944 1627 qaomo'do
991 1527 1100 1618 'garria
1113 1549 1180 1606 lohe
1186 1540 1413 1624 cognoverimus,
1430 1551 1497 1607 illuc
1517 1552 1640 1625 dirigere
1656 1555 1809 1626 sapientio-

129 1646 201 1715 potes
214 1644 387 1718 diligeret»
381 1647 425 1716 ιιι
438 1648 517 1703 loon.
531 1662 559 1702 ιν
562 1647 639 1719 ,tol
657 1646 847 1739 Sicergonos
862 1648 944 1704 docet
994 1657 1039 1697 res
1061 1647 1104 1727 et
1115 1645 1285 1722 austeriores
1305 1661 1419 1701 necesse
1441 1645 1589 1702 habemus.
1611 1648 1665 1712 Qui
1684 1649 1811 1721 quotidie

130 1754 370 1795 exercerecnram
384 1744 521 1811 nostram,
536 1744 568 1796 ut
581 1757 638 1796 noa
653 1741 796 1807 diatriton
799 1758 832 1796 ιι
819 1709 1069 1797 curamBuon
1078 1711 1193 1816 ces'sasd
1212 1731 1315 1824 di'qiria
1334 1739 1475 1795 seminare
1500 1741 1621 1808 semina,
1647 1747 1676 1798 et
1704 1744 1811 1799 multos

129 1835 256 1902 rosham,
275 1836 304 1888 et
324 1833 362 1888 sic
376 1833 495 1905 diligere
513 1850 574 1902 uos,
593 1850 629 1890 nc
647 1811 812 1905 negligatur
824 1803 944 1891 dilectio
993 1811 1108 1886 christo
1121 1798 1270 1902 lucrari,
1257 1837 1286 1888 et
1306 1833 1341 1888 ad
1358 1836 1468 1888 rectam
1488 1833 1586 1903 fidem,
1603 1838 1631 1890 ct
1649 1835 1723 1890 viam
1739 1835 1811 1893 veri·

131 1924 257 1994 proximi
273 1925 346 1990 Quia
367 1926 419 1981 Dei
440 1926 555 1982 dilectio
577 1927 664 1982 morti
686 1930 877 2000 comparatur,
898 1927 942 1982 di·
992 1923 1058 1978 tatis
1079 1923 1250 1996 perducere,
1270 1929 1303 1981 ut
1321 1925 1419 1997 plures
1440 1926 1601 1998 manipulos
1622 1927 1745 1983 Domino
1765 1946 1811 2002 va·¹

130 2023 205 2073 cente
217 2018 361 2090 Sapientia
376 2036 411 2074 :a
423 2018 521 2074 valida
535 2022 579 2075 ost
590 2019 701 2076 dilectio
714 2023 748 2075 ut
761 2036 841 2076 mors
853 2020 942 2090 (cant.
992 2015 1072 2071 leant
1082 2023 1268 2088 praesentare.
1284 2020 1314 2073 ln
1327 2017 1383 2072 illis
1397 2034 1463 2073 vero
1478 2018 1671 2089 civitatibus,
1663 2037 1694 2075 m
1708 2021 1810 2093 quihus

130 2112 199 2181 nri),
219 2133 236 2160 ιι
259 2111 372 2183 idcirco,
392 2113 461 2185 qnia
481 2113 553 2168 sicut
575 2129 653 2168 mors
673 2113 812 2169 violenter
831 2117 943 2186 separat
992 2108 1062 2164 olim
1093 2110 1168 2181 apud
1197 2110 1325 2166 ethnicos
1355 2110 1564 2189 archiflamines
1595 2128 1695 2168 comm
1722 2118 1808 2186 atque

130 2204 254 2259 animam
268 2222 285 2259 a
298 2221 426 2278 corpore,
439 2205 478 2261 ita
493 2205 605 2262 dilectio
619 2206 669 2262 Dei
689 2210 803 2278 separat
815 2206 942 2263 animam
991 2201 1078 2273 primi
1099 2203 1170 2274 legis
1190 2204 1320 2259 doctores
1342 2209 1434 2272 erant,
1454 2204 1651 2277 episcoporum
1671 2205 1809 2278 primates

130 2314 143 2350 ι
157 2296 304 2353 mundano
319 2303 346 2354 et
360 2299 465 2354 carnali
478 2314 587 2356 amore.
603 2321 617 2350 ι
632 2300 685 2365 Qui
704 2300 782 2356 euim
796 2299 942 2371 (Dominus
990 2295 1069 2367 poni,
1087 2295 1129 2351 vel
1153 2296 1330 2368 patriarchas
1348 2297 1399 2369 qui
1413 2297 1591 2368 reliquorum
1612 2299 1808 2372 episcoporum

131 2390 223 2463 inquit)
236 2390 334 2463 diligit
344 2408 402 2460 me,
420 2393 558 2448 mandata
570 2409 635 2448 mea
647 2393 769 2449 servabit
782 2393 871 2465 (loca.
884 2409 939 2461 xiv,
986 2387 1095 2460 judicia
1116 2394 1144 2445 ct
1165 2389 1273 2461 majma
1297 2391 1418 2462 (quoties
1438 2407 1554 2447 necesse
1574 2392 1657 2464 fovet)
1682 2393 1807 2465 negotia,

131 2485 176 2555 ιι),
191 2506 206 2532 ι
225 2484 298 2539 Nam
313 2485 363 2557 qui
376 2485 426 2541 Dei
440 2491 581 2558 precepta
596 2487 763 2556 contemnit,
777 2487 869 2542 Deum
881 2503 940 2542 non
990 2480 1020 2535 in
1035 2480 1092 2537 tide
1106 2482 1257 2554 agitarent,
1270 2487 1300 2539 ct
1310 2484 1466 2539 secundum
1480 2483 1530 2540 Dei
1542 2485 1725 2555 voluntatem,
1736 2487 1808 2543 sicut

132 2576 223 2648 diligit,
238 2578 320 2633 unde
335 2579 549 2651 scriptumest:
572 2580 690 2635 «Nolite
704 2584 806 2651 putare
826 2585 859 2635 ut
878 2597 939 2636 ma·
990 2575 1191 2631 constituerint
1206 2576 1297 2631 sancti
1314 2577 1446 2648 apostoli,
1464 2577 1504 2632 ita
1519 2580 1551 2632 ut
1569 2593 1605 2633 ne
1622 2578 1686 2650 quis
1701 2579 1807 2650 injuste

133 2673 212 2726 reads
229 2671 262 2727 in
281 2671 432 2729 dilectione
453 2688 527 2744 mea,
546 2672 570 2727 si
592 2689 650 2728 non
674 2672 851 2729 servaveritis
865 2690 938 2747 proe-
989 2667 1208 2740 periclitaretur,
1225 2667 1388 2736 delinirent,
1408 2669 1439 2725 in
1453 2668 1510 2724 illis
1524 2673 1621 2726 autem
1637 2671 1805 2742 civitatibus,

131 2767 201 2837 cepta
215 2780 283 2821 mea
298 2767 385 2836 (Iona.
399 2782 444 2836 rr,
462 2767 514 2838 lo).
529 2787 543 2817 ιι
558 2767 654 2839 Neque
668 2767 747 2823 enim
760 2783 860 2839 regem
874 2767 938 2822 dili·
988 2761 1018 2817 in
1038 2761 1141 2834 pibus
1157 2761 1268 2817 dudum
1286 2763 1363 2833 apud
1379 2763 1531 2835 praedictos
1544 2768 1625 2820 erant
1637 2765 1806 2821 archiflami-

133 2858 225 2929 giums,
240 2861 266 2913 si
279 2859 345 2915 odio
363 2861 440 2932 leges
457 2861 518 2932 ejus
536 2860 684 2916 habemus.
700 2860 797 2932 Neque
811 2861 888 2916 enirn
904 2877 939 2916 er
988 2871 1040 2911 nes
1059 2855 1139 2927 (qnos
1151 2859 1251 2911 tamen
1263 2855 1392 2912 minores
1404 2857 1547 2929 tenebant)
1565 2873 1651 2928 quarn
1665 2874 1808 2916 memora·

131 2956 179 3007 toto
195 2952 283 3008 corde
296 2953 405 3026 poterit
419 2954 464 3010 ille
477 2954 632 3009 Dominum
646 2954 766 3027 diligere
780 2954 829 3027 qui
846 2955 937 3010 nosci·
987 2951 1032 3005 tos
1054 2949 1202 3021 primates,
1216 2949 1444 3022 archiepiscopos
1463 2949 1574 3006 institui
1591 2952 1734 3024 pracepit,
1755 2953 1805 3026 qui

132 3049 169 3100 tur
182 3046 213 3101 in
228 3047 354 3119 proximi
373 3063 507 3103 corruere
525 3047 722 3116 dilectionem
739 3048 807 3120 quia
825 3064 877 3121 per
893 3048 937 3104 di·
987 3058 1046 3098 non
1061 3045 1173 3098 tantum
1186 3042 1354 3115 primatum,
1371 3044 1421 3100 sed
1435 3043 1715 3118 archiepiscoporum
1727 3047 1804 3103 frue-

130 3138 273 3196 lectionem
287 3140 402 3196 Domini
415 3141 580 3214 pervenitur
590 3141 626 3198 ad
640 3141 811 3198 charitatem
822 3142 937 3199 Christi.
948 3097 977 3174 C
988 3140 1089 3192 rentur
1102 3136 1228 3192 nomine.
1243 3135 1447 3208 Episcoporum
1462 3153 1575 3210 quoque
1584 3137 1701 3209 judicia,
1709 3146 1747 3196 ut
1760 3157 1805 3196 su·

157 3233 306 3303 Quoniam,
319 3238 351 3290 ut
359 3233 540 3306 prelibatum
551 3237 603 3303 est,
615 3234 657 3290 his
667 3235 779 3291 duobus
789 3235 939 3307 preceptis
988 3229 1083 3302 perius
1095 3234 1291 3285 memoratum
1302 3234 1354 3301 est,
1365 3235 1395 3286 et
1404 3230 1512 3302 majora
1522 3231 1709 3288 Ecclesiarum
1719 3249 1804 3306 nego

129 3328 176 3380 tole
193 3326 243 3382 lex
265 3327 383 3399 pendet,
405 3332 435 3384 et
453 3329 610 3401 prophetae,
637 3328 771 3384 docibiles
797 3344 866 3400 ergo
888 3329 937 3401 qui
987 3322 1036 3391 tia,
1050 3323 1073 3378 si
1085 3321 1139 3394 ipsi
1148 3322 1373 3391 reclamaverint,
1386 3327 1436 3379 aut
1449 3324 1577 3397 aliquem
1592 3325 1737 3395 timorem,
1754 3333 1804 3384 aut

128 3419 242 3490 perlecta
261 3420 337 3476 docti
353 3436 411 3477 non
428 3426 496 3477 sunt
514 3422 550 3478 ad
570 3422 634 3477 haec
650 3422 811 3495 peragenda
825 3426 938 3495 oportet
986 3416 1057 3473 istos
1065 3418 1109 3472 vel
1119 3417 1190 3473 alios
1200 3422 1344 3491 suspectos
1354 3417 1518 3489 habuerint,
1531 3419 1568 3474 ad
1574 3419 1636 3491 jam
1648 3420 1737 3476 dictos
1747 3421 1802 3493 pri-

127 3526 217 3569 omnes
230 3529 303 3582 esse,
317 3517 345 3570 ct
361 3518 394 3569 ut
409 3515 464 3587 ipsi
478 3515 552 3573 docti
567 3515 633 3587 sint,
648 3520 677 3571 et
691 3514 761 3571 alios
780 3517 937 3588 prudenter
985 3513 1086 3579 metes,
1102 3511 1147 3566 vel
1160 3510 1346 3582 patriarchas,
1360 3528 1397 3569 ne
1412 3511 1514 3584 aliquis
1532 3517 1671 3569 nocenter
1684 3514 1801 3587 periret,

97 3599 99 3603 ’
126 3603 270 3676 habuere,
289 3610 319 3662 et
338 3607 464 3679 perfecte
482 3608 591 3681 possint
605 3609 717 3678 docere,
736 3611 821 3682 juxta
839 3610 937 3666 Danie-
985 3601 1132 3658 hanslerri
1151 3603 1312 3675 perdocuit,
1328 3605 1359 3660 in
1376 3605 1495 3676 singulis
1512 3621 1580 3661 vcro
1600 3622 1716 3678 quoque
1734 3608 1801 3665 civi·

126 3697 175 3755 lem
194 3701 378 3774 prophetam,
402 3702 451 3773 qui
474 3703 514 3758 ait
534 3719 541 3758 :
562 3723 577 3754 ιι
593 3703 715 3775 Populus
729 3707 826 3759 autom
846 3704 936 3759 boiens
984 3695 1100 3765 tatibus,
1112 3696 1239 3769 singulos
1251 3699 1279 3752 et
1293 3714 1352 3753 non
1362 3697 1454 3765 binos,
1468 3698 1513 3753 vel
1524 3703 1633 3766 ternos,
1644 3705 1694 3755 aut
1705 3701 1802 3773 plnres

126 3793 205 3849 boum
223 3810 309 3850 ouum
328 3794 469 3850 obtinebit
484 3799 514 3851 ot
529 3795 624 3867 furiet,
644 3801 673 3853 ot
692 3797 767 3853 (torti
784 3797 814 3853 ιιι
831 3796 935 3870 populo
985 3787 1144 3860 episcopos,
1165 3787 1298 3843 constitui
1316 3790 1464 3861 pracepit,
1484 3789 1534 3860 qui
1556 3806 1613 3846 non
1634 3792 1800 3863 primatum,

126 3885 261 3943 docebunt
272 3888 411 3962 plurimos
425 3890 505 3960 (Dan.
520 3905 559 3962 ιιι,
575 3890 630 3962 32).
644 3912 658 3941 ιι
672 3891 778 3946 Omnes
790 3890 934 3959 docibiles,
984 3886 1034 3936 aut
1053 3880 1348 3953 archiepiscoporum,
1366 3886 1415 3938 aut
1432 3883 1721 3953 metropolitanorum
1748 3902 1800 3942 no·

125 3986 151 4035 or
159 3982 221 4052 jam
234 3981 344 4037 fficium
358 3988 411 4053 ιιι,
426 3981 476 4054 qui
490 3982 564 4039 docti
574 3999 632 4039 110ss
644 3988 721 4054 gont,
736 4000 797 4039 orso
811 3987 934 4056 oportet,
985 3975 1063 4031 minc
1078 3975 1158 4048 (qnia
1175 3972 1301 4031 minores
1316 3975 1464 4031 civitatum
1480 3991 1537 4031 non
1557 3976 1667 4047 tenent)
1680 3976 1730 4034 sed
1744 3979 1802 4052 epi-

124 4074 342 4130 sinceriores
353 4075 493 4132 ιοιιιιιιι
506 4077 617 4133 ceteris
626 4078 740 4150 populis
750 4094 862 4134 accuse
873 4078 935 4134 fore
985 4084 1137 4141 scopomm
1148 4071 1260 4125 nutum
1270 4068 1410 4125 voemuo
1419 4067 1592 4141 potirentur,
1603 4070 1738 4141 quoniam
1748 4089 1800 4130 nec

123 4166 235 4225 doeebat
247 4168 385 4236 Christus,
400 4169 518 4226 dicens:
535 4193 549 4222 ιι
565 4170 632 4244 quia
646 4171 668 4226 si
683 4187 774 4227 cmcus
789 4188 862 4227 caco
880 4173 933 4228 du·
984 4167 1061 4223 inter
1072 4167 1149 4239 ipsos
1159 4167 1300 4239 apostolos
1312 4183 1363 4238 par
1372 4164 1512 4244 institutio
1525 4167 1588 4235 tuit,
1600 4166 1802 4228 sedunusom-

123 4267 210 4318 utum
227 4261 347 4334 prabet,
364 4263 449 4319 ambo
464 4264 493 4319 in
510 4265 623 4320 foveam
641 4264 746 4320 cadunt
762 4264 871 4335 (uitet.
887 4283 933 4334 xv,
985 4260 1611 4333 nibuspraeluit.Hoctantumproridendum
1621 4261 1754 4335 instituit,
1764 4282 1800 4321 ne

125 4355 202 4424 ιιι.»
220 4350 387 4412 Sacerdotes
405 4372 472 4412 vero
492 4358 534 4412 sal
550 4361 645 4426 terrea
669 4362 697 4414 et
717 4358 817 4413 muudi
836 4359 935 4414 lumen
984 4354 1014 4410 ln
1027 4353 1109 4422 villis,
1123 4353 1318 4424 autcastellis,
1332 4354 1378 4409 vel
1397 4353 1517 4410 modicis
1537 4354 1705 4427 civitatibus,
1718 4357 1800 4413 insti·

123 4447 246 4504 doctores
257 4449 413 4521 pracepit
405 4466 435 4506 ιιι
447 4451 600 4524 splendore
613 4467 733 4523 operum
745 4453 859 4507 Patrem
873 4453 972 4539 gloD
983 4450 1134 4504 tuerentur
1144 4446 1278 4520 episcopi,
1293 4463 1330 4503 ne
1343 4448 1396 4503 vile
1409 4463 1509 4503 eorum
1522 4464 1629 4504 noman
1639 4449 1729 4506 lieret.
1738 4452 1801 4523 Epi·

124 4537 225 4594 nlicere
239 4539 340 4611 Deum,
355 4540 391 4598 de
405 4541 508 4616 quibus
521 4542 658 4599 ιιοιιιιιιιιι
673 4543 733 4599 ait:
750 4543 933 4599 «Beatiestis
982 4556 1082 4614 scopos
1101 4557 1172 4614 ergo
1193 4541 1284 4596 ricem
1307 4540 1500 4613 apostolorum
1524 4557 1623 4613 gerere
1646 4543 1800 4601 Dominum

124 4644 182 4686 oum
199 4632 401 4690 maledixerint
414 4635 501 4705 vobis,
515 4641 544 4692 et
555 4636 697 4708 persecuti
708 4653 759 4692 vos
771 4636 887 4708 fuerint,
904 4640 933 4690 et
983 4634 1110 4690 docuisse
1125 4631 1248 4700 dicebat,
1263 4636 1292 4690 et
1304 4634 1481 4705 reliquorum
1495 4633 1733 4705 discipulorum
1708 4652 1800 4694 vrccm

124 4722 241 4780 dixerim
252 4726 333 4782 vobis
343 4743 428 4784 omne
440 4729 548 4785 malum
560 4730 711 4786 adversum
720 4746 778 4800 vos,
790 4730 931 4786 mention·
982 4732 1081 4784 tenere
1094 4724 1276 4800 presbyteros
1289 4726 1392 4784 debere
1403 4726 1576 4783 insinuabat.
1589 4728 1659 4784 Et'
1638 4745 1661 4784 ιι
1674 4729 1738 4802 quis
1751 4732 1801 4787 ali-

123 4819 160 4870 tes
174 4822 292 4891 propter
302 4835 368 4876 me:
382 4820 510 4878 Gaudete
522 4823 697 4891 eternitate,
713 4824 848 4896 quoniam
862 4840 933 4879 mer·
983 4838 1070 4894 quem
1083 4838 1119 4877 ex
1131 4821 1176 4877 hir
1188 4821 1401 4889 scandalizaret,
1413 4821 1609 4892 gravissimam
1621 4821 1675 4878 sibi
1685 4839 1800 4895 poenam

125 4923 163 4963 aas
177 4917 271 4966 vestra
292 4912 405 4984 copiosa
421 4920 464 4972 est
482 4916 511 4969 in
532 4915 619 4972 cmlis.
635 4916 681 4972 Sic
695 4916 773 4972 enim
791 4917 932 4988 persecuti
982 4913 1082 4971 inferri
1094 4914 1199 4970 debere
1214 4914 1397 4986 predicabat.
1415 4916 1541 4971 Cunctos
1554 4932 1584 4971 se
1599 4912 1722 4974 invicem
1735 4918 1799 4974 dili·

124 5008 184 5058 sint
197 5004 363 5077 prophetas,
380 5006 429 5079 qui
441 5007 558 5065 fuerunt
569 5013 634 5066 anto
648 5026 697 5065 vos
709 5009 783 5081 (bac.
798 5026 835 5080 rr,
848 5011 904 5081 2³).
916 5031 930 5060 ιι
984 5024 1061 5081 gero,
1077 5011 1107 5062 et
1120 5008 1256 5079 adjuvare
1273 5007 1388 5075 dehere,
1404 5012 1434 5064 et
1451 5008 1596 5066 nemiuem
1609 5009 1645 5065 ab
1658 5009 1800 5084 adjutorio

125 5114 138 5139 ιι
154 5096 206 5150 Vos
221 5096 288 5152 estis
306 5099 345 5154 sal
359 5103 454 5157 terrae.
470 5101 553 5166 Quod
568 5103 592 5157 si
606 5103 648 5158 sal
661 5103 815 5173 evanuerit,
830 5103 859 5158 ιιι
874 5119 931 5175 quo
982 5101 1120 5158 nutrisse
1136 5101 1304 5158 subtrahere
1318 5099 1488 5159 instruebat.

124 5186 242 5259 abeno,
255 5191 292 5247 ad
305 5192 428 5248 nihilum
440 5195 515 5252 valet
527 5196 615 5265 ultra,
631 5197 688 5252 nisi
700 5200 733 5252 ut
743 5196 821 5252 foras
834 5197 930 5253 mitta·
1018 5192 1183 5251 Homicidas
1194 5211 1285 5264 veros,
1302 5199 1332 5250 et
1345 5196 1489 5253 adulteros
1498 5213 1531 5253 ac
1540 5204 1656 5256 cunctos
1668 5202 1800 5259 crimina-

123 5282 173 5351 tnr,
192 5287 222 5338 et
242 5286 423 5343 conculcetur
439 5288 473 5344 ab
491 5289 665 5347 hominibus.
681 5291 743 5346 Nou
762 5295 855 5362 potest
869 5290 933 5346 civi·
981 5288 1054 5346 libus
1078 5289 1199 5345 nexibus
1224 5289 1366 5361 alligatos,
1388 5294 1416 5346 et
1434 5292 1484 5363 qui
1506 5291 1546 5347 eis
1565 5295 1722 5366 coaequales
1740 5312 1798 5352 uon

123 5376 160 5429 las
180 5375 317 5435 abscondi
336 5396 423 5452 supra
443 5387 572 5439 montem
590 5384 692 5455 posita,
715 5400 809 5456 neque
832 5400 930 5441 accen-
982 5387 1074 5451 amnt,
1093 5383 1128 5438 ab
1149 5399 1250 5439 eorum
1268 5383 1426 5452 vexatione,
1445 5389 1474 5441 et
1488 5386 1663 5443 accusatione
1678 5386 1798 5457 (dicente

122 5465 354 5544 dnntlucernam,
368 5477 397 5530 et
409 5477 657 5548 ponunteamsub
666 5477 933 5550 modio,sedsuper
981 5477 1116 5551 Domino)
1138 5477 1319 5550 prohibebat,
1342 5482 1372 5533 et
1393 5495 1451 5534 non
1478 5479 1532 5535 nisi
1555 5496 1572 5535 a
1595 5480 1821 5552 coaequalibus„

122 5562 371 5635 succurramur
389 5566 483 5627 luccat
499 5570 631 5627 omnibus
646 5572 695 5644 qni
710 5572 740 5628 in
757 5572 842 5628 domo
855 5577 931 5641 suut,
981 5570 1087 5645 aliqrrid
1105 5571 1157 5627 sihi
1178 5572 1285 5628 inferre
1306 5569 1420 5638 debere,
1443 5572 1572 5628 docebat.
1588 5592 1602 5625 ι
1620 5572 1692 5637 Quia
1712 5574 1796 5632 disci-

121 5659 144 5711 ιι
162 5658 212 5731 qui
236 5659 440 5733 ingrediuntur
461 5663 580 5734 lumen,
607 5665 720 5722 videant
744 5683 751 5721 ι
775 5666 814 5721 sic
839 5666 932 5722 luceat
981 5667 1083 5740 pulum
1101 5681 1187 5738 supra
1200 5664 1370 5739 magistrum
1391 5682 1453 5720 esse
1474 5666 1582 5737 (batth.
1602 5681 1629 5732 r,
1644 5667 1700 5739 rt),
1716 5688 1731 5720 ιι
1749 5677 1798 5727 aut

119 5745 160 5806 lux
176 5755 270 5808 vestra
283 5768 381 5812 eoram
392 5755 568 5830 homiuibus,
580 5762 615 5815 ut
625 5757 741 5818 videant
755 5759 830 5816 bone
842 5774 932 5834 opera
982 5760 1070 5818 ullam
1081 5760 1107 5817 ei
1118 5758 1251 5832 lajariam
1261 5758 1378 5827 inferre,
1388 5758 1548 5816 nullatenus
1558 5757 1663 5817 debere
1673 5769 1794 5837 oportet.
