3870 6150
142 236 194 300 tte
584 245 724 301 lrrsno.
745 247 788 301 llll
808 247 888 301 SAEC.
911 245 953 299 tx.
969 274 1002 283 -
1024 243 1145 298 isloonl
1167 242 1378 298 nancnronts
1772 242 1820 296 oro

139 370 202 425 qnoe
215 349 339 407 admissa
350 355 414 405 sunt
428 352 477 406 sed
492 353 628 407 remittat.
645 353 790 409 Constitue
806 356 872 407 ante
886 369 953 408 ocu·
965 363 994 435 Α
1004 350 1178 416 tenderetur,
1207 350 1268 404 aliis
1292 351 1393 405 litteris
1416 365 1480 422 quac
1504 349 1651 404 assertioni
1673 348 1822 403 catholicae

140 447 182 501 los
195 445 289 501 cordis
301 445 351 512 toi,
368 445 536 500 venerabilis
547 446 714 517 imperator,
729 463 829 502 omnes
841 447 891 519 qni
904 462 955 518 per
1005 443 1070 498 fidei
1093 448 1265 514 congruunt,
1289 443 1505 514 comprehendi,
1525 446 1559 498 ut
1582 442 1650 497 licet
1669 458 1706 496 aa
1724 458 1787 513 qua
1805 458 1821 496 a

140 542 231 594 totum
258 538 356 593 orbem
380 541 446 593 sunt
466 539 579 594 Domini
603 540 763 596 sacerdotes
781 557 833 611 pro
856 556 889 594 ea
902 539 954 594 tibi
1003 536 1067 591 sede
1089 536 1246 608 apostolica
1268 541 1335 591 sunt
1348 535 1687 608 praedicatasnfficerent,
1705 535 1821 590 insidias

138 632 204 698 fide,
220 632 249 686 in
269 648 326 704 qua
339 632 424 686 totius
439 633 539 687 mundi
553 638 596 687 est
609 633 770 704 redemptio
782 634 953 704 supplicare,
1005 634 1102 684 tamen
1125 630 1338 698 hereticorum,
1361 630 1446 684 etiam
1464 630 1524 684 hac
1545 645 1609 700 qua
1626 632 1695 684 sunt
1712 629 1820 700 adjecta

140 726 240 797 inqua
259 742 291 780 re
312 725 462 797 specialius
481 726 686 797 ambiunt,qui
708 726 871 798 apostolicae
888 726 955 782 fidei
1004 728 1171 778 reserarent.
1197 722 1405 778 Sacerdotalem
1427 739 1555 794 namque
1579 728 1608 776 et
1633 721 1819 793 apostolicum

138 824 292 875 sectatores
303 818 502 875 Alexandrinae
516 819 646 876 Ecclesiae
658 820 822 891 presidere,
839 825 955 892 agentes
1005 820 1061 870 tnae
1074 816 1185 887 pietatis
1199 816 1338 885 animum,
1354 816 1500 871 etiamhoc
1513 815 1623 870 malmn
1634 814 1818 885 adjustitiam

139 912 213 983 apud
230 913 366 983 pietatem
378 917 458 967 tuam
470 929 506 968 ne
516 913 804 968 hae1·eticoshomines
814 917 842 968 at
852 914 955 968 merito
1004 909 1118 964 ultionis
1136 909 1221 966 debet
1238 909 1382 976 accedere,
1404 909 1482 980 quod
1500 908 1820 978 Constantinopolitano

137 1022 190 1076 pro
204 1023 255 1060 sua
274 1005 460 1078 perversitate
475 1006 634 1074 damnatos,
650 1006 690 1060 uti
703 1022 754 1061 sua
767 1007 951 1077 persuasione
1004 1003 1135 1058 Ecclesiae
1154 1002 1307 1074 puritatem
1322 1001 1487 1074 pestilenter
1502 1001 1645 1068 obscurat,
1665 1002 1696 1054 in
1711 1017 1768 1071 qua
1783 1001 1820 1055 in-

139 1099 301 1168 patiamini,
322 1115 387 1153 cum
405 1099 462 1154 sire
478 1098 655 1171 impietatem
672 1115 802 1173 errorum
823 1099 953 1171 aspicias,
1004 1097 1158 1152 veniuntur
1172 1095 1494 1166 quidamhaereticorum
1510 1095 1603 1150 clerici
1621 1093 1719 1149 sensui
1731 1111 1819 1148 conso

139 1192 195 1247 sive
215 1208 286 1264 opus
299 1192 456 1263 perpetrati
467 1192 573 1247 furoris
587 1193 727 1263 attendas,
741 1210 800 1248 non
814 1193 908 1248 solnm
917 1193 954 1248 ad
1004 1193 1114 1255 nantes,
1131 1194 1159 1244 et
1173 1189 1248 1243 intra
1260 1189 1319 1260 ipsa
1333 1188 1537 1243 catholicorum
1550 1189 1669 1255 viscera,
1687 1188 1815 1242 assertio·

139 1285 289 1340 sacerdotii
304 1286 445 1340 honorem
459 1285 572 1341 admitti
594 1291 747 1359 nequeant,
769 1287 818 1341 sod
838 1287 873 1340 ab
892 1286 954 1357 ipso
1004 1282 1088 1354 nibus
1109 1282 1166 1336 suis
1188 1281 1388 1336 haereticorum
1402 1282 1577 1353 adjuvantes.
1605 1283 1636 1336 tn
1658 1280 1764 1352 quibus
1778 1281 1819 1335 de

138 1377 299 1434 Christiano
314 1380 430 1434 nomine
448 1382 613 1435 mereantur
633 1380 770 1435 abscindi.
792 1382 863 1435 Nam
878 1380 955 1452 quod
1004 1375 1153 1430 turbandis
1173 1375 1259 1430 irater
1276 1391 1356 1431 meus
1377 1375 1553 1442 anatholius,
1576 1390 1644 1430 cum
1665 1374 1753 1429 nimis
1772 1374 1817 1428 bc·

138 1476 252 1527 exorata
261 1472 374 1543 pietatis
386 1476 486 1528 vestrae
499 1473 580 1528 venia
593 1473 726 1542 dixerim,
748 1473 874 1544 quodam
887 1489 954 1527 con·
1004 1469 1091 1541 nigne
1109 1468 1209 1539 parcit,
1225 1468 1342 1540 segnior
1353 1467 1507 1522 invenitur.
1526 1467 1691 1539 Dignamini
1704 1484 1756 1538 pro
1767 1467 1819 1522 tide

139 1565 216 1636 tagio
236 1566 419 1637 splendorem
434 1570 535 1620 vastrae
549 1566 709 1622 serenitatis
722 1566 872 1634 otl'uscant,
888 1583 954 1622 cnm
1005 1566 1097 1618 vestra
1110 1562 1197 1616 etiam
1211 1561 1341 1616 Ecclesiae
1351 1560 1435 1616 istam
1445 1565 1580 1633 praestare
1590 1560 1781 1628 medicinam,
1790 1565 1820 1614 nt

139 1659 271 1730 sacrilegi
292 1659 440 1730 parricidae
454 1659 483 1714 id
496 1659 621 1715 audeant
638 1663 744 1731 petere,
758 1660 835 1732 qnod
849 1676 900 1715 nec
915 1660 954 1715 in·
1003 1655 1075 1711 tales
1087 1672 1146 1710 non
1158 1656 1251 1710 solnm
1265 1655 1301 1708 ab
1314 1653 1414 1710 ordine
1428 1654 1587 1720 clericatus,
1609 1655 1662 1710 sod
1682 1654 1771 1710 etiam
1787 1654 1819 1708 ab

139 1755 274 1807 nocentes
290 1752 373 1807 liceat.
387 1752 525 1808 obtinere.
542 1753 649 1808 Oblatas
665 1757 732 1808 sunt
745 1753 843 1824 pietati
851 1757 953 1808 vestrm
963 1728 992 1801 Β
1004 1749 1082 1804 urbis
1094 1748 1268 1804 habitatione
1286 1748 1440 1820 pellantur,
1458 1765 1494 1802 ne
1505 1747 1625 1803 ulterius
1643 1751 1760 1803 sanctius
1773 1748 1818 1802 nu

139 1860 244 1914 preces,
260 1861 379 1916 quarum
396 1845 529 1917 exempla
544 1846 642 1900 vestris
663 1846 764 1900 litteris
779 1845 951 1912 subdidistis,
1004 1844 1124 1915 populns
1134 1858 1332 1914 perversorum
1348 1842 1500 1897 hominum
1515 1841 1649 1913 contagio
1665 1841 1817 1912 polluatur.

137 1937 185 1991 sed
198 1937 227 1991 in
239 1937 285 1992 his
294 1954 358 2009 que
371 1939 579 1994 catholicorum
590 1943 657 1994 sunt
666 1939 879 2010 deplorantium
888 1938 952 1994 sub-
1003 1937 1130 1991 Cultores
1145 1940 1241 1990 antem
1256 1935 1367 2006 pietatis
1380 1940 1437 1990 tnae
1450 1935 1594 1990 lulianum
1613 1934 1781 2006 episcopum
1794 1937 1819 1989 et

137 2030 253 2100 scriptio
271 2031 442 2099 continetur,
459 2037 487 2087 ct
501 2032 567 2103 quia
580 2049 664 2088 causa
680 2032 834 2104 probabilis
850 2037 903 2101 est,
917 2032 951 2086 fi·
1004 2029 1164 2086 dulichium
1174 2028 1372 2101 presbyterum
1380 2045 1444 2083 mea
1451 2028 1588 2099 petitione
1597 2027 1819 2094 commendo,nt

139 2122 289 2179 ducialiter
299 2124 421 2179 nomina
435 2125 623 2197 singulorum,
638 2131 666 2180 et
677 2125 802 2197 dignitas
812 2126 855 2180 sui
866 2125 953 2180 hono·
1004 2122 1199 2194 suggestiones
1217 2138 1317 2177 eorum
1337 2138 1389 2194 pro
1405 2121 1550 2176 catholicae
1567 2121 1742 2176 defensione
1758 2120 1818 2176 tidei

141 2216 178 2269 ris
194 2217 330 2288 aperitur.
349 2217 378 2270 ln
392 2217 447 2272 illis
464 2222 559 2273 autem
573 2234 645 2289 quas
662 2219 818 2274 orthodoxo
832 2218 952 2290 principi
1002 2214 1114 2288 placide
1125 2215 1250 2286 digneris
1265 2214 1375 2284 aridire,
1387 2215 1453 2286 quia
1464 2231 1528 2269 vere
1543 2218 1610 2269 sunt
1623 2215 1780 2285 eJusmodi‚
1790 2218 1819 2268 ut

139 2309 272 2364 haeretica
292 2311 441 2381 porrigere
467 2327 525 2366 non
550 2311 716 2366 formidavit
736 2311 873 2382 obreptio,
901 2312 953 2367 sub
1002 2309 1068 2364 fidei
1079 2313 1179 2364 vestra
1194 2309 1302 2378 possint
1315 2324 1367 2378 per
1379 2308 1478 2362 omnia
1492 2307 1576 2363 utiles
1599 2307 1735 2363 inveniri.
1756 2308 1818 2361 tiata

136 2402 248 2457 incerto
263 2403 389 2457 confusa
405 2405 523 2459 unitatis
536 2404 679 2474 vocabulo,
696 2404 762 2460 ideo
776 2410 884 2460 eertum
899 2422 952 2461 no·
1003 2401 1145 2457 Kalendas
1160 2400 1333 2469 Novembris,
1347 2402 1532 2457 Constantino
1552 2403 1583 2455 et
1594 2400 1671 2457 Ruso
1686 2400 1753 2455 viris
1765 2400 1816 2454 cla·

139 2512 206 2550 men
221 2497 386 2565 retrahitur,
398 2513 434 2552 ne
446 2514 504 2552 non
513 2499 604 2554 solum
614 2500 744 2570 paucitas
754 2515 951 2570 personarum,
1004 2496 1120 2550 rissimis
1134 2494 1308 2551 consulibus.

138 2589 188 2643 sed
203 2589 290 2644 etiam
301 2590 435 2646 meritum
450 2591 610 2663 detegatur.
620 2592 718 2647 latere
729 2592 806 2646 enim
820 2592 873 2647 sibi
882 2592 952 2647 utile
1053 2592 1055 2596 “
1138 2589 1211 2644 XCV.
1229 2620 1263 2628 -
1276 2589 1323 2644 Ad
1335 2590 1504 2644 Pulcherium
1517 2591 1684 2658 Augentum.

138 2682 260 2737 astnnat
274 2699 375 2739 eorum
395 2685 548 2754 quantitas,
567 2701 689 2756 quornm
709 2691 751 2740 est
771 2685 890 2756 qualitas
902 2686 951 2756 jn·
1039 2681 1817 2756 2280uantumsibiilduciaedeiiderestraeclemen·

138 2774 241 2843 dicata,
258 2792 310 2830 nec
318 2776 473 2847 incongrue
488 2778 567 2847 cujus
581 2778 635 2832 loci
648 2778 781 2832 homines
796 2782 871 2844 sunt,
885 2794 952 2849 pro·
1001 2778 1049 2831 tiae
1062 2775 1182 2831 Ecclesia
1195 2775 1245 2830 nei
1260 2775 1362 2830 debeat
1373 2775 1512 2847 polliceri,
1527 2776 1625 2831 multis
1640 2775 1817 2846 probavimus

138 2868 212 2923 tlteri
226 2871 368 2933 metuunt,
385 2870 434 2940 qui
449 2887 580 2925 meruere
600 2870 738 2925 damnari.
762 2873 794 2927 ln
812 2888 869 2926 una
884 2887 952 2942 ergo
1002 2885 1076 2940 sape
1088 2868 1277 2935 documentis,
1294 2869 1362 2923 dnm
1375 2869 1448 2923 sicut
1464 2868 1572 2939 Spiritu
1584 2873 1686 2923 sancto
1701 2869 1816 2924 docente

138 2960 345 3015 catholicorum
358 2961 565 3033 supplicatione
579 2963 751 3032 continetur,
764 2964 793 3018 in
802 2963 857 3019 alia
866 2964 953 3019 haere-
1001 2962 1147 3028 didicistis,
1160 2962 1201 3016 illi
1217 2978 1268 3033 per
1280 2962 1377 3016 omnia
1397 2966 1568 3033 potestatem
1587 2966 1716 3018 vestram
1731 2962 1814 3032 subji-

137 3053 258 3108 ticorum
272 3057 435 3110 commenta
450 3055 625 3126 panduntur.
642 3057 689 3111 liic
704 3057 885 3113 sacerdotnm
900 3058 989 3170 llo·C
1002 3056 1073 3122 citis,
1088 3056 1167 3125 cnjus
1189 3062 1307 3109 munere
1330 3058 1358 3109 et
1380 3055 1557 3126 protectione
1578 3058 1715 3126 regnatis.
1742 3056 1815 3110 Unde

137 3145 218 3212 mini,
239 3149 268 3200 et
288 3146 374 3201 totins
388 3146 540 3202 Christiani
556 3147 654 3219 populi
668 3165 702 3203 ac
715 3149 952 3204 monasteriorum
1003 3149 1069 3219 quia
1082 3153 1180 3203 contra
1194 3147 1389 3219 integritatem
1402 3148 1469 3203 tidei
1482 3148 1651 3205 chrnnanae
1668 3148 1813 3205 dissensio-

44 3270 48 3279 ι
138 3239 259 3294 delletur
269 3239 388 3303 eversio,
399 3239 440 3294 ibi
450 3240 618 3296 immanium
629 3243 767 3297 scelerum
776 3243 952 3298 continuatio
1002 3259 1068 3297 nem
1094 3240 1250 3312 quamdam
1280 3242 1596 3313 Constantinopolitana
1623 3243 1748 3297 Ecclesia
1771 3244 1814 3297 Eu

138 3332 361 3402 demonstratur,
372 3337 405 3387 nt
418 3334 496 3406 quod
511 3351 567 3389 non
578 3335 658 3390 licuit
670 3335 773 3405 audiri,
785 3336 868 3391 liceat
880 3337 950 3390 dita·
1002 3336 1077 3390 tiche
1102 3340 1217 3390 auctora
1242 3340 1409 3406 generatam
1430 3335 1525 3390 fratria
1543 3340 1573 3389 et
1587 3337 1748 3408 coepiscopi
1763 3337 1811 3390 mei

139 3426 203 3480 tari.
224 3426 322 3481 Nonne
350 3427 533 3498 perspicuum
560 3433 603 3482 est
622 3428 725 3499 quibus
751 3430 839 3500 pietas
861 3434 952 3484 vestra
1001 3433 1139 3488 relatione
1153 3432 1282 3504 cognovi,
1302 3437 1335 3487 nt
1353 3432 1439 3487 totius
1451 3449 1543 3488 causae
1558 3433 1687 3504 speciem
1700 3433 1812 3504 synoda·

137 3534 313 3587 succurrere,
336 3523 366 3574 et
385 3520 488 3591 quibus
511 3521 613 3576 debeat
634 3522 760 3592 obviare,
781 3538 818 3577 nc
833 3524 953 3578 Alexan·
1000 3527 1070 3581 lium
1097 3531 1244 3596 gestorum
1268 3530 1359 3580 textus
1382 3526 1553 3593 ostenderet,
1579 3526 1704 3598 dignum
1720 3527 1810 3599 gloria

137 3616 221 3672 drina
243 3617 374 3685 Ecclesia,
396 3635 459 3689 quae
478 3635 593 3690 semper
613 3619 668 3674 luit
685 3620 786 3675 domus
804 3621 950 3689 orationis,
1001 3623 1101 3673 vestrae
1123 3622 1175 3684 est,
1195 3620 1226 3672 ut
1239 3635 1320 3674 error
1335 3619 1384 3690 qni
1399 3619 1434 3674 de
1450 3619 1594 3691 imperitia
1617 3620 1715 3693 magis
1734 3636 1810 3692 quan

136 3710 269 3780 spelunca
286 3727 362 3766 nnnc
375 3711 411 3765 sit
426 3713 581 3768 latronum.
597 3713 775 3768 Manifestum
789 3714 895 3786 quippe
909 3719 952 3770 est
1003 3713 1038 3766 de
1063 3711 1186 3767 versutia
1205 3716 1289 3767 natus
1313 3717 1355 3767 est
1373 3712 1529 3777 auferatur,
1553 3713 1724 3785 priusquam
1750 3714 1810 3768 ullas

136 3804 419 3873 percrudelissimam
428 3805 699 3877 insanissimamque
707 3807 951 3873 sevitiamomne
1001 3806 1074 3860 vires
1094 3805 1129 3860 de
1144 3820 1281 3860 consensu
1303 3805 1531 3877 imprudentium
1546 3806 1707 3878 pertinacia
1727 3807 1809 3878 pravi·

137 3897 194 3952 illic
215 3897 370 3953 coetestium
390 3902 634 3955 sacramentorum
657 3901 754 3956 lumen
772 3900 949 3956 exstinctum.
1002 3899 1067 3954 tatis
1089 3899 1225 3970 acquirat.
1248 3900 1317 3953 Nam
1333 3902 1471 3970 qnantum
1494 3899 1644 3955 Nestorius
1664 3917 1682 3956 a
1703 3902 1810 3956 veritate

138 3991 294 4063 intercepta
315 3995 358 4046 est
375 3992 504 4047 sacrificii
523 3993 640 4062 oblatio,
664 3993 766 4049 deiecit
793 3990 952 4050 chrismatis
1002 3991 1113 4058 excidit,
1134 3991 1204 4045 dum
1219 3991 1373 4046 Dominum
1390 3994 1485 4047 tasum
1509 3993 1656 4048 Christum
1672 3994 1709 4049 de
1732 3998 1810 4048 matre

136 4083 319 4140 sanctificatio
340 4089 370 4138 et
395 4085 613 4156 parricidalibus
640 4086 774 4141 manibus
794 4087 950 4158 impiorum
1003 4085 1274 4156 Virginehominem
1282 4085 1373 4140 solum
1383 4085 1483 4141 asserit
1492 4091 1728 4155 natnm‚tautum
1736 4087 1810 4143 etiarn

136 4177 457 4232 omniasesubstraxere
468 4179 612 4248 mysteria.
623 4178 951 4251 Necullomodoambigi
1002 4179 1047 4233 hic
1072 4195 1089 4232 a
1112 4177 1248 4233 catholico
1277 4179 1393 4234 tramite
1421 4178 1559 4244 deviavit,
1586 4180 1638 4251 qui
1662 4181 1699 4237 de
1721 4180 1810 4237 eaden

137 4274 238 4337 potest,
253 4269 322 4340 quid
337 4269 372 4323 de
388 4269 431 4323 his
452 4269 662 4325 decernendum
684 4272 729 4337 sit,
749 4272 797 4342 qui
823 4276 886 4343 post
899 4289 949 4327 ne·
1001 4271 1110 4343 virgins
1123 4271 1229 4326 editum
1253 4287 1310 4326 non
1323 4276 1428 4326 nostrae
1441 4272 1562 4328 credidit
1575 4289 1637 4328 esse
1650 4279 1773 4344 naturae,
1788 4276 1811 4328 ut

136 4361 221 4416 landa
241 4361 396 4432 sacrilegia,
421 4366 484 4433 post
506 4363 677 4435 sanguinem
698 4364 888 4435 probatissimi
903 4382 948 4420 sa·
1003 4365 1079 4436 quod
1100 4365 1221 4420 lormam
1242 4365 1314 4420 servi
1335 4365 1431 4435 gessit,
1451 4365 1526 4437 quod
1543 4367 1633 4421 nostri
1648 4366 1752 4423 similis
1767 4367 1811 4422 luit

135 4453 256 4509 cerdotis
277 4455 409 4525 etlusum,
433 4461 462 4511 ct
482 4457 656 4511 concremati
678 4458 805 4529 corporis
824 4458 1085 4539 cineremDatque
1109 4457 1278 4524 conformis,
1320 4458 1451 4529 quedam
1479 4464 1585 4513 nostras
1611 4461 1710 4515 carnis
1735 4461 1812 4516 inerit

135 4547 163 4602 in
177 4549 464 4605 contumeliamacris
479 4550 597 4622 colique
609 4550 770 4622 dispersum
781 4552 950 4608 audentsibi
999 4552 1094 4622 imago
1119 4567 1175 4605 non
1195 4551 1307 4606 veritas.
1330 4550 1402 4605 Nihil
1419 4554 1514 4607 numm
1534 4553 1653 4622 prodest
1668 4555 1810 4610 Dominum

131 4642 178 4710 jus
202 4659 326 4713 pervasae
342 4643 490 4716 dignitatis
510 4649 651 4714 expetere,
670 4647 700 4699 et
716 4646 879 4716 apostolica
898 4646 948 4700 do·
999 4652 1127 4700 nostrum
1145 4646 1236 4700 beatae
1251 4645 1346 4700 blariae
1361 4644 1480 4716 virginis
1496 4646 1586 4701 filiurn
1604 4648 1756 4705 hominem
1774 4649 1809 4703 di·

133 4734 231 4789 ctrina
255 4736 445 4792 inviolabilem
468 4736 553 4792 tidem
580 4737 616 4792 ad
636 4738 757 4793 concilia
786 4755 948 4810 provocare.
999 4755 1074 4805 cere,
1099 4740 1122 4792 si
1149 4754 1206 4793 non
1232 4737 1309 4793 illins
1336 4740 1450 4809 generis
1474 4743 1559 4811 atque
1586 4743 1709 4797 seminis
1734 4744 1810 4799 boun

133 4827 266 4897 llagnum
286 4846 354 4899 ergo
382 4829 462 4884 vobis
485 4833 537 4897 est,
565 4834 597 4886 nt
621 4831 779 4887 diademate
800 4837 892 4887 vestro
913 4833 949 4887 de
999 4831 1134 4898 creditur,
1146 4831 1334 4902 quusinipso
1349 4832 1494 4902 Evangelii
1506 4833 1623 4888 exordio
1637 4837 1808 4907 praedicatur.

134 4937 222 4975 manu
240 4923 349 4976 Domini
364 4923 450 4978 etiam
458 4923 655 4978 tideiaddatnr
674 4940 789 4993 corona,
808 4929 836 4981 et
855 4924 890 4980 de
902 4927 949 4980 ho·
1000 4926 1078 4980 Unde
1100 4925 1223 4980 multum
1244 4924 1337 4994 doleo,
1361 4926 1539 4997 multumque
1562 4928 1730 4998 contristor,
1743 4929 1809 5002 quod

132 5015 222 5069 stibus
242 5015 371 5071 Ecclesia
384 5016 575 5087 triumphetis,
594 5018 660 5088 quia
680 5019 703 5072 si
718 5019 859 5074 laudabile
872 5019 949 5074 robis
999 5019 1045 5073 hic
1061 5019 1110 5090 qui
1130 5023 1196 5072 ante
1211 5017 1246 5073 da
1266 5018 1436 5072 humititatis
1452 5020 1596 5090 proposito
1612 5021 1763 5079 laudabilis
1775 5023 1807 5076 ri·

133 5113 175 5162 est
189 5108 372 5164 adversanrm
396 5110 526 5179 gentium
554 5127 634 5167 arma
655 5115 815 5180 conterere,
841 5116 948 5184 quanta
998 5111 1129 5179 debatur,
1144 5116 1241 5165 contra
1254 5111 1367 5165 unicam
1390 5126 1470 5182 spem
1488 5116 1628 5183 nostram,
1646 5121 1809 5188 patrumque

132 5202 185 5257 orit
208 5202 297 5273 gloria
317 5202 351 5257 ab
376 5203 555 5259 insanissimo
576 5209 699 5276 tyranno
723 5206 948 5261 Alexandrinam
998 5209 1170 5268 nostrornm,
1190 5220 1262 5257 rana
1281 5208 1310 5258 et
1327 5203 1412 5258 nimis
1427 5220 1559 5274 perversa
1574 5208 1664 5264 audet
1679 5213 1808 5270 astruere,

133 5295 296 5362 Ecclesiam,
310 5296 338 5350 in
354 5296 435 5368 cujus
451 5297 620 5353 contritione
634 5297 763 5353 omnium
771 5298 946 5354 Christiano·
998 5298 1047 5369 qui
1067 5313 1132 5352 cum
1151 5296 1258 5351 rideret
1275 5296 1447 5367 insipientia
1466 5313 1523 5353 snae
1540 5315 1658 5356 sensum
1673 5303 1809 5359 catholicis

131 5404 195 5443 rum
221 5393 266 5443 est
285 5389 391 5460 injuria
415 5390 562 5445 liberare?
586 5392 736 5446 litantem
759 5391 861 5447 litterra
877 5407 948 5446 meae
998 5391 1113 5445 auribus
1135 5390 1295 5460 displicere,
1316 5406 1450 5445 revocare
1465 5407 1496 5446 se
1515 5409 1531 5446 a
1552 5409 1604 5448 sua
1616 5395 1755 5468 opinione
1769 5397 1809 5451 de

131 5482 230 5551 pietati
249 5489 305 5538 tuas
323 5484 500 5555 colloquium
519 5484 597 5554 quasi
616 5483 764 5554 presentis
784 5484 946 5553 exhibeant,
998 5485 1107 5552 haeret,
1130 5500 1166 5538 ne
1189 5483 1227 5538 ita
1251 5483 1379 5538 Ecclesiae
1400 5486 1537 5554 presules
1555 5497 1765 5554 commoverat,
1785 5494 1810 5544 ut

48 5572 56 5581 ”
131 5574 270 5645 quidquid
298 5576 333 5632 de
358 5576 506 5633 communi
530 5576 587 5632 ilde
613 5576 725 5632 fueram
751 5579 947 5650 suggesturus,
997 5576 1167 5632 sententiam
1187 5576 1381 5632 damnationis
1398 5579 1550 5649 exciperet.
1570 5581 1665 5646 Quam
1680 5583 1808 5658 ntiquesi

131 5666 243 5738 scriptis
257 5670 492 5742 prosequentibus
506 5668 714 5725 insinuandum
730 5687 790 5726 esse
803 5671 945 5742 perspexi,
997 5670 1026 5725 in
1037 5685 1087 5723 suo
1103 5686 1187 5724 sensu
1206 5669 1328 5725 voluerit
1339 5686 1521 5741 permanere,
1541 5674 1642 5731 nullus
1653 5679 1759 5750 poterit
1770 5693 1806 5732 re

74 5788 81 5793 ·
121 5774 157 5810 ac
165 5760 300 5832 nehujus
310 5763 440 5834 epistolae
447 5763 555 5838 pagina
567 5763 596 5821 in
606 5763 726 5821 nimiam
738 5763 947 5837 longitudinem
996 5766 1101 5821 laxare.
1117 5761 1197 5819 Sedis
1212 5762 1289 5819 enini
1304 5764 1465 5838 apostolicae
1479 5766 1643 5826 moderatio
1655 5770 1729 5831 hane
1740 5774 1807 5829 teni·
