3870 6150
599 254 836 318 ammittant
854 251 1048 316 COLLECTlO.
1614 263 1666 322 trs

103 366 268 439 ‚regiminis
289 367 340 424 sed
363 368 472 424 excidia
496 368 622 440 ultionis,
640 369 801 443 aspeximus
811 380 841 455 Α
850 383 915 426 mus
928 370 958 423 et
970 366 1119 439 deflemus,
1134 372 1168 424 ut
1180 384 1281 425 eorum
1293 368 1397 441 agnitis
1411 370 1500 425 ruinis
1512 386 1571 427 non
1587 372 1666 430 aliam

103 477 165 517 rum
197 464 301 517 statum
327 478 384 517 non
409 479 444 516 ex
468 446 566 518 ordiiie
589 464 716 534 vegetari
739 479 799 518 rec·
851 460 994 534 possimus
1007 477 1094 533 quam
1109 461 1212 516 divinae
1224 461 1334 534 judicia
1352 463 1530 519 considerare
1542 465 1664 536 promis·

103 553 142 609 ed
173 553 259 626 dejici
291 571 325 610 ex
359 555 512 626 gravedine
543 556 699 627 potestatis.
726 557 800 610 Con·
850 554 948 625 sionis,
968 570 1092 628 quorum
1123 555 1276 610 domorum
1303 556 1393 627 spolia
1417 560 1446 612 et
1469 558 1665 630 potentiarum

103 651 135 702 nt
148 647 227 702 enim
242 663 324 718 reges
342 648 416 702 elata
435 648 549 720 fastigia
569 649 598 703 in
612 648 729 705 bifronti
743 648 799 703 dis·
851 648 964 703 divilias
982 648 1068 703 simul
1092 664 1125 702 ae
1146 647 1253 720 praedia
1275 649 1314 703 ita
1337 649 1527 721 conspicimus
1547 667 1666 725 prorsus

103 740 208 809 rotorb,
232 744 262 795 et
284 746 334 797 aut
357 741 385 795 in
409 740 499 812 culpis
520 741 565 796 lex
588 741 679 796 ardua
703 742 800 796 saevie-
852 740 1007 812 exinanita,
1022 744 1119 797 utnec
1132 741 1191 796 fisci
1205 740 1302 796 usibus
1315 744 1474 811 commoda,
1489 760 1542 801 nec
1563 745 1665 817 palati·

103 831 151 888 rin
170 833 268 904 spoliis
286 833 414 889 favorem
432 835 480 888 lex
496 834 653 889 voluntaria
673 851 800 890 commo·
851 833 895 889 nis
907 833 1007 890 officiis
1018 833 1197 906 reperiantur
1206 834 1235 889 in
1245 835 1405 891 remedium
1420 838 1543 893 salutare
1552 839 1663 894 collata.

110 923 180 980 inde
211 929 323 981 moestos
353 926 464 982 animos
502 943 559 981 non
592 943 656 998 spes
687 927 801 982 fovebat
851 927 937 998 Cipus
949 926 991 982 rei
1005 927 1079 983 serie
1096 944 1130 981 cx
1144 930 1266 999 auoque
1280 932 1478 999 concurrente,
1496 929 1565 986 dum
1578 934 1608 985 et
1616 931 1663 1003 ju-

103 1033 183 1087 nere,
215 1018 264 1074 sed
297 1019 449 1074 tolerantia
480 1020 601 1075 vexabat
627 1021 657 1075 in
689 1021 798 1076 funere.
851 1019 957 1076 dicatos
970 1019 1110 1076 sententia
1115 1019 1293 1091 judiciorum
1306 1020 1666 1088 elisit,ineorumbonisad

103 1127 137 1167 m
155 1111 186 1166 in
207 1112 395 1183 reparationis
412 1130 538 1183 occursu,
554 1129 612 1168 non
631 1116 728 1168 temen
747 1130 800 1168 nos
850 1113 979 1185 ipsorum
991 1113 1082 1168 vicem
1096 1112 1277 1169 munificatus
1288 1130 1374 1169 nemo
1385 1115 1516 1183 surrexit,
1524 1132 1599 1187 pene
1608 1132 1666 1172 non

103 1205 153 1260 ola
178 1205 252 1260 ratio
279 1206 364 1277 cogit,
387 1222 484 1261 verum
511 1210 540 1261 et
560 1207 621 1279 ipsa
643 1206 799 1263 commotio
851 1206 975 1262 tenuisse
983 1205 1165 1279 disciplinam
1174 1206 1321 1275 inordina,
1331 1207 1379 1263 sed
1388 1207 1530 1263 defectum
1540 1210 1668 1280 posuisse

102 1297 233 1372 impellit,
249 1303 282 1354 ut
306 1316 340 1353 ex
359 1299 488 1354 omnium
513 1298 715 1356 deliberatione
736 1301 798 1356 ani-
850 1303 1007 1371 pensantur
1019 1300 1050 1354 in
1065 1302 1161 1370 gente,
1173 1298 1220 1354 illo
1234 1300 1338 1371 majori
1351 1300 1448 1356 salutis
1462 1301 1611 1374 dispendio
1621 1318 1668 1358 cu·

125 1392 258 1447 concordi
278 1392 327 1446 illa
345 1397 461 1447 maneat
482 1393 623 1448 sententia
644 1392 721 1461 dicti,
735 1410 799 1466 quae
849 1392 1667 1466 mulato,quiatambacquaeajudiciisvigorjudiciorum

103 1500 129 1539 m
154 1484 270 1540 ausibus
296 1485 350 1539 rite
376 1492 464 1556 ponat
490 1486 602 1553 illicitis,
633 1490 663 1541 et
685 1488 798 1542 consul·
849 1486 1025 1542 abstraxerat
1036 1501 1122 1558 quam
1139 1485 1187 1541 illa
1205 1503 1269 1558 qua
1290 1488 1494 1560 qualiscunque
1513 1495 1668 1561 proventus

104 1578 204 1633 randis
221 1578 287 1649 jure
311 1578 385 1633 ferat
407 1579 531 1651 populis.
553 1579 700 1643 Quosdam
717 1597 797 1636 nam·
849 1579 949 1634 ordine
974 1578 1183 1651 profligationis
1204 1580 1387 1652 contriverat,
1405 1583 1463 1636 tota
1484 1582 1668 1655 proprietatis

103 1671 269 1743 aspeximus
296 1687 387 1742 reges,
410 1677 559 1743 postquam
583 1672 688 1727 fuerint
717 1673 799 1746 regni
849 1670 1012 1743 principum
1028 1671 1189 1742 amplitudo
1205 1671 1233 1726 in
1250 1671 1343 1727 sinum
1360 1689 1418 1727 snae
1436 1675 1606 1745 receptionis
1621 1675 1665 1731 in·

103 1783 108 1818 ι
136 1764 267 1831 assecuti,
297 1765 457 1820 extenuatis
488 1764 593 1820 viribus
628 1743 982 1838 populorumsscluserat.
1007 1765 1110 1837 Sicque
1138 1767 1196 1820 solo
1224 1765 1375 1838 principali
1394 1769 1493 1820 ventre
1522 1769 1666 1840 suppleto,

103 1857 218 1929 stapris
241 1874 395 1929 congerere
423 1859 546 1929 lucrum,
563 1862 601 1927 et,
621 1858 701 1914 obliti
722 1860 800 1931 quod
848 1859 1050 1914 cunctatotius
1062 1857 1193 1913 membra
1208 1859 1429 1929 gentisvacuata
1449 1859 1666 1931 languescerent

103 1955 137 2006 nt
149 1950 250 2017 vocati,
266 1950 464 2006 defensionem
486 1951 517 2006 in
529 1952 717 2007 vastationem
730 1968 798 2008 con·
848 1967 882 2006 cx
896 1951 1038 2006 defuncto.
1052 1951 1133 2007 Unde
1147 1950 1227 2005 venit
1248 1953 1281 2005 ut
1298 1968 1352 2006 nec
1371 1951 1528 2006 subsidium
1552 1952 1663 2009 medio·

103 2085 109 2114 ,
130 2046 161 2098 et
184 2044 368 2099 vastationem
394 2044 559 2100 defensione
587 2046 692 2118 pellere
715 2045 797 2101 defu·
848 2043 1438 2116 cres,necdignitatemvalerentobtinere
1452 2045 1666 2118 maj0res,quia

108 2135 178 2192 illud
210 2137 323 2208 gravius
354 2138 531 2194 innectentes
563 2139 639 2211 quod
671 2156 704 2194 ea
734 2155 798 2211 qnae
848 2136 918 2191 dum
929 2135 1014 2192 solius
1024 2136 1171 2208 potestatis
1180 2137 1262 2208 vigor
1274 2136 1401 2192 maxima
1411 2137 1567 2209 occupavit,
1578 2138 1666 2194 totius

103 2228 275 2302 racquirere
301 2248 360 2285 non
380 2232 463 2303 regni
486 2232 625 2304 deputant
639 2231 742 2288 honori
753 2231 799 2289 vel
848 2229 938 2302 plebis
952 2232 1041 2285 status
1055 2245 1109 2285 nec
1120 2229 1242 2285 minima
1258 2229 1327 2301 jura
1347 2228 1485 2298 defendit,
1499 2234 1584 2303 atque
1599 2248 1665 2287 cum

115 2322 164 2378 sed
187 2323 228 2377 ita
251 2323 360 2378 malunt
384 2324 416 2378 in
438 2340 489 2379 suo
509 2326 575 2396 jure
598 2326 745 2394 confundi,
767 2330 799 2381 nt
849 2323 927 2378 omni
939 2322 1065 2394 palatino
1077 2322 1170 2379 officio
1183 2323 1326 2394 simulque
1340 2340 1405 2378 carn
1417 2324 1561 2395 majorum
1574 2323 1666 2380 mino·

103 2433 117 2472 a
136 2415 232 2471 debito
246 2417 402 2472 decernant
415 2416 475 2472 haec
489 2417 518 2472 in
531 2418 687 2475 liberorum
702 2422 797 2492 poste·
847 2432 971 2488 rumque
984 2420 1135 2484 conventu,
1149 2433 1203 2471 nos
1224 2433 1333 2485 omnes,
1343 2421 1400 2472 tam
1418 2416 1565 2488 pontifices
1579 2434 1665 2490 quam

132 2510 297 2564 transmitti.
329 2510 520 2574 Quamobrem
552 2512 582 2566 in
615 2513 798 2586 proprietatis
848 2509 935 2566 etiam
950 2508 1109 2565 sacerdotes
1123 2513 1151 2565 et
1166 2509 1291 2565 universi
1305 2511 1392 2566 sacris
1403 2510 1552 2566 ordinibus
1570 2512 1663 2566 famn-

103 2605 181 2659 rntur
199 2602 330 2675 redigere
345 2603 421 2671 sinu,
437 2621 501 2677 quae
524 2622 576 2677 pro
602 2606 661 2662 solo
687 2610 799 2664 constat
847 2602 946 2671 lantes,
955 2603 1090 2659 concordi
1105 2602 1270 2658 delinitione
1284 2603 1467 2659 decernimus
1481 2608 1509 2660 et
1522 2607 1663 2677 optamus,

103 2696 178 2769 perii
197 2698 359 2768 percepisse
381 2697 539 2770 fastigium,
554 2703 582 2754 et
600 2700 669 2755 illud
682 2699 712 2755 in
724 2701 798 2771 juris
847 2702 879 2752 ut
892 2696 986 2752 omnis
995 2695 1210 2768 conquisitionis
1219 2696 1380 2769 profligatio
1390 2697 1419 2752 in
1429 2698 1559 2753 omnium
1567 2713 1665 2754 renim

113 2790 253 2845 collocant
271 2794 366 2860 antro,
382 2791 458 2861 quod
480 2793 578 2864 populi
603 2792 731 2848 utilitatis
750 2810 797 2849 ac·
846 2789 1001 2845 viventium
1013 2789 1271 2862 immobiliumque,
1283 2793 1311 2846 et
1323 2790 1431 2846 moveri
1440 2791 1596 2848 valentium
1606 2807 1666 2847 cor·

103 2898 117 2936 n
139 2897 201 2938 esse
226 2885 338 2936 constat
361 2883 489 2939 obtentu.
515 2886 586 2940 Nam
607 2886 748 2958 numquid
762 2887 798 2942 ad
847 2899 917 2956 pore
930 2883 974 2938 vel
988 2883 1092 2955 specie,
1106 2883 1255 2939 formavel
1277 2899 1394 2956 genere,
1410 2901 1473 2957 quae
1493 2901 1510 2940 a
1532 2886 1665 2958 gloriosas

103 2979 120 3030 a
138 2975 313 3048 populorum
336 2975 549 3046 adventasset
570 2994 666 3034 rerum
686 2986 798 3052 poterat
846 2976 997 3032 memoriae
1018 2977 1221 3033 cindasiuntho
1236 2993 1304 3050 rege
1326 2994 1343 3032 a
1363 2978 1408 3034 die
1428 2994 1486 3051 quo
1498 2978 1527 3033 in
1540 2995 1663 3052 regnum

103 3083 150 3123 ere
174 3085 289 3136 census,
313 3068 367 3123 nisi
388 3069 560 3126 exstitissent
587 3072 684 3143 gloriae
709 3070 1228 3183 subii-Cdignosciturconscendisse
1236 3073 1375 3144 repertus,
1383 3072 1512 3144 quolibet
1521 3073 1608 3129 modo
1619 3090 1665 3130 ex·

103 3159 259 3229 rlminibus,
283 3165 334 3216 aut
355 3162 390 3216 ab
414 3163 569 3235 equalibus
592 3164 632 3218 illi
650 3165 798 3236 potuerint
847 3163 960 3232 stiterit,
980 3163 1077 3219 omnia
1096 3164 1126 3218 in
1147 3163 1320 3219 serenissimi
1343 3169 1428 3236 atque
1451 3165 1664 3224 clementissimi

103 3258 305 3314 macervatione
320 3259 414 3327 ditari,
429 3260 483 3315 nisi
505 3278 558 3334 per
572 3261 715 3334 subJectos
736 3264 796 3336 glo·
848 3257 958 3313 domini
979 3258 1069 3313 nostri
1084 3257 1282 3312 Reccesiunthi
1297 3258 1434 3331 principis
1447 3261 1569 3331 perenni
1585 3264 1664 3318 tran·

103 3351 151 3407 vice
171 3353 333 3423 potuissent
355 3354 468 3409 attollit
489 3354 590 3410 Omnia
612 3361 697 3412 rectas
710 3358 798 3413 totius
848 3355 929 3406 scant
941 3354 1081 3422 potestate
1092 3355 1121 3406 et
1132 3354 1273 3423 perpetuo
1289 3349 1466 3422 deputentur
1477 3352 1589 3424 injure,
1605 3370 1664 3410 non

103 3446 226 3501 remoria
240 3446 366 3517 subjecta
375 3447 409 3501 ad
422 3447 577 3519 principale
587 3455 672 3521 caput
681 3450 796 3521 revelat,
847 3439 979 3494 habenda
997 3439 1136 3510 parentali
1155 3456 1285 3495 successu
1304 3440 1354 3495 sed
1380 3441 1552 3512 possidenda
1574 3443 1664 3515 regali

103 3555 120 3593 n
143 3538 248 3595 debita»
269 3540 406 3610 jussionis
433 3541 534 3596 obtutu
555 3543 736 3613 negotiorum
761 3544 796 3599 ab
848 3532 1120 3605 congressionezita
1135 3537 1166 3587 ut
1176 3533 1253 3603 J'uste
1265 3533 1318 3588 sibi
1332 3533 1431 3589 debita
1443 3534 1564 3606 quisque
1576 3536 1665 3607 perci·

103 3636 242 3704 ‚spectant
273 3633 444 3702 remedium,
477 3635 522 3689 cui
553 3636 639 3691 mods)
672 3641 795 3709 graium,
847 3626 916 3697 piat,
932 3629 961 3681 et
975 3625 1011 3681 de
1026 3626 1158 3682 rebusad
1172 3626 1298 3682 remedia
1318 3627 1512 3699 subjectorum
1527 3644 1662 3700 quacun·

103 3724 223 3780 labicum
249 3726 380 3798 irrogant
407 3744 534 3783 censum,
561 3728 656 3803 126
685 3731 797 3802 Regalis
847 3736 903 3792 que
918 3719 1664 3791 elegeritprincipisvoluntasexerceat,illistantum·
1774 3750 1778 3757 ¹

110 3819 274 3874 orthodoxa
288 3819 447 3875 sublimitas
469 3822 531 3876 hfflc
555 3827 656 3877 cuncta
678 3822 731 3878 sihi
746 3824 795 3880 de.
846 3814 932 3869 modo
945 3813 1071 3883 exceptis
1085 3828 1150 3884 quae
1166 3817 1340 3868 memoratus
1355 3813 1428 3869 divae
1443 3815 1592 3870 memorias
1601 3816 1665 3873 Cin-

103 3912 217 3979 nvineit,
239 3930 274 3967 ex
299 3930 355 3986 quo
381 3931 411 3967 se
433 3931 534 3986 regem
559 3916 746 3988 recognoscit,
768 3919 797 3972 et
847 3906 1664 3980 dasiunthusprincepsanteregnumautexpropriis,aut

103 4005 224 4079 „quisita
245 4023 304 4061 110„
324 4006 404 4061 aperi
421 4024 508 4078 quam
528 4007 580 4063 3qu
598 4009 675 4080 juste
697 4010 794 4066 dpfen.
847 4017 882 4056 ex
894 3999 1049 4071 justissime
1061 3999 1307 4072 conquisitisvisus
1317 4005 1359 4056 est
1369 4000 1510 4057 habuisse.
1519 4002 1663 4075 inquibus

103 4098 136 4154 de
161 4115 221 4154 non
244 4116 382 4170 personae,
401 4100 451 4155 sed
473 4102 606 4172 potentia
629 4103 712 4158 subdi
735 4104 796 4159 haec
846 4095 954 4149 eunctis
967 4092 1032 4148 filiis
1045 4109 1104 4148 una
1118 4109 1183 4147 curn
1205 4093 1326 4164 glorioso
1346 4093 1463 4150 domino
1478 4099 1574 4150 nostro
1589 4097 1661 4152 Rec-

103 4207 162 4247 non
183 4192 314 4264 ambigit.
339 4194 446 4265 Regem
469 4200 576 4249 aterna
594 4195 658 4266 jura
678 4196 794 4267 faciunt,
846 4187 994 4243 cesiuntho
1009 4203 1077 4259 rege
1098 4189 1215 4241 maneat
1235 4185 1334 4242 divisio
1355 4187 1454 4257 libera,
1471 4192 1500 4244 et
1523 4188 1662 4260 possessio

103 4301 182 4354 sona,
197 4286 264 4357 quja
278 4303 335 4340 non
348 4287 515 4341 constarent
529 4288 736 4357 mediocritate,
746 4290 796 4345 sed
846 4298 914 4353 pace
925 4279 1227 4352 plenissima.Sedillae
1236 4297 1282 4335 res
1291 4297 1362 4353 quas
1372 4282 1524 4354 praedictus
1530 4282 1663 4355 princeps

103 4378 162 4433 atis
176 4379 296 4434 honore.
317 4381 385 4444 Quae
400 4396 469 4451 ergo
485 4381 586 4435 honori
602 4381 725 4437 debeant
744 4382 794 4437 ho·
846 4374 881 4430 de
890 4374 976 4446 justis
985 4374 1169 4446 proventibus
1179 4374 1245 4429 tiliis
1254 4375 1322 4442 suis,
1333 4376 1376 4429 vel
1390 4374 1663 4448 quibuslibetjustis·

103 4471 229 4537 erviant,
241 4476 270 4526 et
283 4490 347 4545 quar
362 4490 445 4545 reges
459 4475 640 4530 acerimulant
653 4491 743 4547 regno
754 4479 834 4552 re-l)
845 4469 916 4523 sime
935 4466 1012 4522 visus
1033 4471 1074 4521 est
1098 4466 1251 4522 contulisse
1273 4468 1317 4522 vel
1338 4467 1485 4541 reliquisse
1507 4484 1608 4524 omnes
1631 4469 1661 4524 in

103 4570 118 4634 t,
134 4569 167 4620 nt
180 4565 247 4636 quia
257 4582 306 4621 eos
320 4567 401 4638 regni
416 4566 507 4638 gloria
520 4568 643 4636 decorat,
655 4568 709 4640 ipsi
723 4584 794 4640 quo·
844 4577 945 4618 eorum
956 4561 1021 4632 jure
1035 4564 1173 4615 maneant
1184 4561 1367 4630 inconvulsae,
1385 4560 1436 4616 illa
1450 4561 1537 4632 hujus
1554 4561 1661 4634 negotii

103 4658 136 4714 ni
159 4658 280 4732 gloriam
304 4678 361 4714 non
388 4663 555 4728 extenuent,
571 4661 620 4717 sed
644 4665 793 4717 exornent.
843 4642 1662 4725 servataveritate,utquiagratavofuntasdomininostri

103 4750 252 4825 {deinceps
263 4755 327 4825 jure
340 4755 446 4809 conditi
466 4772 549 4828 reges
564 4755 594 4809 in
608 4755 735 4828 regendo
745 4755 793 4827 ju·
844 4746 1043 4806 Receesiunthi
1053 4747 1131 4819 regis
1141 4745 1261 4801 reddere
1271 4746 1558 4820 decernitunicuique
1565 4748 1662 4821 justis·

103 4846 150 4913 vta,
165 4845 195 4900 in
210 4849 353 4918 parcendo
366 4852 631 4920 pectoraprompta,
642 4849 671 4905 in
682 4848 795 4921 conqui·
843 4842 916 4898 sime
933 4840 1038 4911 debita,
1054 4855 1139 4895 nemo
1164 4838 1320 4894 invasionis
1343 4840 1516 4896 calumniam
1537 4847 1659 4913 moveat,

103 4938 173 4993 adia
185 4956 281 5010 parca,
298 4941 327 4995 in
343 4943 537 4998 conservando
551 4948 615 4998 vota
630 4942 749 5011 sincera,
762 4945 796 4998 ut
844 4939 893 4992 aut
907 4936 1013 4991 damna
1029 4933 1158 5005 requirat
1172 4937 1276 5004 praeter
1291 4949 1355 5005 quae
1370 4933 1499 5005 gloriosae
1513 4936 1661 4992 memoriae

103 5032 190 5087 iriam
202 5035 285 5105 regni
298 5051 363 5089 cum
377 5036 511 5091 felicitate
527 5039 678 5105 retentent,
687 5040 795 5108 quanto
844 5029 1006 5103 genitorem
1022 5028 1083 5100 ejus
1105 5027 1236 5099 quaedam
1259 5027 1386 5084 indebite
1406 5028 1539 5084 habuisse
1555 5030 1660 5086 consti·

103 5124 212 5197 gimiois
230 5130 259 5182 et
280 5128 504 5184 mansuetudinis
525 5130 751 5186 conservaverint
766 5134 795 5185 et
844 5126 929 5180 lerti-

103 5218 284 5275 ldifeffl'isst
297 5223 443 5292 lJromissae
455 5223 605 5294 premium
618 5224 744 5279 dilim-
756 5225 794 5279 ΝΘ
844 5243 900 5297 Lea
912 5241 986 5297 edita
1004 5242 1035 5295 in
1056 5238 1147 5296 eodem
1162 5240 1284 5303 concilio,
1301 5239 1451 5311 imperante
1468 5242 1593 5312 prmcipe
1605 5241 1659 5311 ale

103 5312 187 5368 >dimo
210 5318 326 5386 putetur
348 5332 383 5370 ex
404 5317 501 5371 fomite
523 5316 652 5388 rationis,
671 5318 795 5372 revelare
1209 5313 1290 5366 '‘5080·

103 5412 109 5462 t
131 5407 341 5464 evidentissima
360 5411 451 5480 specie
473 5404 621 5480 operiant
635 5410 728 5465 exillo
742 5426 795 5465 nos
882 5407 912 5461 fn
935 5406 1052 5462 nomine
1077 5403 1199 5473 Domini,
1220 5404 1329 5460 Flavius
1351 5405 1573 5461 Reccesiunthus
1597 5406 1658 5476 rex',

109 5505 265 5556 assertores
280 5503 383 5558 habeat
397 5503 522 5575 probitas
536 5504 671 5572 veritatis,
689 5520 725 5559 ex
737 5519 795 5576 quo
845 5501 1008 5557 eminentiae
1022 5499 1159 5557 celsitudo
1167 5503 1291 5555 terrenae
1299 5502 1368 5554 tunc
1381 5497 1519 5553 salubrius
1527 5496 1661 5553 sublimia

112 5595 294 5667 semetipsam
314 5599 499 5653 reservaverit
524 5598 646 5669 qualitas
667 5599 793 5654 actionis.
845 5595 984 5668 probatur
996 5597 1142 5666 appetere,
1156 5609 1220 5648 cum
1235 5592 1318 5647 saluti
1331 5591 1527 5663 proximorum
1540 5590 1588 5663 pia
1602 5607 1662 5648 cer·

103 5688 194 5744 imita
206 5705 239 5744 ex
253 5690 344 5763 gentis
359 5696 462 5747 nostrae
477 5692 668 5748 mediocribus
677 5692 795 5764 majori·
844 5688 924 5745 nitur
938 5686 1137 5760 compassione
1149 5686 1291 5758 prodesse,
1305 5682 1381 5740 unde
1404 5683 1477 5740 solet
1493 5683 1669 5758 contingens

106 5783 240 5859 pemanis
258 5785 361 5840 maltos
376 5785 514 5842 hactenus
536 5786 673 5843 corruisse
687 5785 794 5862 reperi·
845 5786 878 5841 ut
891 5781 956 5861 plus
968 5780 1119 5841 commodi
1137 5779 1176 5841 de
1199 5779 1296 5840 aliem
1307 5778 1404 5837 ndum
1415 5777 1700 5860 suntquamquam
