3870 6150
743 274 977 330 uacunraclou
996 272 1190 329 contactio.

376 573 664 669 INGlPlUN'l'
698 573 959 666 DECRETA
993 571 1336 664 MARCELLINI
1371 574 1554 668 PAPAE.

627 763 716 831 launo
730 759 842 817 Domini
854 762 916 827 295,
931 758 1104 829 imperatore
1116 757 1306 830 Maximiano.)

156 1037 358 1110 ltcacanuuus,
369 1040 629 1112 episcopussanctae
644 1040 774 1096 Ecclesiae
788 1039 935 1095 catholice
945 1048 976 1122 Α
986 1041 1027 1092 est
1039 1039 1261 1093 rextudaearum
1275 1040 1383 1109 (liunt
1400 1057 1430 1107 11,
1445 1044 1455 1095 l
1474 1045 1499 1096 et
1510 1039 1547 1111 2).
1560 1061 1573 1089 ιι
1590 1042 1625 1095 Et
1633 1041 1724 1097 infra:
1740 1062 1754 1094 a
1769 1044 1802 1099 Et

126 1129 199 1184 urbis
227 1132 377 1202 Romanae,
403 1133 544 1191 Sinonem
568 1134 734 1207 coepiscopo
757 1133 786 1187 in
815 1133 937 1190 Domino
988 1131 1639 1206 intrantbsdomuminveneruntpuerumcum
1648 1135 1733 1189 hieria
1742 1152 1801 1190 ma·

126 1223 256 1280 alutem.
395 1266 397 1271 .
988 1228 1031 1279 tre
1042 1225 1113 1295 ojus,
1124 1228 1153 1280 et
1164 1226 1343 1296 procidentes
1356 1227 1545 1283 adoraverunt
1560 1243 1636 1297 eum,
1653 1232 1682 1282 et
1697 1228 1801 1299 apertis

158 1317 660 1392 Quamlaudabiliterprocatholicae
674 1321 938 1375 ssdeiveritatemo-
986 1317 1127 1372 thesauris
1142 1319 1199 1373 suis
1218 1319 1383 1374 obtulemnt
1399 1322 1424 1375 ei
1444 1336 1573 1387 munera,
1596 1336 1708 1387 aurum,
1724 1322 1800 1387 thus,

125 1412 209 1465 rearis
225 1412 320 1483 etqui
344 1413 461 1469 sollicite
483 1414 631 1469 Dominico
650 1414 732 1485 gregi
754 1414 937 1469 devotionem
987 1426 1112 1480 myrram
1122 1411 1213 1480 (ibid,
1227 1416 1278 1481 ll).
1289 1433 1303 1461 »
1314 1412 1489 1468 Sacrificium
1502 1413 1600 1485 itaque
1610 1413 1800 1485 quodaChri-

124 1504 204 1558 oflicii
219 1506 340 1574 pastoris
354 1505 937 1578 impendas,traditanobisperdiaconnm
987 1503 1087 1558 stianis
1106 1505 1192 1559 sacris
1215 1505 1349 1560 alteribus
1370 1507 1539 1562 admovetur
1552 1523 1609 1563 non
1631 1507 1725 1561 solum
1746 1509 1801 1562 Deo

123 1603 201 1651 tuum
218 1598 408 1653 fraternitatis
422 1601 477 1654 tuae
492 1600 594 1671 scripta
609 1600 818 1669 demonstrant,
835 1600 937 1670 quibus
986 1597 1061 1651 Patri
1080 1597 1232 1653 sedetiam
1253 1599 1321 1654 Filio
1343 1600 1488 1654 communi
1507 1599 1655 1654 devotione
1672 1600 1799 1667 offertur,

122 1691 229 1745 notitiae
245 1695 351 1746 nostrae
364 1691 509 1747 insinuare
523 1693 625 1748 curasti
640 1693 690 1764 qui
700 1710 830 1749 errorum
843 1693 937 1747 morbi
986 1691 1124 1763 quoniam
1138 1708 1190 1746 nec
1204 1693 1287 1746 Pater
1304 1692 1364 1746 sine
1381 1693 1451 1747 Filio
1469 1696 1564 1764 potest
1583 1693 1689 1764 ollerri,
1708 1709 1800 1766 neque

122 1782 149 1836 in
167 1783 338 1854 regionibus
358 1785 455 1840 vestris
472 1786 557 1840 modo
578 1787 667 1841 exorti
687 1791 761 1840 sunt.
783 1787 855 1840 Nam
875 1785 935 1857 api·
987 1783 1086 1839 aFilio
1099 1784 1158 1840 sine
1173 1786 1256 1839 Patre
1270 1785 1377 1840 sentiri.

121 1876 197 1931 stelae
208 1893 316 1944 sermo,
328 1880 358 1931 et
370 1878 583 1933 commonitorii
596 1879 681 1933 series
693 1878 813 1933 etlibelli
824 1878 863 1932 tui
875 1882 935 1932 tex·
1021 1876 1100 1940 Quod
1112 1881 1207 1932 autem
1216 1893 1399 1932 communem
1408 1895 1526 1948 operam
1540 1879 1662 1935 habeant
1674 1882 1758 1934 Pater
1772 1883 1801 1936 et
1866 1898 1870 1907 ¹

123 1972 163 2022 tas
176 1970 323 2040 eloquitur
340 1971 418 2042 quod
440 1970 568 2042 quidam,
587 1988 681 2026 errore
700 1971 821 2042 decepti,
840 1971 937 2025 dicunt
987 1968 1081 2037 Filius,
1093 1971 1145 2024 hoc
1155 1971 1240 2024 medo
1255 1970 1446 2025 doceturdum
1457 1971 1542 2041 primi
1557 1971 1682 2025 hominis
1693 1972 1800 2042 plasma

122 2062 181 2117 ideo
196 2064 314 2117 Patrem
325 2064 463 2134 majorem
474 2064 542 2118 Filio
552 2081 622 2132 esse,
634 2065 700 2136 quia
714 2064 815 2119 illisoli
828 2063 935 2118 sacriti-
986 2064 1057 2117 licus
1067 2062 1103 2117 ad
1116 2062 1274 2133 imaginem
1283 2063 1333 2118 [lei
1349 2064 1496 2118 communi
1513 2064 1685 2134 operationis
1696 2064 1797 2119 virtute

121 2155 192 2208 cium
202 2155 936 2226 immolaturetquodFiliusnullamcumPatrecom-
986 2154 1799 2226 secisselertur,Scripturadicente:«Faciamushominem

121 2248 688 2321 munionisoperamhabeal‚etquodillud
697 2249 935 2320 propheticumda
986 2247 1022 2301 ad
1037 2247 1192 2319 imaginem
1201 2251 1230 2302 et
1243 2247 1457 2303 similitudinem
1469 2253 1597 2304 nostram
1607 2250 1682 2313 (Gen.
1691 2251 1771 2319 raa).
1784 2269 1797 2300 ι

121 2341 934 2414 soloPatrcdictumsit:«Sciantgentes,quoniamnomen
986 2342 1055 2394 Item
1066 2340 1799 2413 ihi:«uescendamusetconrundamusibilinguam

120 2435 272 2502 tibilleus,
289 2438 320 2488 tu
334 2435 408 2489 solus
419 2436 580 2490 altissimus
596 2451 682 2506 super
697 2450 814 2491 omnem
829 2412 972 2490 terramss
985 2433 1264 2500 eorumtaenmm.»
1274 2433 1798 2506 aEtpluitllominusabominoignem

121 2528 199 2593 (rect
218 2544 327 2594 cxxxu,
347 2529 398 2598 la),
420 2529 477 2583 sive
499 2529 574 2600 quod
589 2528 654 2584 ideo
673 2528 768 2583 minor
781 2531 824 2582 est
838 2528 932 2594 Filius,
984 2526 1800 2598 etsulphursuper80domam(Gen.xix,24).»EtinEvan·

122 2621 180 2690 quia
191 2621 255 2692 ipse
268 2621 299 2675 in
314 2637 396 2676 cruce
409 2621 538 2694 pendens
549 2621 637 2676 dixit:
648 2643 662 2671 ιι
671 2622 932 2690 Deus,lleusmeus,
984 2619 1355 2690 galia:«ratermeususque
1365 2620 1450 2674 modo
1460 2623 1799 2691 operaturetcgooparor

122 2731 203 2784 quere
218 2731 267 2768 me
288 2713 463 2786 dereliquisti
483 2714 591 2785 (Matth.
611 2731 697 2782 xxvu,
720 2715 769 2781 463
790 2717 873 2769 Marc.
889 2730 933 2780 xv,
984 2711 1072 2781 (loon.
1083 2728 1109 2780 v,
1122 2712 1174 2783 17).
1187 2731 1200 2763 ιι
1213 2711 1347 2767 Similiter
1360 2715 1389 2767 et
1399 2734 1413 2762 «
1424 2729 1511 2784 opera
1520 2729 1583 2784 quce
1595 2729 1647 2784 ego
1658 2713 1730 2768 facio
1740 2730 1796 2768 non

122 2807 170 2863 all.
180 2805 313 2871 »Quibus
329 2811 496 2879 competens
511 2809 539 2861 et
553 2823 713 2878 congruum
728 2807 865 2861 reddatur
878 2823 935 2860 res·
984 2807 1050 2860 sunt
1063 2821 1136 2874 mea,
1151 2805 1198 2860 sed
1215 2806 1338 2877 ejusqui
1353 2806 1429 2860 misit
1442 2823 1489 2861 me
1504 2806 1594 2861 Patris
1606 2807 1695 2875 (loia,
1711 2807 1766 2878 36),
1782 2828 1796 2855 ιι

123 2916 252 2970 ponsum,
264 2900 332 2970 quia
347 2899 419 2954 sicut
433 2903 525 2968 Patre,
533 2901 570 2955 ita
583 2900 668 2955 etiam
683 2900 753 2955 Filio
766 2916 825 2954 non
841 2899 933 2954 solum
985 2914 1048 2969 quae
1065 2897 1159 2952 omnia
1180 2914 1237 2952 non
1254 2898 1403 2954 discretam
1420 2899 1507 2954 Patris
1520 2905 1548 2954 et
1562 2899 1624 2954 Filii
1639 2899 1797 2973 potentiam

123 2992 287 3047 Christianis
306 2994 491 3064 temporibus,
512 2994 700 3048 verumetiam
720 3009 735 3046 a
750 2993 847 3064 priscis
860 2997 931 3048 tem·
983 2991 1211 3058 monstrant,sed
1224 3008 1309 3046 unam
1320 2992 1476 3048 divinitatis
1488 2993 1798 3064 operationemannuu·

123 3087 235 3156 poribus
255 3085 459 3154 sacerdotibus,
476 3086 559 3141 variis
578 3087 732 3158 multisque
755 3087 847 3141 modis
869 3102 934 3158 pro·
983 3084 1064 3138 liant.
1079 3084 1148 3138 Etis
1162 3083 1796 3157 quipaternumopusexsequitur‚apaternis

122 3178 218 3234 bamus
229 3178 400 3234 sacrificinm
414 3179 496 3234 luisse
508 3179 646 3249 oblatum,
657 3179 784 3247 Daniele,
794 3180 934 3251 propheta
983 3177 1116 3248 operibus
1125 3177 1235 3231 alienus
1243 3192 1303 3233 csse
1314 3194 1372 3232 non
1383 3178 1516 3233 creditur.
1526 3179 1554 3234 si
1565 3183 1662 3233 atatem
1671 3194 1795 3233 crevan-

122 3271 227 3328 dicente
243 3289 250 3326 :
267 3294 283 3322 ιι
297 3273 357 3326 Νοιι
373 3272 829 3344 estlocustinquiunttrespneri)
845 3272 933 3326 adsa·
984 3270 1057 3342 gelio
1073 3270 1174 3325 Filium
1188 3269 1238 3324 Dei
1254 3286 1441 3342 cognosceres
1452 3272 1627 3327 ditissimum
1648 3288 1794 3344 nuncupa·
1828 3282 1837 3308 ³

122 3365 305 3420 cribrandum
324 3364 496 3421 nominituo
510 3371 538 3420 et
552 3365 680 3420 invenire
695 3364 931 3432 misericordiam,
982 3369 1054 3431 tum,
1067 3380 1215 3435 nunquam
1228 3365 1295 3420 Filio
1311 3365 1452 3437 derogans
1465 3367 1517 3419 hoc
1529 3366 1564 3420 de
1577 3367 1635 3420 solo
1646 3367 1705 3421 Deo
1716 3367 1795 3420 Patre
1831 3419 1835 3427 ,

122 3459 207 3513 sedin
222 3457 322 3513 anima
334 3458 457 3514 contrita
476 3463 504 3515 et
517 3459 546 3513 in
567 3459 667 3530 spiritu
682 3458 852 3514 humilitatis
869 3474 931 3512 sus·
983 3457 1091 3511 dictum
1100 3473 1221 3528 poneres
1230 3458 1649 3529 testimonium,cumscriptum
1660 3458 1709 3512 sit:
1722 3459 1793 3525 «Tu,

121 3552 267 3623 cipiamur.
290 3553 324 3606 Et
338 3553 416 3608 'sicut
432 3553 676 3607 holocaustomata
691 3551 812 3607 arictum
827 3555 856 3606 et
868 3556 931 3605 tau·
983 3565 1064 3620 puer,
1079 3548 1218 3621 propheta
1234 3550 1368 3605 ditissimi
1382 3550 1523 3606 vocaberis
1538 3552 1610 3623 (Luc.
1627 3569 1646 3620 ι,
1662 3551 1717 3622 76).
1735 3573 1749 3600 ιι
1763 3553 1796 3605 Et

122 3661 214 3700 rorum
236 3662 436 3717 agnorumque
456 3646 619 3717 pinguium,
642 3646 681 3700 ita
695 3645 744 3700 ilat
762 3645 931 3699 sacrificium
983 3646 1014 3697 ut
1040 3641 1124 3695 Filius
1148 3658 1214 3696 cum
1236 3645 1318 3697 Patre
1344 3643 1496 3699 indiscrete
1521 3644 1552 3698 in
1579 3642 1721 3699 altissimis
1750 3645 1796 3698 ha·

122 3743 245 3794 nastrum
261 3738 291 3793 in
306 3742 458 3811 conspectu
473 3743 522 3795 tuo
536 3739 619 3794 hodie
629 3744 661 3794 ut
670 3740 782 3810 placcat
794 3738 930 3799 tibitllon.
982 3734 1085 3790 bitassc
1114 3734 1256 3801 credatur,
1287 3735 1447 3790 Salomonis
1476 3737 1640 3792 testimonio
1665 3751 1794 3808 compro·

124 3844 156 3895 ιιι,
169 3832 202 3884 38
217 3828 331 3899 etseq),
349 3850 364 3878 ιι
381 3833 410 3883 ct
423 3833 456 3882 ut
471 3828 571 3882 Filiam
585 3828 673 3882 laissa
685 3844 833 3898 agnoscas,
842 3827 887 3880 cui
902 3827 932 3881 hi
982 3829 1064 3882 batur
1080 3845 1085 3881 z
1103 3848 1116 3876 ιι
1130 3828 1189 3898 Ego
1203 3827 1360 3898 (Sapientia
1378 3828 1481 3900 inquit)
1503 3829 1628 3883 habitavi
1641 3830 1670 3883 in
1690 3830 1793 3883 altissi-

123 3925 173 3976 lres
187 3923 270 3994 pueri
288 3920 456 3976 sacrificium
468 3937 497 3976 se
514 3921 636 3976 confessi
650 3927 716 3976 sunt
728 3921 886 3990 obtulissse,
897 3938 933 3975 ex
982 3920 1036 3976 mis
1051 3924 1080 3975 ct
1092 3920 1213 3975 thronus
1226 3937 1306 3975 meus
1318 3921 1349 3975 in
1362 3921 1494 3976 columna
1507 3921 1591 3976 nubis
1606 3923 1793 3993 (Ecalt.‚xx1v‚

123 4013 204 4084 ipsius
215 4015 292 4085 regis
302 4031 334 4069 ac
345 4015 457 4085 tyranni
467 4015 516 4085 qui
527 4030 575 4068 eos
582 4015 612 4068 in
622 4015 768 4069 lomaccm
777 4013 851 4085 ignis
857 4014 933 4069 mitti
983 4013 1019 4085 7).
1034 4032 1048 4065 ι
1061 4016 1094 4068 Εῑ
1104 4013 1133 4068 in
1143 4013 1254 4085 psalmo
1269 4015 1454 4085 nonagesimo
1464 4014 1588 4069 secundo
1599 4032 1605 4069 :
1618 4037 1632 4063 «
1648 4016 1688 4069 Tu
1698 4017 1794 4069 autem

124 4112 291 4179 praeeperat
303 4107 484 4163 confessione
503 4108 614 4163 addisce
634 4109 727 4179 quise
747 4123 812 4161 cum
830 4107 930 4174 tribus,
981 4107 1216 4163 altissimusesin
1227 4112 1376 4174 aeternum,
1386 4107 1516 4176 Domine,
1528 4108 1662 4179 quoniam
1673 4108 1795 4163 ececini-

126 4206 251 4270 quartum
263 4201 294 4256 in
309 4201 371 4272 ipso
384 4201 529 4256 aestuantis
539 4201 641 4256 camini
656 4200 787 4255 incendio
794 4201 932 4255 sociatum
983 4200 1050 4255 mici
1059 4200 1100 4255 tui
1109 4199 1271 4271 peribunt.»
1282 4201 1425 4255 Nemeum
1433 4200 1701 4256 diabolusthronum
1710 4218 1794 4257 suum

125 4294 241 4362 prodidit
255 4293 445 4364 conspexisse.
462 4316 476 4343 ιι
493 4295 602 4359 Nonne,
618 4295 722 4365 inquit,
733 4293 872 4348 tresviros
881 4294 933 4348 mi·
982 4297 1079 4348 contra
1101 4293 1240 4348 creatoris
1263 4293 1305 4347 sui
1327 4293 1463 4348 thronum
1490 4294 1522 4349 in
1543 4294 1686 4350 altissimis
1710 4295 1793 4349 collo-

127 4387 245 4441 simusin
256 4386 537 4442 lomacamvinctos?
551 4387 722 4442 Etdixerunt
733 4387 930 4454 ei2l'ererex3
982 4390 1068 4452 caret,
1083 4387 1171 4440 elatus
1193 4385 1337 4457 superbia,
1358 4388 1418 4441 haec
1438 4404 1523 4442 ausus
1543 4392 1586 4442 est
1607 4388 1729 4443 nefando
1746 4404 1794 4442 ore

128 4483 148 4532 et
160 4480 251 4535 dixit:
272 4481 343 4534 Eece
362 4496 417 4550 ego
437 4478 520 4534 video
539 4483 661 4552 quatuor
677 4479 750 4534 viros
770 4480 885 4546 solutos,
904 4485 932 4535 et
981 4479 1150 4550 depromere
1167 4495 1173 4532 :
1191 4500 1205 4528 ιι
1224 4480 1330 4533 Ponam
1350 4480 1447 4536 sedem
1461 4497 1555 4535 meam
1574 4481 1608 4536 ad
1624 4482 1795 4553 Aquilonem

129 4571 932 4645 deambulantesinmedioignis‚etaspectusquartisimilis
982 4572 1108 4643 (inquit);
1122 4573 1274 4627 ascendam
1290 4589 1376 4645 super
1395 4573 1485 4628 sidera
1499 4574 1572 4643 coeli,
1588 4574 1689 4629 sedebo
1709 4590 1795 4645 super

128 4665 185 4722 Filio
197 4667 247 4722 uei
265 4671 309 4721 est
322 4667 413 4730 (laia,
429 4669 458 4720 at
476 4671 501 4721 ct
515 4670 568 4736 92).
585 4686 598 4716 ιι
620 4666 698 4720 idem
716 4665 766 4720 Dei
779 4665 863 4721 Filius
880 4683 932 4737 per
980 4670 1094 4720 montes
1107 4665 1239 4733 excelsos,
1259 4668 1288 4720 et
1312 4682 1362 4720 ero
1377 4667 1475 4720 similis
1497 4667 1638 4721 Altissimo
1660 4668 1721 4737 (lau.
1736 4684 1792 4735 xiv,

129 4762 288 4832 prophetam
300 4759 543 4831 loquiturdieens:
558 4758 640 4813 «Tibi
651 4759 932 4831 offerentrcgesmu-
983 4761 1014 4813 {3
1025 4763 1050 4813 et
1066 4759 1117 4828 lt).
1131 4779 1145 4807 ιι
1161 4759 1231 4813 ltem
1242 4759 1453 4814 inSalomone:
1470 4761 1533 4814 «Ne
1547 4759 1659 4828 dixeris,
1671 4761 1793 4831 peccavi,

128 4866 183 4905 nera
199 4853 282 4914 (Paul.
302 4869 385 4922 ιιιιι,
407 4856 459 4922 30).
474 4872 497 4929 ,ιι
520 4854 553 4907 Et
567 4855 597 4906 ut
617 4853 678 4906 haec
699 4851 734 4906 de
753 4852 822 4906 Filio
836 4853 885 4907 Dei
901 4869 931 4906 se
982 4854 1011 4906 et
1034 4851 1102 4923 quid
1128 4851 1228 4906 accidit
1252 4851 1323 4905 mihi
1345 4852 1444 4920 triste,
1467 4852 1626 4908 attissimus
1648 4853 1724 4908 enim
1749 4871 1795 4925 pa-

128 4942 217 5000 dixisse
231 4946 356 5015 doceret,
367 4944 436 5001 dixit
449 4961 455 5000 :
468 4966 481 4996 ιι
495 4946 587 5016 Reges
596 4944 707 4999 Tharais
718 4944 856 4999 etinsulae
870 4962 932 5000 mu·
980 4945 1055 4998 tiens
1069 4948 1111 4998 est
1122 4943 1299 4999 redditorum
1312 4947 1404 5016 (Eccti.
1421 4962 1448 5012 v,
1463 4946 1500 5017 l).
1515 4968 1529 4995 »
1544 4946 1573 5002 Si
1590 4947 1719 5002 auditum
1733 4964 1793 5002 cor·

127 5051 183 5092 nera
196 5039 329 5107 offerent,
339 5055 421 5111 regas
429 5039 553 5094 Arabum
564 5042 592 5093 et
607 5037 680 5094 Saba
693 5037 768 5092 dona
777 5037 930 5108 adducent,
981 5036 1024 5091 dis
1034 5036 1076 5091 tui
1088 5037 1238 5108 scripturis
1248 5054 1304 5092 non
1318 5037 1359 5092 vis
1369 5039 1587 5094 accommodare
1605 5039 1716 5109 divinis,
1730 5057 1794 5113 quaa

128 5132 382 5187 atadorabunteum
391 5149 490 5187 omnes
498 5148 693 5203 reges,omnes
702 5131 970 5204 gentesservicntl)
982 5129 1084 5184 Filium
1096 5130 1215 5186 doceant
1223 5130 1395 5186 altissimum
1408 5136 1615 5204 nuncupatum,
1627 5135 1672 5188 vel
1681 5133 1794 5189 diaholo

128 5223 146 5276 ai
157 5226 237 5293 (Psoi.
254 5241 326 5293 cxxi,
344 5229 376 5280 l0
390 5229 416 5281 et
433 5227 485 5291 ll).
498 5248 511 5274 ιι
523 5227 556 5280 Et
569 5229 600 5279 ut
613 5225 673 5280 haec
688 5225 785 5282 omnia
800 5226 931 5296 superius
981 5223 1064 5279 creda
1083 5223 1133 5294 qui
1155 5228 1254 5278 contra
1275 5223 1388 5298 Opificis
1400 5225 1443 5279 sui
1462 5225 1600 5281 thronm
1621 5227 1717 5281 sedem
1741 5225 1793 5279 sibi

129 5314 265 5390 designata
283 5318 395 5373 Christo
410 5317 479 5374 Filio
497 5317 546 5374 llei
559 5319 710 5373 doceamus
727 5319 812 5373 luisse
825 5318 929 5387 oblata,
948 5352 949 5355 ι
980 5317 1070 5372 voluit
1082 5316 1229 5372 collocare.
1244 5318 1279 5372 Ut
1294 5334 1361 5372 eum
1380 5319 1541 5389 agnoscatis
1559 5320 1659 5373 Filium
1682 5317 1792 5372 aPatre

128 5406 149 5462 in
166 5412 312 5467 nativitate
334 5410 467 5482 ejusdem
481 5411 532 5467 Dei
555 5427 620 5484 quaa
635 5412 792 5467 secundum
815 5427 931 5467 carnem
984 5410 1024 5480 tut
1038 5426 1088 5465 vos
1100 5409 1293 5481 suspicamini)
1306 5427 1365 5465 non
1383 5411 1468 5467 fuisse
1487 5412 1599 5483 penitus
1615 5410 1791 5478 derelictum,

128 5501 187 5558 nm
200 5510 242 5560 est
254 5505 408 5577 probamus
425 5505 511 5560 fuisse
526 5506 667 5578 completa
685 5504 835 5576 Evangelio
853 5521 930 5560 eom·
981 5503 1036 5558 hoc
1050 5502 1085 5557 de
1099 5518 1128 5557 se
1140 5501 1170 5556 in
1185 5503 1336 5574 Evangelio
1350 5504 1667 5574 posuittestimonium:
1682 5504 1794 5558 «Pater

129 5597 271 5663 probante:
283 5598 931 5655 «Cumnatusessattesusinssethlehemtuda
982 5595 1030 5668 qui
1043 5611 1090 5651 me
1103 5594 1190 5665 misit,
1206 5612 1320 5651 mecum
1329 5601 1372 5652 est
1386 5600 1414 5652 et
1426 5613 1486 5651 non
1502 5595 1618 5668 reliquit
1630 5610 1676 5650 me
1689 5596 1791 5666 solum,

130 5687 152 5741 in
165 5691 258 5746 diebus
274 5691 352 5764 regis
368 5692 498 5763 Herodis,
520 5710 584 5749 ecce
604 5693 682 5765 magi
699 5693 734 5748 ab
752 5693 865 5749 Oriente
884 5707 931 5747 ve·
981 5687 1629 5761 quiaqueplacitasunteilaciosemperpoan.
1640 5707 1699 5759 vrri,
1711 5691 1791 5753 alltc

132 5788 220 5840 nerant
235 5785 469 5863 Hierosolymam,
485 5786 611 5843 dicentes
627 5807 633 5841 :
656 5787 709 5842 libi
728 5789 770 5841 est
785 5785 834 5858 qui
849 5790 931 5840 natus
982 5781 1062 5839 Unde
1074 5798 1127 5857 pro
1139 5782 1321 5860 surreptione
1340 5782 1817 5855 mandamusmtomxixseuraat-
