3870 6150
126 221 177 278 tna
573 226 713 280 iuuene.
734 225 778 279 all)
796 226 876 281 SAEC.
897 223 940 278 tt.
951 250 986 262 ·-·
1004 223 1126 278 lSlllOlll
1145 222 1358 278 tentaturus
1757 229 1808 280 titt

130 336 214 400 reret,
228 336 261 387 ut
272 336 397 387 rectores
409 333 464 404 ipsi
485 332 612 404 plebium
631 332 788 404 repentinis
800 332 939 388 incursio·
951 329 1064 414 Afacto
1078 329 1244 385 sacerdotali
1259 329 1389 398 concilio,
1404 329 1510 386 debere
1524 331 1628 386 curari.
1649 331 1704 387 Sed
1716 331 1808 388 homi-

128 425 212 483 nibus
224 442 276 496 pro
286 425 442 481 mundane
452 426 588 497 potentie
601 425 748 482 voluntate
757 425 843 481 sacris
852 426 943 498 digni·
992 440 1043 479 nes
1056 423 1106 496 qui
1118 423 1148 479 in
1160 423 1331 479 contrariam
1346 427 1459 496 partem
1473 428 1532 480 toto
1547 425 1696 497 proposito
1710 430 1740 481 et
1754 430 1810 482 toto

128 518 234 574 tatibus
251 518 434 591 privarentur
451 535 486 575 ex
509 520 588 575 nulla
603 519 693 575 veteri
708 535 800 587 causa,
816 535 849 575 ex
864 521 943 576 nullo
992 517 1158 574 recideratis
1168 516 1279 586 attactu,
1295 517 1412 573 concilia
1432 518 1525 590 potius
1548 518 1712 574 necessaria
1725 520 1809 575 etiam

128 610 248 684 collegio
263 614 359 669 reatus
373 629 426 670 nec
442 613 663 686 participatione
675 612 827 684 curjuslibet
841 614 944 670 erroris
993 611 1084 668 studio
1099 610 1268 680 declinastis,
1277 626 1314 667 ne
1323 611 1484 684 peneadem
1496 613 1553 668 tale
1562 612 1673 684 aliquid
1683 627 1811 670 censore·

125 705 186 777 jem
198 708 264 763 ante
278 707 428 764 mmnatcs
447 707 539 763 teneri
556 723 603 764 eos
618 707 805 779 convincique
826 723 942 764 consor·
993 709 1049 775 tur,
1063 722 1120 778 quo
1133 705 1215 761 vobis
1235 704 1320 761 rebus
1340 704 1489 763 evidenter
1503 705 1621 763 offensis
1639 709 1670 761 et
1683 706 1810 778 legitime

127 804 179 868 tes,
193 804 226 856 ut
238 786 375 872 tunquam
388 817 424 857 ex
437 801 584 874 preterita
602 800 768 858 definitione
780 800 942 872 judicaren-
993 798 1155 871 confutatis,
1169 798 1199 854 in
1212 798 1411 855 hereticorum
1424 815 1482 855 non
1492 799 1579 856 licere
1590 798 1692 856 venire
1702 816 1811 856 conscr-

127 898 176 950 tur
188 892 326 951 obstricti.
335 895 370 950 Et
379 894 443 951 ideo
455 894 522 967 quia
533 895 628 950 nullus
641 898 707 950 ante
716 894 944 967 precedentibus
993 892 1076 949 tium.
1090 893 1163 957 Ouid
1176 897 1244 966 ergo
1255 892 1290 948 de
1303 893 1469 964 ignorantia
1482 893 1675 965 praetenditis,
1687 910 1755 950 cum
1763 910 1812 966 per

127 988 219 1043 causis
231 991 359 1045 recentes
374 991 480 1056 essem,
496 1004 547 1043 cur
564 987 737 1061 ejicerentur
751 989 880 1044 incursus
894 989 944 1060 qni
992 990 1085 1043 totum
1092 986 1237 1044 Orientem
1248 986 1511 1064 catholicam-tidem
1518 987 1810 1059 communionemque

127 1080 169 1137 illi
181 1085 276 1138 essent
290 1082 398 1139 debent
408 1081 575 1152 monstrari,
587 1085 616 1138 et
624 1082 820 1139 ecclesiasticis
832 1082 944 1154 legibus
993 1080 1133 1137 sinceram
1146 1080 1208 1136 sedi
1225 1079 1387 1154 apostolice
1407 1084 1620 1153 congruentem
1642 1098 1703 1137 non
1724 1081 1811 1138 solum

127 1181 159 1231 ut
173 1191 287 1248 semper
299 1179 433 1248 oportere
456 1180 587 1233 constare
609 1176 713 1232 saltem
727 1176 771 1232 vel
785 1192 837 1248 pro
850 1180 943 1233 vestro
994 1173 1159 1246 cognovisse
1179 1178 1221 1230 tot
1238 1172 1388 1246 pontifices
1404 1174 1553 1243 videbatis,
1565 1175 1657 1232 etiam
1672 1176 1811 1247 usquead

126 1270 189 1326 loco
200 1269 315 1326 illorum
327 1269 468 1326 duceretis
480 1268 603 1326 miseriis
616 1270 831 1340 consulendum,
841 1271 943 1327 tormi-
994 1270 1157 1323 extremum
1169 1267 1396 1324 constantissime
1410 1268 1579 1325 defendisse.
1596 1268 1627 1325 Si
1639 1285 1693 1324 ros
1702 1285 1760 1325 non
1770 1286 1812 1325 au·

128 1363 227 1420 dantes
243 1363 274 1419 iu
286 1363 366 1418 vobis
379 1364 457 1436 quod
472 1363 503 1419 in
522 1363 584 1418 aliis
607 1363 731 1434 cernitis,
746 1368 849 1436 preter
863 1363 944 1421 illum
994 1360 1189 1433 dieratisquid
1198 1361 1234 1417 de
1247 1360 1305 1417 tide
1318 1365 1346 1418 et
1358 1362 1562 1419 communione
1574 1363 1810 1435 catholiceatque

127 1473 241 1513 morem
253 1456 394 1514 violenter
404 1457 526 1526 admitti,
541 1457 564 1512 si
579 1457 699 1513 crimine
712 1457 837 1530 respersi
851 1463 943 1514 erant.
995 1454 1147 1527 apostolica
1173 1470 1369 1525 censeremus,
1390 1455 1453 1511 illos
1475 1456 1607 1529 aspicere
1629 1455 1812 1513 debuistiwt

127 1549 243 1623 Aliquid
255 1550 291 1607 de
306 1550 495 1607 ecclesiastice
507 1550 605 1607 debuit
619 1551 828 1609 examinatione
840 1567 946 1624 cogno·
993 1554 1042 1605 aut
1054 1548 1136 1622 sequi
1148 1549 1173 1603 si
1181 1548 1340 1605 credebatis
1353 1563 1414 1605 esse
1424 1549 1589 1621 catholicos,
1602 1553 1655 1605 ant
1664 1551 1745 1622 apud
1752 1567 1811 1624 ape

128 1644 178 1715 sci,
189 1649 280 1713 taceo,
290 1647 320 1701 et
334 1644 479 1701 adsedem
494 1644 681 1716 apostolicam
695 1661 728 1701 cx
741 1661 823 1702 more
832 1645 943 1716 reterri,
994 1642 1123 1698 stolicam
1133 1643 1230 1699 sedem
1243 1641 1338 1714 potius
1350 1658 1493 1711 accusare,
1501 1643 1524 1698 si
1534 1642 1811 1700 credebatiserrasse

128 1754 164 1794 ne
177 1743 276 1795 uostm
286 1737 435 1811 privilegia
444 1753 543 1794 curare
554 1738 712 1795 videamur.
724 1739 795 1795 Satis
807 1739 844 1795 sit
854 1710 983 1795 osten-B
994 1736 1063 1809 quid
1078 1736 1140 1792 illos
1154 1741 1205 1792 aut
1219 1752 1270 1792 suc
1290 1737 1436 1808 proposito
1454 1735 1534 1792 illam
1556 1736 1691 1793 tenuisse
1705 1743 1808 1794 seutm·

128 1831 195 1889 dere
209 1832 279 1904 quid
293 1831 452 1888 secundum
465 1832 580 1904 regulas
593 1833 709 1888 Petrum
725 1837 755 1889 et
766 1849 890 1889 canones
903 1832 944 1890 la·
995 1829 1075 1899 tiam,
1090 1833 1140 1886 ant
1152 1831 1350 1902 cognoscendo
1363 1830 1432 1903 quid
1443 1830 1526 1886 sedes
1540 1831 1704 1903 apostolica
1717 1831 1808 1887 defini·

126 1940 190 1982 cere
204 1924 355 1994 deberetis,
369 1925 513 1998 precipue
535 1940 601 1981 cum
620 1925 705 1981 etiam
718 1925 788 1997 ipse
799 1927 877 1999 leges
890 1943 944 1999 pu·
995 1927 1048 1994 ret,
1061 1927 1090 1979 et
1110 1926 1160 1979 aut
1180 1923 1269 1995 igitur
1288 1925 1412 1996 collegas
1424 1928 1452 1980 et
1465 1924 1569 1980 fratres
1585 1924 1624 1979 de
1641 1924 1807 1996 proximoin

127 2019 199 2075 blica
219 2019 438 2076 ecelesiasticam
459 2017 590 2090 regulam
614 2024 778 2091 sequentes,
792 2021 861 2077 tales
878 2036 944 2092 per·
995 2021 1150 2089 conspectu
1167 2019 1262 2073 vestro
1276 2018 1321 2073 vel
1339 2017 1493 2073 catholicos
1512 2017 1595 2090 sequi
1609 2018 1761 2084 debuistis,
1771 2019 1807 2074 ret

126 2129 210 2169 sonas
223 2129 283 2169 non
303 2112 358 2169 nisi
372 2112 408 2168 ab
431 2112 574 2187 episcopis
596 2117 753 2169 sanxerunt
769 2113 903 2184 judicari.
917 2114 945 2171 Si
995 2111 1134 2182 impetere
1155 2111 1179 2165 si
1199 2110 1356 2167 credebatis
1375 2127 1488 2179 errare;
1511 2127 1567 2167 nec
1587 2111 1654 2167 illus
1676 2129 1696 2168 a
1717 2113 1807 2184 quibm

126 2223 193 2263 vero
216 2206 256 2262 de
283 2205 410 2278 qnalibet
439 2205 542 2262 heresi
567 2205 675 2263 fuerint
706 2206 838 2278 impetiti,
864 2210 945 2263 tanto
995 2205 1074 2261 nullo
1099 2204 1261 2260 discrimine
1284 2205 1457 2261 vexabantur
1478 2205 1608 2276 prebere
1631 2222 1806 2273 conensem,

127 2299 279 2372 magisecs
292 2299 388 2355 decuit
405 2298 459 2355 ista
472 2315 654 2372 cognoscere,
669 2299 718 2373 qui
740 2304 768 2356 et
787 2301 946 2357 secundum
995 2300 1084 2355 donec
1106 2299 1208 2354 veritas
1229 2315 1265 2354 ex
1288 2298 1420 2354 omnibus
1443 2299 1587 2370 patefacta
1611 2304 1766 2370 constaret,
1784 2305 1806 2356 et

126 2392 274 2466 religionis
287 2397 415 2450 tenorem
436 2396 554 2466 possent
573 2393 626 2449 ista
647 2392 798 2464 discutere,
813 2397 842 2450 et
853 2395 944 2451 habe·
995 2393 1167 2463 regulariter
1179 2392 1215 2447 de
1235 2391 1275 2447 eis
1288 2392 1469 2449 ecclesiastici
1487 2392 1592 2464 judicii
1609 2394 1708 2450 torma
1720 2410 1805 2466 proce·

128 2491 191 2545 rent
204 2486 369 2560 pristinum,
383 2503 415 2543 ex
431 2503 488 2560 qno
503 2489 546 2543 est
558 2486 713 2543 christiana
725 2487 836 2560 religio,
850 2488 945 2560 ponti·
995 2486 1085 2542 deret.
1109 2486 1160 2541 Sin
1181 2502 1249 2541 vcro
1272 2485 1347 2542 sedis
1373 2486 1532 2558 apostolice
1557 2487 1699 2558 regulam
1723 2487 1805 2543 subse·

125 2581 222 2638 licium
239 2579 401 2653 judicandi,
416 2585 466 2637 ant
479 2579 613 2637 catholici
628 2580 706 2637 enim
719 2583 811 2650 erant,
825 2586 874 2638 aut
885 2582 944 2638 he·
995 2579 1110 2652 quando
1122 2578 1335 2651 perspiciebatis
1348 2580 1492 2636 illoshanc
1502 2585 1605 2637 tenere
1615 2581 1805 2651 constantiam,

127 2673 219 2744 retici,
234 2673 385 2747 dequibus
401 2673 507 2745 passim
528 2673 577 2729 illa
594 2673 718 2730 ludibria
731 2673 905 2745 gerebantur
918 2678 947 2730 et
996 2678 1204 2746 consequenter
1215 2689 1267 2745 per
1279 2674 1355 2742 illos,
1369 2677 1398 2729 et
1411 2673 1480 2745 quid
1492 2679 1592 2731 nostra
1605 2675 1737 2731 delinitio
1748 2691 1805 2731 con·

126 2765 275 2823 latrocinia
289 2765 459 2824 detestanda
476 2766 633 2822 seviebant
638 2783 648 2836 ;
663 2766 688 2822 si
708 2766 835 2822 heretici
853 2768 944 2838 prodi,
995 2768 1108 2835 tineret,
1119 2783 1179 2823 non
1192 2766 1330 2824 habuistis
1343 2768 1497 2836 incertum,
1511 2772 1541 2824 et
1555 2769 1679 2825 illorum
1689 2785 1807 2841 persecu

126 2859 239 2929 discuti,
263 2862 292 2916 et
311 2858 439 2932 legitime
464 2858 594 2915 convinci
618 2859 711 2916 modis
738 2859 872 2916 omnibus
897 2861 946 2917 de·
995 2860 1105 2917 toribus
1117 2861 1271 2916 annuendo
1285 2877 1302 2916 a
1315 2861 1389 2917 sedis
1402 2861 1567 2932 apostolice
1580 2879 1642 2918 non
1652 2863 1806 2935 ignorantes

127 2953 260 3020 buerant,
275 2953 319 3009 vel
340 2952 399 3008 suis
422 2951 656 3020 confessionibus,
670 2953 713 3008 vel
735 2952 857 3009 aliorum
870 2954 945 3010 voci·
996 2955 1059 3027 ejus
1072 2953 1243 3010 sententiam
1257 2955 1400 3010 consortio
1414 2955 1583 3024 retraxistis,
1597 2959 1628 3011 et
1640 2956 1737 3013 adhuc
1746 2956 1805 3012 dici·

125 3046 179 3102 bus
204 3045 357 3114 contutari,
382 3047 460 3104 taceo
487 3046 556 3118 quia
579 3045 616 3101 ad
635 3062 689 3102 nos
712 3051 832 3118 paterna
851 3047 946 3104 iuerat
995 3047 1032 3104 tis
1052 3047 1187 3119 ignorare
1200 3063 1249 3103 vos
1268 3048 1339 3120 quid
1363 3049 1444 3104 sedes
1468 3049 1627 3121 apostolica
1651 3050 1804 3106 censuisset

126 3138 332 3196 consuetudine
358 3138 555 3207 referendum,
579 3140 750 3212 tantumque
777 3155 944 3198 commoneo
994 3143 1064 3198 Cum
1076 3141 1133 3197 illis
1144 3140 1337 3198 sacerdotibus
1351 3142 1489 3197 catholica
1500 3141 1558 3199 tide
1574 3145 1804 3200 etcommunicna

127 3231 197 3304 quid
211 3231 273 3288 fleri
288 3231 476 3288 ecclesiastico
496 3232 562 3304 jure
578 3237 760 3301 convenerat,
773 3233 797 3289 si
815 3249 882 3290 vero
896 3251 943 3291 ca·
994 3234 1157 3292 nolentibus
1169 3251 1228 3290 non
1240 3234 1333 3291 verbis
1346 3237 1396 3291 aut
1406 3235 1517 3304 litteris,
1530 3237 1582 3292 sed
1595 3237 1730 3309 personis
1741 3253 1804 3310 pra-

126 3325 226 3382 tholici
241 3324 402 3398 probantur
414 3342 464 3382 vos
486 3325 609 3398 quinon
627 3325 721 3382 solum
736 3326 767 3382 in
782 3343 881 3384 comm
895 3328 944 3385 dc·
994 3329 1121 3386 sentibus
1141 3328 1297 3384 didiceritis
1310 3328 1454 3399 universa,
1468 3335 1498 3385 et
1509 3329 1545 3386 ab
1560 3331 1669 3387 eadem
1682 3348 1730 3388 vos
1748 3346 1804 3403 pre

67 3449 70 3453 >
126 3418 256 3492 pulsione
264 3419 390 3490 cessatis,
402 3419 452 3476 sed
465 3419 552 3475 etiam
562 3419 723 3491 subrogatis
732 3420 944 3478 communicare
994 3423 1058 3495 prio
1076 3421 1185 3493 judicio
1209 3437 1353 3494 separasse
1372 3422 1537 3490 videamini,
1557 3429 1588 3481 et
1608 3425 1708 3480 adhuc
1725 3424 1804 3480 dicits

127 3511 273 3585 delegistis
297 3511 497 3569 indubitanter
522 3511 674 3581 hereticis,
698 3512 801 3584 quibus
822 3514 945 3586 depulsis
994 3515 1133 3588 synodum
1148 3514 1177 3570 in
1194 3516 1276 3571 unius
1294 3515 1418 3572 hominis
1436 3533 1589 3589 personam
1607 3518 1742 3575 debuisse
1759 3523 1803 3573 ua-

126 3605 272 3661 catholicis
281 3604 501 3661 succedeutibus
510 3622 570 3661 non
582 3605 733 3677 ignorastis
742 3622 856 3663 causam
865 3607 943 3677 ttdei,
995 3609 1077 3676 ctari,
1091 3624 1178 3680 quam
1191 3608 1222 3663 in
1237 3609 1408 3664 damnandis
1420 3609 1486 3664 totis
1501 3609 1690 3681 pontificibus
1700 3610 1803 3667 catholi-

127 3697 396 3770 communionisque
409 3699 555 3755 catholice
568 3716 619 3771 per
626 3702 723 3756 tantm
733 3699 874 3757 antistites
882 3704 945 3758 toto
995 3702 1035 3758 cis
1047 3718 1105 3758 nou
1122 3702 1274 3775 quesistis.
1287 3702 1395 3767 Quibus
1408 3708 1506 3760 autem
1518 3704 1606 3760 vultis
1623 3708 1656 3760 ut
1669 3707 1705 3763 de
1717 3706 1801 3761 talimu

128 3792 198 3856 orbe
210 3793 377 3865 patefactos.
392 3793 449 3850 Sed
458 3793 542 3866 plane
559 3793 678 3849 scientes
687 3795 871 3868 volentesque
883 3795 946 3853 sine
995 3810 1145 3852 causamm
1157 3795 1294 3851 relatione
1307 3796 1456 3852 credamus
1465 3797 1615 3854 catholicis
1627 3816 1665 3855 un
1677 3798 1801 3855 hereticis

127 3886 186 3942 nlla
198 3885 373 3943 discussione
384 3902 495 3958 rerum,
512 3886 574 3943 siue
593 3886 649 3943 ulla
664 3887 790 3960 synodali
804 3889 947 3945 examina-
995 3889 1030 3945 ab
1039 3889 1118 3945 omni
1130 3888 1301 3960 contagione
1312 3889 1515 3946 hereticorum
1529 3891 1803 3963 discretis,anhere

126 3980 216 4052 tione,
226 3980 288 4036 sine
303 3980 361 4036 nlla
374 3980 451 4036 sedis
463 3980 627 4052 apostolice
641 3982 801 4038 reverentia
813 3984 843 4039 et
853 3998 947 4038 assen-
995 3983 1116 4039 ticorum
1129 3982 1333 4039 communione
1345 3983 1485 4055 pollutis?
1499 3984 1568 4050 Quis
1582 3990 1684 4042 autern
1703 4002 1758 4041 non
1768 3984 1800 4038 ri·

126 4073 201 4129 sistis
237 4072 378 4130 hereticis
408 4073 532 4130 libenter
563 4073 711 4145 habentes,
745 4075 945 4148 patienterque
996 4078 1062 4133 deat
1075 4076 1138 4131 illos
1151 4075 1285 4131 Ecclesiae
1305 4077 1470 4147 catholicos,
1485 4080 1514 4133 et
1527 4078 1564 4134 ab
1584 4078 1802 4136 omnihereh'ca

128 4167 252 4224 sinentes
264 4166 418 4223 catholicus
430 4167 568 4224 antistites
584 4168 711 4224 inaudita
724 4169 804 4241 prius
816 4171 846 4224 et
857 4169 946 4224 mise·
995 4172 1085 4242 peste,
1098 4185 1214 4241 prorsus
1232 4170 1348 4238 alienos,
1364 4171 1414 4242 qui
1428 4172 1552 4243 propriis
1567 4172 1689 4230 urbibus
1701 4172 1802 4235 deuel,

127 4259 213 4315 rabili
226 4265 302 4316 sorte
317 4258 444 4316 detrudi.
458 4258 534 4324 Quos
551 4261 576 4315 si
595 4260 679 4316 elide
692 4261 803 4334 integra
817 4278 945 4318 commu·
997 4265 1027 4319 et
1039 4264 1069 4318 in
1081 4263 1214 4320 exsilium
1226 4266 1292 4319 sunt
1305 4264 1424 4333 redacti,
1439 4269 1468 4322 et
1482 4281 1530 4321 eos
1549 4266 1600 4338 qui
1616 4266 1803 4341 superstitibus

128 4352 273 4425 nioueque
294 4352 432 4409 catholica
449 4353 588 4425 putaretis
603 4370 700 4410 errare
712 4355 748 4410 ad
762 4355 947 4427 apostolicam
997 4356 1143 4413 catholicis
1155 4372 1329 4414 successores
1341 4356 1403 4413 lieri
1415 4358 1476 4413 ausi
1491 4363 1567 4427 sunt,
1581 4361 1739 4417 catholicos
1752 4374 1802 4414 on·

42 4482 57 4525 .'
128 4446 227 4503 sedem
238 4445 396 4502 secundum
406 4445 476 4502 scita
487 4447 643 4520 maiorum,
654 4452 683 4504 et
692 4448 764 4504 sicut
777 4465 895 4522 semper
904 4449 1065 4527 estDnino
1087 4466 1146 4505 non
1169 4467 1241 4518 esse,
1253 4451 1305 4505 sed
1327 4454 1377 4506 aut
1400 4452 1560 4507 Eutichiani
1589 4454 1746 4522 manifesti,
1763 4453 1804 4508 aut

127 4541 235 4597 tactum
247 4541 356 4597 reterre
370 4540 517 4610 debuistis,
530 4541 602 4598 sicut
614 4541 650 4597 de
663 4543 748 4598 Petro
760 4544 947 4601 Alexandrino
997 4560 1096 4600 eorum
1111 4542 1298 4600 sectatoribus
1311 4545 1554 4600 communicantes
1566 4546 1630 4603 hec
1643 4548 1730 4620 pestis
1740 4543 1804 4618 apud

128 4634 172 4689 vel
189 4634 366 4693 Antiocheno
391 4637 475 4691 Petro
493 4635 529 4690 de
547 4637 655 4693 toanne
680 4638 824 4709 Pauloque
847 4639 945 4694 iecisse
996 4653 1045 4693 eos
1056 4636 1197 4708 hodieque
1212 4637 1358 4708 perdurat.
1374 4638 1523 4710 Siquidem
1538 4642 1569 4694 et
1581 4657 1653 4697 cum
1664 4643 1746 4698 Petro
1753 4640 1805 4696 tle

128 4732 302 4783 monstratur
325 4729 451 4784 Aeacius.
476 4729 531 4786 Sed
558 4730 623 4803 quia
646 4731 790 4786 noveratis
811 4747 860 4787 eos
881 4748 946 4787 cum
996 4729 1137 4786 rendrino
1154 4734 1259 4786 etcum
1279 4731 1456 4787 Antiocheno
1475 4733 1560 4788 Petro
1574 4732 1805 4791 indifferenterhi

129 4821 283 4893 apostolica
296 4821 364 4877 sede
377 4822 492 4891 sentire,
505 4822 616 4896 etquid
630 4823 711 4879 sedes
726 4825 883 4896 apostolica
895 4842 947 4881 sua
997 4824 1046 4897 qni
1064 4823 1210 4880 catholicis
1233 4829 1438 4895 successerant,
1459 4827 1669 4886 communione
1689 4824 1806 4902 permisti

129 4913 294 4971 definitione
303 4920 442 4982 censeret,
459 4932 512 4987 per
525 4916 589 4972 illos
602 4919 701 4974 tantos
713 4933 746 4973 ac
756 4918 827 4974 tales
839 4917 945 4990 episco·
996 4923 1071 4986 sunt,
1097 4921 1126 4973 et
1150 4918 1360 4973 successoribus
1386 4918 1536 4992 utriusque
1568 4923 1649 4979 Petri
1680 4923 1805 4994 hodieque

128 5024 179 5080 pos
187 5011 296 5064 constat
305 5007 463 5065 orientales
471 5009 612 5066 antistites
621 5010 780 5067 nullatenus
788 5011 945 5084 ignorasse,
995 5012 1162 5068 miscentur.
1175 5011 1224 5066 llis
1237 5011 1312 5066 adde
1329 5011 1417 5068 etiam
1431 5013 1494 5069 illos
1512 5013 1564 5086 qui
1576 5017 1736 5084 catholicis,
1749 5015 1805 5072 licet

128 5105 158 5159 et
169 5117 222 5175 per
234 5101 300 5159 illos
315 5102 461 5158 catholice
473 5105 559 5177 atque
572 5104 732 5177 apostolice
750 5106 946 5162 communioni
996 5122 1056 5161 non
1068 5107 1274 5174 successerunt,
1289 5104 1340 5160 sed
1353 5121 1420 5160 cum
1441 5107 1576 5163 catholici
1594 5110 1749 5182 pontifices
1760 5108 1804 5164 he·

127 5195 268 5268 prodiisse
293 5196 463 5265 contrarios,
489 5202 518 5253 et
540 5197 576 5254 ab
602 5200 702 5256 eadem
723 5200 857 5256 deiecisse
880 5216 945 5255 curn
995 5199 1132 5255 berentur
1144 5197 1244 5253 talium
1255 5213 1284 5254 ss
1297 5200 1495 5256 communioni
1505 5201 1684 5273 junxerunt,
1696 5200 1805 5261 hecilla

128 5305 185 5345 non
202 5289 335 5347 illisestis
357 5289 490 5362 passione
508 5292 661 5364 conjuncti,
673 5293 722 5349 sed
737 5293 831 5366 potius
848 5309 944 5365 perse·
995 5293 1125 5348 mistura.
1147 5292 1213 5347 llec
1234 5295 1277 5348 est
1298 5291 1348 5347 illa
1365 5293 1494 5350 contusio
1515 5310 1583 5367 que
1605 5296 1806 5369 pertinentem

128 5382 273 5440 autoribus
290 5399 390 5439 eorum
403 5383 537 5441 societate
555 5387 687 5443 connexi.
702 5385 751 5442 llic
765 5387 845 5442 vobis
858 5403 944 5458 synu-
995 5389 1088 5442 totum
1098 5385 1174 5442 iuter
1188 5384 1369 5457 catholicam,
1382 5384 1619 5463 haereticamque,
1634 5388 1804 5448 commuuio·

128 5476 181 5533 dus
194 5493 342 5550 nunquam
355 5477 475 5535 venitin
486 5482 625 5548 mentem,
640 5482 754 5536 atcerte
767 5480 804 5536 de
813 5480 945 5552 personis
996 5494 1120 5552 nemque
1132 5478 1212 5535 nulla
1223 5479 1356 5538 discretio
1370 5484 1422 5537 est.
1440 5482 1502 5538 lmo
1514 5482 1566 5555 qui
1584 5483 1712 5544 discerni
1725 5487 1802 5542 teuta

127 5569 171 5641 (ut
192 5568 300 5627 dictum
329 5571 381 5643 est)
403 5571 484 5627 nulla
504 5571 594 5627 veteri
615 5571 679 5645 lege
705 5572 874 5629 constrictis.
896 5573 946 5630 llic
995 5573 1068 5630 verit
1088 5571 1184 5646 potius
1205 5573 1356 5631 hereticus
1377 5574 1508 5645 habetur,
1527 5579 1732 5649 persecutione
1748 5591 1803 5650 put·

127 5662 206 5720 nullo
223 5663 352 5735 concilio,
368 5681 427 5721 non
445 5665 531 5721 unius
552 5664 632 5722 urbis
644 5666 689 5722 vel
709 5666 793 5723 unius
808 5667 944 5742 episcopi,
994 5667 1116 5737 collitur,
1132 5665 1238 5723 exsiliis
1252 5670 1282 5725 et
1294 5667 1447 5726 afflictione
1464 5669 1618 5730 multatur.

118 5755 174 5811 sed
181 5755 270 5815 totius
278 5757 399 5818 ouantis
412 5758 568 5818 Ecclesiam
582 5759 667 5818 subiit
679 5760 809 5818 animum
819 5765 944 5822 vestrum
1031 5761 1128 5819 Restat
1139 5776 1209 5834 ergo
1221 5761 1293 5820 utin
1308 5762 1359 5820 hcc
1372 5761 1532 5822 colluvione
1544 5767 1731 5836 cunctarum,
1741 5760 1803 5820 aaut
