3870 6150
46 286 100 343 ΚΠ
447 302 449 306 ’
684 280 921 338 DECRETALIUM
940 279 1133 337 contactio.
1688 287 1739 345 lte

47 392 307 466 temnistlgnoras
317 390 455 465 qnoniam
464 390 873 464 benignitasDeiadpoeniten-
882 391 1066 478 Aoperantis
1089 390 1207 458 malum,
1220 392 1312 449 iudei
1332 393 1459 465 primum
1480 397 1509 450 et
1528 393 1626 450 Graeci.
1642 396 1738 453 Gloria

50 490 119 545 tum
132 492 162 544 tc
175 486 316 543 adduxit?
328 486 493 544 secumdum
505 485 640 542 duritiam
651 490 747 542 autem
756 490 835 541 tuam
844 487 874 541 et
923 490 1020 541 autem
1033 488 1062 540 et
1080 486 1182 553 honor,
1195 489 1224 540 et
1235 503 1289 557 pax
1302 487 1382 542 omni
1390 487 1519 561 operanti
1531 487 1642 544 bonnm
1652 489 1736 560 (Rom.

51 582 236 656 impaenitens
261 598 320 650 cor,
339 581 513 636 thesaurizas
539 580 591 635 tihi
613 580 685 634 iram
705 580 734 635 in
754 579 799 634 dia
821 579 872 634 irae
922 597 953 647 u,
970 582 984 635 3
1001 584 1026 635 et
1040 577 1106 649 aeq.)
1120 600 1134 628 ο
1155 578 1343 647 Sententiam,
1365 580 1474 650 fratres,
1493 596 1558 653 quae
1576 581 1738 639 misericor·

52 677 78 727 el
90 670 274 727 revelationis
282 670 353 742 justi
362 668 463 742 judicii
477 667 536 738 Dei,
548 668 599 740 qui
608 668 707 723 reddet
719 667 872 740 unicuique
922 673 1001 729 diam
1013 675 1099 742 vetat,
1114 688 1172 728 non
1192 671 1288 728 solum
1305 677 1414 742 tenere,
1428 674 1479 729 sed
1496 677 1525 730 et
1544 675 1642 731 audire
1657 677 1737 733 refu·

53 765 212 822 secundum
234 781 320 837 opera
345 765 415 836 ejus.
435 762 483 819 liis
506 762 624 835 quidem
643 762 693 834 qui
714 762 871 817 secundum
921 767 990 839 gite,
1000 767 1066 839 quia
1080 765 1174 838 potior
1185 770 1227 821 est
1240 765 1434 823 misericordia
1447 767 1579 824 omnibus
1590 768 1736 826 holocaus-

53 859 223 933 patientiam
240 857 308 914 boni
321 857 414 929 operis
438 855 560 929 gloriam
580 857 609 911 et
625 855 775 922 honorem,
788 855 872 912 etin-
920 859 1073 917 tomatibus
1099 863 1128 916 ot
1153 860 1305 917 sacnficiis.
1326 860 1466 917 Consultis
1491 861 1591 918 vestris
1613 863 1738 920 breviter

53 953 267 1025 corruptionem
305 950 500 1025 quaerentibus
530 950 621 1005 vitam
645 951 796 1018 aternam3
826 948 871 1003 his
920 953 1131 1026 respondimus,
1159 954 1226 1026 quia
1254 970 1403 1027 oppressos
1428 955 1514 1011 nimis
1539 958 1568 1012 et
1590 972 1736 1028 praeoccu-

53 1053 146 1103 antem
165 1045 219 1120 qui
241 1062 278 1103 ex
296 1044 487 1113 contentione,
503 1047 532 1100 et
552 1044 600 1117 qui
621 1060 679 1098 non
688 1042 872 1115 acquiescunt
920 1051 1002 1120 patos
1018 1047 1080 1104 aliis
1090 1047 1205 1118 judiciis
1217 1048 1319 1104 littera
1333 1065 1387 1104 nos
1398 1048 1531 1106 invenere
1543 1054 1654 1106 vestrae.
1668 1051 1737 1107 Data

54 1141 173 1212 venun,
189 1140 313 1197 credunt
324 1144 419 1196 autem
428 1137 584 1211 iniquitati,
598 1138 642 1193 ira
656 1142 685 1193 et
695 1135 870 1208 indignata
920 1158 968 1197 vnr
995 1141 1058 1198 ldus
1083 1140 1223 1212 Octobris,
1245 1142 1369 1198 Antonio
1395 1147 1424 1200 et
1448 1143 1606 1200 Alexandro
1633 1159 1736 1200 consu·

53 1240 198 1296 hibnlatio
217 1243 247 1296 et
266 1237 397 1312 augustia
414 1237 445 1293 in
465 1252 581 1293 omnem
600 1235 727 1292 enimam
745 1233 872 1291 hominis
920 1234 1004 1291 libus.

353 1539 639 1635 lNClPlUNT
686 1537 951 1634 DECRETA
996 1537 1208 1631 URBANl
1257 1538 1438 1634 PAPAE.

545 1714 593 1778 De
606 1713 775 1777 communi
786 1712 856 1776 vita
870 1719 903 1776 et
914 1711 1075 1776 oblatione
1086 1712 1245 1793 fidetium.

469 1872 563 1943 (Anno
584 1874 647 1944 222,
671 1879 805 1945 tempore
825 1869 934 1928 Aurelii
954 1869 1093 1927 Antonini
1116 1867 1319 1943 imperatoris.)

83 2176 217 2232 Uarianos
237 2173 384 2247 episcopus
407 2173 540 2230 omnibus
559 2173 727 2232 Christianis
750 2174 781 2231 in
804 2172 1736 2260 san·Bexpretioeomm,coeperuntpraediaetagrosquosven·

51 2266 254 2324 etiheationem
277 2266 412 2340 spiritus,
443 2266 473 2323 in
497 2268 691 2326 obedientiam
719 2273 748 2326 et
770 2286 869 2343 asper·
918 2270 987 2326 dere
1008 2268 1147 2339 solebant,
1166 2268 1333 2325 matricibus
1356 2268 1480 2325 ecclesiis
1500 2268 1624 2338 tradere,
1649 2270 1678 2324 et
1701 2276 1737 2324 ex'

51 2362 160 2418 sionem
178 2361 328 2434 sanguinis
344 2360 459 2418 Domini
477 2362 566 2418 nostri
588 2365 655 2420 tesu
673 2363 775 2420 Christi
797 2363 871 2419 salu-
919 2362 1080 2436 sumptibus
1097 2378 1197 2420 comm
1217 2361 1322 2418 vivere.
1344 2365 1416 2436 Ipsae
1437 2378 1506 2419 vero
1526 2378 1573 2418 res
1585 2362 1616 2418 in
1628 2362 1735 2420 ditione

52 2459 115 2512 lena
918 2457 1098 2529 singularum
1124 2455 1334 2529 parochiarum,
1349 2456 1548 2529 episcoporum
1570 2457 1620 2529 qui
1640 2457 1736 2515 locum

82 2550 168 2606 Decet
178 2565 282 2605 ornnes
296 2548 477 2618 Christianos,
492 2549 661 2620 charissimi,
674 2553 709 2607 ut
720 2565 785 2607 eum
803 2550 867 2606 imi·
918 2553 1017 2607 tenent
1029 2550 1223 2623 apostolorum
1237 2555 1329 2621 erant,
1345 2554 1375 2606 et
1391 2555 1458 2606 sunt
1472 2566 1564 2623 usque
1587 2550 1691 2620 adhuc,
1707 2555 1737 2607 et

53 2645 145 2699 tentm
165 2643 251 2715 cnjus
270 2659 376 2699 nomen
396 2643 490 2699 sortiti
509 2647 576 2700 sunt
595 2663 603 2701 ε
620 2665 635 2695 «
651 2643 726 2710 Quid
740 2644 866 2717 prodest,
917 2643 1021 2701 futuris
1044 2660 1158 2716 semper
1178 2643 1283 2700 debent
1300 2659 1361 2699 esse
1383 2643 1570 2716 temporibus.
1584 2645 1619 2701 Et
1633 2643 1736 2717 quibus

10 2778 12 2808 ,
53 2737 145 2794 haue·
166 2737 239 2806 mei,
262 2738 406 2810 apostolus
428 2738 550 2795 lacobus
574 2738 623 2806 eit,
644 2738 667 2794 si
695 2738 782 2795 fldem
805 2738 869 2812 quis
918 2737 1043 2810 episcopi
1061 2740 1091 2794 et
1112 2738 1210 2795 fideles
1241 2737 1453 2811 dispensatores
1478 2753 1580 2794 eorum
1602 2738 1735 2795 omnibus

10 2828 14 2901 '‚
53 2830 168 2888 dicatae
190 2831 522 2903 habere,operaautem
544 2849 602 2888 non
615 2832 742 2888 habeat?
758 2833 823 2903 (too.
835 2847 867 2903 11,
918 2846 1102 2886 communem
1137 2830 1226 2886 vitam
1255 2830 1360 2904 degere
1389 2830 1551 2887 volentibus
1571 2830 1736 2889 ministrare

10 2914 12 2931 '
54 2925 99 2993 itt
113 2947 128 2975 s
142 2924 241 2981 Nolite
256 2924 353 2997 plures
365 2925 495 2998 magistri
504 2925 578 2995 fieri,
590 2926 691 2982 fratres
699 2925 768 2995 mei,
780 2925 868 2981 scien·
918 2926 1019 2981 cuncta
1041 2924 1198 2980 necessaria
1221 2923 1335 2995 debent,
1349 2928 1436 2997 prout
1457 2923 1558 2980 melius
1577 2925 1734 2997 potuerint,

52 3022 87 3073 tes
96 3019 241 3092 quoniam
250 3019 343 3090 majus
352 3019 493 3090 judicium
502 3019 614 3075 sumitis
621 3038 630 3091 ;
642 3019 671 3075 in
680 3019 779 3075 multis
788 3019 867 3075 enim
918 3021 951 3074 nt
963 3034 1050 3074 nemo
1062 3018 1093 3074 iu
1107 3019 1147 3074 eis
1157 3034 1244 3090 egens
1256 3017 1430 3074 inveniatur.
1442 3020 1511 3091 lpsoe
1524 3018 1603 3075 enim
1612 3036 1658 3075 res
1666 3020 1735 3076 flde-

52 3112 219 3169 otisndimus
232 3129 345 3169 omnes.
356 3113 409 3178 Qui
421 3113 535 3186 sapiens
548 3116 577 3169 et
589 3113 784 3186 disciplinatus
792 3114 868 3171 inter
916 3113 987 3168 lium
998 3111 1155 3167 oblationes
1165 3111 1556 3185 appeDantur,quiaDomino
1564 3112 1733 3170 offeruntur.

10 3235 14 3275 ς
50 3206 255 3276 vcs,ostendat
276 3222 310 3261 ex
325 3206 404 3263 hona
420 3207 635 3264 conversatione
655 3223 773 3281 operam
787 3224 868 3264 snam
916 3206 979 3261 Non
993 3222 1062 3278 ergo
1075 3205 1181 3261 debent
1195 3205 1225 3262 in
1245 3205 1306 3261 aliis
1327 3205 1424 3261 usibus
1439 3222 1525 3279 quam
1539 3207 1735 3264 ecelesiasticis

10 3300 12 3307 '
48 3299 317 3356 inmansuetudine
336 3300 495 3372 sapientiae.
514 3299 625 3357 Scimus
641 3317 690 3355 vos
712 3317 769 3357 non
784 3301 865 3372 igno-
917 3301 947 3354 ct
961 3299 1161 3371 predictorum
1174 3298 1398 3356 Christianorum
1413 3300 1536 3356 fratrum
1546 3301 1591 3356 vel
1601 3301 1734 3374 indigen·

47 3407 116 3463 rare,
143 3393 218 3466 quia
241 3393 382 3449 hactenus
408 3394 466 3449 vita
490 3395 650 3450 communis
679 3394 756 3451 inter
777 3395 867 3452 bonos
916 3393 989 3448 tium
998 3393 1135 3463 converti,
1151 3394 1217 3466 quia
1229 3398 1292 3450 vota
1303 3398 1370 3450 suut
1381 3393 1519 3466 fidelium,
1530 3397 1558 3450 ct
1566 3395 1660 3467 pretia
1669 3411 1734 3467 pec·

46 3488 224 3546 Christiams
238 3488 341 3560 viguit,
370 3492 400 3544 et
422 3490 515 3546 adhuc
538 3489 629 3563 matie
651 3489 703 3546 Dei
729 3490 816 3562 viget,
838 3494 868 3547 et
917 3491 1055 3555 catorum,
1067 3503 1100 3542 ac
1112 3487 1288 3558 patrimonia
1300 3491 1564 3560 pauperum,etque
1580 3488 1615 3545 ad
1627 3490 1733 3561 praedi-

45 3582 166 3638 uaxime
180 3582 322 3638 intereos
344 3582 441 3655 quiin
463 3586 539 3639 sorte
553 3583 667 3640 Domini
685 3586 752 3639 sunt
773 3558 994 3654 electi,Cctum
1015 3597 1087 3652 opus
1114 3581 1288 3653 explendum
1316 3582 1436 3638 Domino
1462 3580 1584 3639 traditae.
1611 3583 1641 3639 si
1669 3584 1734 3657 quis

43 3673 123 3731 idest
136 3676 261 3732 clericos
272 3676 346 3732 sieut
360 3675 391 3731 in
406 3676 521 3732 Actibus
534 3677 641 3750 legitur
650 3679 865 3750 apostolorum:
915 3677 1022 3741 autem,
1036 3673 1115 3745 qnod
1134 3673 1217 3742 absit,
1233 3690 1313 3729 secus
1331 3674 1431 3746 egerit,
1451 3675 1596 3731 videatne
1612 3676 1732 3733 damna-

45 3769 267 3825 «lnltitudinis
279 3774 379 3826 autem
397 3770 578 3826 credentium
593 3774 656 3828 erat
667 3788 717 3829 cor
734 3789 824 3828 uuum
838 3775 868 3828 et
915 3768 1022 3823 tionem
1040 3765 1158 3822 Ananias
1175 3770 1204 3822 et
1222 3766 1352 3839 Saphirte
1365 3767 1512 3839 percipiat,
1527 3773 1556 3825 et
1570 3785 1635 3824 reus
1647 3771 1732 3826 sacri·

44 3862 136 3918 anima
157 3879 236 3933 una3
260 3880 314 3919 nec
332 3863 482 3936 quisquam
500 3880 601 3921 eorum
622 3881 686 3937 qnoe
707 3865 868 3937 possidebat
915 3861 983 3934 legii
1003 3859 1143 3917 efficiatur
1158 3859 1230 3916 sicut
1247 3859 1287 3915 illi
1301 3859 1393 3916 eiiecti
1411 3862 1479 3916 sunt
1491 3861 1540 3934 qui
1554 3861 1644 3934 pretia
1656 3879 1731 3935 prte-

46 3954 149 4028 sliqaid
173 3971 264 4012 sunm
283 3973 344 4012 esse
376 3956 496 4025 dicebat,
516 3958 565 4014 sed
587 3960 668 4015 erant
692 3957 748 4014 illis
770 3958 867 4015 omnia
917 3955 1057 4011 dictarum
1072 3970 1170 4009 rerum
1190 3953 1403 4025 fraudaverunt,
1418 3955 1453 4012 de
1468 3954 1572 4027 quibus
1586 3955 1733 4029 legiturin

46 4049 221 4106 eommunia.
248 4050 283 4105 Et
307 4050 412 4107 virtute
442 4067 548 4124 magna
570 4051 727 4108 reddebant
748 4053 867 4125 apostoli
913 4047 1267 4123 praedictisapostolorum
1284 4047 1421 4104 Actibus:
1439 4048 1519 4104 «Vir
1537 4050 1733 4122 eratquidam

46 4143 246 4200 testimonium
264 4144 479 4201 resurrectionis
499 4146 566 4201 iesu
589 4145 693 4202 Christi
699 4163 708 4216 ;
727 4150 755 4202 et
776 4147 867 4218 gratia
915 4142 1034 4200 nomine
1047 4141 1182 4211 Ananias,
1197 4158 1264 4197 cum
1281 4142 1401 4214 Saphira
1421 4158 1512 4198 uxore
1526 4159 1587 4214 sua,
1605 4144 1734 4202 vendidit
1750 4195 1756 4206 ,

47 4251 150 4310 ”²8³⁸
165 4238 272 4294 eratin
282 4238 414 4294 omnibus
431 4238 496 4295 illis.
509 4240 605 4313 Neque
618 4239 696 4296 enim
713 4240 866 4313 quisquam
915 4252 1029 4310 agrum,
1051 4238 1080 4292 et
1096 4235 1238 4291 fraudavit
1259 4235 1295 4291 de
1315 4237 1407 4308 pretio
1424 4236 1496 4310 agri,
1509 4236 1622 4293 conscia
1642 4254 1733 4295 uxore

49 4346 129 4402 egens
150 4333 218 4388 erat
238 4331 314 4388 inter
334 4333 408 4401 illos,
433 4334 575 4406 quotquot
593 4332 670 4389 enim
692 4350 866 4406 possessores
916 4346 981 4399 sua;
997 4332 1028 4385 et
1042 4329 1163 4386 afferens
1178 4332 1290 4401 partem
1305 4330 1471 4402 quamdam,
1481 4330 1517 4387 ad
1527 4331 1613 4404 pedes
1625 4336 1734 4404 aposto·

49 4440 182 4496 aarum
201 4429 255 4482 aut
272 4426 424 4482 domorum
441 4429 523 4484 erant
538 4427 693 4483 vendentes
710 4427 867 4484 afferebant
916 4424 1011 4480 lorum
1034 4424 1138 4497 posuit.
1164 4423 1239 4478 Dixit
1262 4428 1357 4478 autem
1386 4414 1484 4480 Petrus
1502 4424 1621 4481 Ananiae
1647 4442 1654 4481 :
1676 4426 1734 4482 Cur

48 4519 133 4590 pretia
142 4534 248 4576 corum
260 4535 326 4591 ques
334 4519 494 4576 vendebant
507 4524 537 4577 et
547 4520 693 4593 ponebant
703 4525 769 4576 ante
780 4522 866 4594 pedes
916 4517 1037 4575 tentavit
1052 4518 1169 4574 Salam
1189 4533 1237 4572 cor
1255 4519 1337 4572 tuum
1354 4517 1469 4573 mentiri
1491 4521 1521 4573 tc
1540 4518 1655 4590 Spiritui
1667 4535 1732 4575 san·

49 4612 254 4684 apostolorum.
279 4613 483 4671 Dividebantur
514 4620 611 4671 antem
637 4615 756 4687 singulis
781 4618 867 4688 prout
917 4613 973 4680 cto,
992 4615 1021 4667 et
1035 4610 1168 4666 fraudare
1181 4610 1217 4667 de
1230 4609 1414 4683 pretioagrit
1428 4611 1529 4668 Nonne
1546 4627 1668 4667 manens
1680 4611 1733 4668 tibi

49 4705 147 4779 cuique
162 4722 238 4778 opus
256 4711 328 4763 erat.
347 4707 451 4780 ioseph
467 4712 565 4764 autem
585 4707 634 4780 qui
647 4709 866 4781 cognominatus
915 4707 1051 4764 manebat
1060 4709 1090 4762 et
1097 4707 1293 4762 venundatum
1303 4709 1363 4763 erat
1370 4705 1400 4762 in
1409 4708 1458 4762 tua
1466 4708 1733 4778 potestate‘louare

49 4803 88 4855 ast
107 4800 255 4856 Barnabas
268 4801 304 4856 ab
322 4802 465 4873 apostolis,
485 4802 561 4874 qnod
584 4806 627 4858 est
647 4801 866 4875 interpretatum
915 4800 1032 4872 posuisti
1045 4800 1076 4856 iu
1093 4799 1177 4856 corde
1191 4801 1241 4856 tuo
1255 4800 1331 4855 hanc
1342 4800 1424 4855 remi
1443 4802 1504 4858 Non
1523 4815 1553 4856 es
1565 4799 1733 4857 hominibus

48 4891 116 4950 tilius
133 4894 351 4966 consolationis,
369 4895 468 4951 levites
486 4896 516 4950 et
534 4895 647 4968 cyprius
669 4911 785 4967 genere,
801 4914 866 4952 cum
916 4894 1063 4962 mentitus,
1078 4893 1127 4949 sed
1142 4892 1274 4949 Domino.
1289 4893 1416 4949 Audiens
1427 4896 1524 4950 autem
1537 4895 1663 4951 Ananias
1672 4896 1734 4951 haec

49 4985 165 5045 haberet
186 5004 303 5060 agrum,
325 4989 453 5045 vendidit
473 4989 554 5045 illum
579 4992 608 5044 et
627 4989 722 5045 attulit
742 4990 868 5062 pretium
915 4988 1012 5058 verba,
1040 4987 1140 5043 cecidit
1168 4991 1197 5042 et
1228 4986 1377 5058 expiravit.
1404 4989 1439 5043 Et
1467 4988 1559 5044 lactus
1581 4991 1623 5046 est
1646 4988 1733 5045 timor

50 5085 110 5138 nahe
140 5081 235 5155 pedes
258 5082 455 5154 apostolorum
484 5083 554 5154 (Act.
584 5099 622 5152 iv,
653 5083 707 5153 32),
734 5105 749 5133 a
773 5088 802 5140 et
824 5100 867 5139 re·
916 5098 1038 5153 magnus
1053 5081 1084 5136 in
1105 5097 1206 5137 omnes
1227 5080 1276 5152 qui
1292 5081 1452 5137 audierant.
1469 5082 1732 5154 Surgentesantem

50 5174 131 5248 liqna.
913 5176 1032 5248 juvenes
1049 5177 1217 5231 amoverunt
1236 5191 1313 5245 eum,
1329 5179 1357 5231 et
1376 5175 1527 5232 efferentes
1548 5178 1731 5249 sepelierunt.

80 5270 216 5326 videntes
235 5285 304 5342 ergo
324 5269 483 5328 sacerdotes
501 5270 606 5326 summi
625 5270 712 5328 etalii
726 5275 811 5344 atque
823 5272 865 5327 le·
917 5270 1032 5326 Factum
1046 5273 1089 5326 est
1103 5273 1199 5326 autem
1213 5270 1293 5341 quasi
1306 5269 1445 5325 horarum
1458 5270 1546 5326 trium
1559 5271 1734 5343 spatiumst

52 5361 121 5432 aa,
133 5365 167 5420 et
179 5363 286 5436 reliqui
306 5363 406 5420 fideles
424 5365 489 5437 plus
508 5364 638 5421 utilitatis
657 5382 740 5438 posse
754 5365 864 5437 aiierre,
916 5381 989 5419 uxor
1006 5363 1094 5436 ipsius
1114 5363 1243 5420 nesciens
1260 5364 1335 5436 quod
1353 5363 1462 5420 iactum
1481 5365 1575 5420 fuerat
1594 5362 1730 5419 introivit.

52 5456 270 5514 absonditates
281 5462 310 5514 et
323 5474 408 5530 agros
419 5474 490 5531 quos
505 5460 572 5513 ante
585 5459 754 5519 vendebant.
776 5459 865 5515 eccle·
916 5457 1100 5530 Respondeas
1123 5460 1218 5513 autem
1245 5459 1345 5513 Petrus
1371 5457 1399 5512 ei
1422 5457 1494 5513 dixit
1516 5474 1523 5512 ε
1543 5457 1591 5511 Dic
1617 5455 1689 5510 mibi
1709 5455 1732 5509 si

54 5549 95 5606 a'is
106 5549 215 5624 quibus
227 5551 422 5623 praesidebant
433 5551 557 5625 episcopi
572 5552 727 5623 traderent,
743 5569 776 5608 co
791 5552 867 5625 qnod
914 5551 988 5607 tanti
1000 5566 1103 5622 agrum
1119 5550 1310 5606 vendidistis?
1324 5552 1361 5606 At
1382 5550 1428 5605 illa
1442 5549 1523 5605 dixit.
1541 5547 1634 5603 Etiam
1646 5548 1730 5604 tanti.

54 5658 83 5699 ex
93 5644 258 5718 sumptibus
271 5660 372 5700 eorum
384 5647 445 5702 tam
459 5645 649 5718 presentibus
663 5661 749 5718 quam
764 5645 867 5702 tuturis
916 5646 1015 5700 Petrus
1028 5648 1125 5700 autem
1138 5645 1173 5700 ad
1192 5661 1255 5700 eam
1275 5660 1283 5700 ε
1304 5643 1378 5710 Quid
1391 5643 1490 5713 utique
1505 5639 1637 5697 convenit
1654 5640 1732 5697 vobis

55 5737 230 5811 temporibus
248 5736 376 5812 plurima
397 5740 427 5796 et
445 5739 622 5811 elegantiora
641 5742 759 5811 possent
779 5739 866 5795 mini·
916 5741 1029 5794 tentare
1048 5737 1185 5811 Spiritum
1204 5737 1337 5794 Dominit
1359 5738 1429 5793 licea
1446 5735 1537 5809 pedes
1558 5751 1669 5792 aarum
1689 5724 1765 5808 api

55 5832 138 5890 share
155 5831 292 5890 fidelibus
303 5848 488 5891 communem
499 5832 587 5891 vitam
600 5831 767 5891 ducentibus
778 5849 865 5909 quani
913 5831 1093 5910 sepelierunt
1109 5833 1208 5895 virum
1226 5838 1313 5895 tuam
1333 5833 1374 5893 ad
1394 5830 1520 5906 othum,
1530 5834 1565 5890 et
1583 5830 1771 5896 abstentia,
