3870 6150
125 286 173 343 aar
566 282 710 340 menno.
730 278 776 339 ln
795 281 877 347 sec.
893 261 1128 339 vi.-1sruon1
1143 278 1358 339 unamronrs
1758 282 1800 339 su

123 397 248 461 scentes3
260 389 629 448 eoillasincommissassibi
638 395 779 447 terrerum
787 391 938 447 latitudine
949 404 979 479 Α
1025 394 1067 447 te.
1092 391 1130 446 ite
1150 390 1259 446 indicto
1281 389 1418 462 temporis
1440 386 1587 445 comtituti
1608 387 1688 461 qnod
1703 387 1801 445 nabet

123 485 308 546 inoffendibili
324 488 443 542 exerant
452 484 625 556 judiciorum
638 485 784 553 instantia,
798 503 854 558 quo
869 501 940 558 prae·
990 483 1141 539 concilium
1155 484 1302 540 celebrari.
1324 516 1327 521 -

122 581 281 639 sentialiter
293 579 457 636 assistentes
471 579 621 652 perspicua
634 580 691 635 oris
706 580 795 636 nostri
809 595 941 651 percepe-
1027 581 1070 634 ts.
1085 578 1232 636 Conclusio
1245 577 1456 648 definitionum,
1472 578 1503 633 iu
1516 594 1571 652 qua
1584 580 1615 633 et
1637 578 1697 633 Deo
1710 574 1800 648 gratie

122 679 180 733 rint
199 674 337 731 instituta.
352 674 458 730 Omnes
470 678 568 729 tameu
581 674 611 728 iu
635 690 788 729 commune
802 674 941 729 convenio
990 672 1154 728 referuntur
1168 679 1197 728 et
1208 688 1260 744 pro
1272 671 1400 744 principe
1410 677 1555 730 exoratur.

123 778 152 827 ot
165 787 224 838 vos,
239 770 335 825 l‘atrcs
348 767 550 835 sanctissimos,
565 771 603 835 ct,
615 785 662 823 vos
675 769 798 823 illustres
811 767 885 822 aulae
898 784 942 823 ro·
1032 783 1167 822 incrrrurvr
1185 783 1304 822 occurre
1323 783 1439 823 concurr
1457 781 1587 824 rorarent
1605 780 1765 822 nucuscuu.

122 866 177 937 gie
192 865 278 932 viros,
296 879 369 934 quos
386 862 521 917 interesse
536 862 602 917 buic
617 868 713 917 sancto
729 862 847 918 concilio
862 862 940 917 dele·
1025 861 1121 916 Primo
1135 861 1181 916 die
1196 859 1342 933 synodalis
1354 859 1462 916 exordii
1477 859 1688 916 considentibus
1700 859 1802 931 episco-

123 959 274 1032 gitnostra
290 956 449 1012 sublimitas
461 972 512 1027 per
526 955 614 1011 divini
629 955 712 1011 uubis
728 956 941 1011 attestationem
989 955 1034 1028 pis
1059 959 1145 1026 atque
1165 953 1326 1010 senioribus
1353 954 1452 1026 palatii
1482 953 1624 1010 universis
1643 951 1743 1008 habita
1765 956 1805 1007 est

123 1060 151 1109 ct
164 1051 320 1108 terribilem
333 1050 440 1106 cvmctis
455 1049 544 1104 futuri
555 1049 657 1120 judicii
671 1049 758 1119 mem,
767 1049 867 1105 utsiua
877 1065 941 1121 per·
990 1049 1084 1120 primo
1098 1048 1134 1104 de
1148 1051 1243 1103 sancta
1256 1048 1395 1103 Trinitate
1406 1048 1530 1117 collatio,
1543 1064 1603 1103 non
1616 1063 1683 1120 quae
1697 1046 1805 1101 novello

122 1164 255 1203 sonarum
269 1144 433 1216 acceptione
444 1143 581 1215 aliquam,
596 1144 637 1198 vel
652 1144 758 1210 lavore,
772 1142 833 1198 sine
844 1142 940 1215 aliquo
991 1140 1147 1199 exactionis
1160 1142 1232 1214 stylo
1245 1141 1362 1197 delinita
1377 1147 1545 1214 patesceret,
1560 1140 1613 1196 sed
1625 1157 1694 1214 quse
1716 1138 1805 1196 verbis

122 1257 236 1316 quoquo
249 1245 299 1295 unt
312 1238 448 1310 malignes
461 1237 654 1293 coritcutionis
663 1237 807 1309 scrupulo,
818 1241 868 1292 aut
878 1236 942 1291 sub·
990 1236 1209 1309 simplicioribus
1221 1252 1280 1292 sese
1294 1235 1385 1308 pigris
1407 1235 1537 1291 sensibus
1558 1235 1704 1308 patefacte
1726 1249 1805 1289 mou·

123 1335 265 1392 vertendo
280 1333 404 1389 veritatis
423 1331 526 1399 studio,
542 1348 606 1405 quor
626 1331 725 1386 vestris
741 1330 870 1386 sensibus
888 1348 940 1386 au·
991 1334 1105 1400 straret,
1136 1330 1185 1386 ubi
1206 1330 1351 1402 premissa
1383 1346 1496 1402 semper
1517 1329 1601 1384 lectio
1622 1327 1805 1400 praecederet,

123 1429 227 1485 dienda
243 1425 429 1499 ingressui-int
439 1441 506 1478 sana
520 1424 672 1480 verborum
680 1424 892 1480 examinatione
902 1424 942 1479 di·
992 1428 1068 1500 quod
1084 1444 1205 1499 sequens
1229 1426 1368 1499 expositio
1382 1427 1516 1498 aperiret.
1530 1425 1684 1481 Credentes
1703 1423 1808 1496 pariter

124 1523 235 1589 scutilo,
246 1518 724 1592 sanioriquejudiciocomprobate,
735 1518 940 1573 utcollaiarum
991 1532 1020 1576 et
1034 1521 1168 1576 docentes
1180 1522 1216 1577 da
1229 1521 1330 1576 eadem
1344 1526 1446 1575 sauctae
1460 1519 1525 1575 lidei
1536 1518 1662 1591 puritate
1672 1517 1808 1591 quidquid

124 1616 220 1673 habita
235 1614 313 1688 prius
329 1613 537 1669 deliberetione
550 1628 700 1668 causarum
716 1612 837 1668 discreta
849 1611 941 1667 nostri
990 1615 1154 1687 evangelica
1177 1619 1207 1670 et
1226 1614 1378 1686 aposmlice
1401 1613 1516 1669 traditio
1540 1613 1646 1680 sanxit,
1668 1609 1808 1684 quidquid

123 1710 230 1767 ordinis
255 1708 396 1764 condatur
417 1707 545 1779 probitas
559 1706 717 1774 titulorum,
733 1707 853 1778 qualiter
876 1722 941 1761 cum
991 1707 1223 1780 sanctasynodus
1235 1708 1347 1763 llicaena
1357 1706 1810 1779 constituit,quidquidssoustan·

124 1822 176 1861 nos
188 1819 268 1858 antor·
279 1800 420 1874 aquitanis
431 1799 459 1855 in
471 1800 652 1872 negotiorum
661 1800 869 1856 acceleratione
879 1780 978 1855 red-B
990 1803 1179 1876 tiuopolitans
1191 1804 1305 1858 Petrum
1317 1806 1453 1874 agregata
1464 1801 1593 1856 collectio
1606 1800 1806 1871 promulgavit,

124 1899 230 1955 diderit
240 1894 532 1963 servidas,oiiicientia
543 1911 656 1967 quoque
663 1895 808 1966 justorum
819 1910 938 1967 operum
988 1897 1128 1970 quidquid
1140 1897 1275 1968 prcsini
1289 1902 1377 1952 coetus
1392 1894 1520 1950 delinitio
1535 1894 1641 1960 docuit,
1651 1893 1726 1949 sicut
1740 1891 1814 1948 mul-

124 1997 275 2049 cunneclat
297 1992 355 2046 Deo
379 1989 543 2061 perenniter
565 1987 723 2056 sociandos,
740 1992 773 2043 ut
795 1988 938 2044 bonorum
988 1995 1082 2047 torum
1099 1991 1304 2046 catholicorum
1327 1992 1441 2045 Petrum
1456 1989 1629 2045 documento
1649 1987 1806 2060 expositum

122 2091 281 2144 vostrorum
294 2084 404 2138 actibus
419 2082 596 2137 letabundus
611 2086 640 2137 et
653 2082 801 2154 proesentis
816 2082 879 2137 vitm
892 2098 939 2137 cn·
989 2085 1185 2156 traditumque
1199 2084 1283 2140 nobis
1295 2083 1468 2156 accepimus,
1480 2082 1553 2138 sicut
1566 2081 1656 2136 etiam
1669 2081 1699 2136 iu
1714 2081 1805 2136 missa-

123 2182 201 2254 piam
213 2180 335 2242 lucrum,
344 2182 373 2231 ct
387 2181 560 2230 aeternarum
574 2175 704 2246 perfruar
715 2176 859 2231 vobiscum
874 2191 941 2247 gau·
990 2195 1055 2234 rum
1070 2178 1215 2234 solemniis
1226 2179 1332 2250 patulis
1341 2178 1553 2233 confessionum
1569 2175 1687 2232 vocibus
1699 2175 1798 2248 proclu-

123 2268 939 2340 diismansionumltatum,subdiequintoldustanuarii,
990 2289 1117 2329 mamus.

124 2382 201 2423 auno
215 2365 335 2421 feliciter
358 2362 453 2436 primo
467 2361 550 2434 regni
562 2362 721 2418 screnitatis
737 2369 765 2419 et
780 2363 940 2436 tranquilli·
1024 2366 1173 2425 credimus
1187 2367 1216 2422 in
1230 2383 1320 2423 unum
1333 2368 1435 2434 Deum,
1445 2367 1557 2422 Patrem
1567 2365 1791 2437 omnipotentem,

122 2461 187 2518 tatis
198 2462 303 2516 nostras
318 2457 348 2514 in
363 2456 415 2514 uei
430 2456 558 2525 uomina,
577 2458 684 2513 Toleto.
989 2462 1125 2518 factorem
1139 2461 1203 2517 coeli
1211 2467 1238 2516 et
1247 2460 1500 2527 ter·rae,visibilium
1508 2465 1536 2515 at
1545 2459 1733 2515 invisibilium
1742 2474 1791 2514 con·

446 2579 624 2652 Subscriptio.
990 2552 1790 2614 ditorcn1.etinunum[luminumlesumClrristumFiliuu

156 2693 320 2752 innomine
334 2690 449 2750 Domini
461 2691 573 2748 Flavius
584 2691 717 2764 Eringius
727 2706 886 2765 rexmagna
899 2708 940 2747 sa·
990 2649 1240 2722 ⁰⁰¹u¹¹¹⁸⁰¹¹¹¹¹¹m'
1252 2666 1285 2705 ⁰¹
1299 2651 1380 2704 pam
1393 2653 1492 2704 natum
1507 2654 1573 2704 ΜΒ
1587 2664 1687 2704 ‘imma
1696 2646 1788 2702 'mh'

122 2789 167 2846 lus
181 2785 281 2862 populi
297 2786 446 2860 gentisque
468 2788 572 2841 nostrie
589 2801 620 2839 ac
635 2785 716 2857 regni
742 2784 938 2854 conscribitur,

122 2882 220 2940 dhoec
232 2879 414 2954 synodalium
431 2878 545 2934 decreta
559 2884 716 2952 gestorum,
732 2878 805 2934 sicut
825 2878 872 2951 pio
887 2878 939 2934 de·

990 2744 1082 2800 Denm
1096 2760 1129 2799 ex
1156 2745 1222 2812 tteo,
1238 2745 1337 2800 lumen
1352 2760 1387 2800 ax
1402 2744 1522 2814 lumine,
1540 2744 1632 2798 Deum
1653 2757 1749 2797 verum
1766 2753 1789 2794 ex

990 2838 1049 2893 Deo
1072 2853 1151 2907 vero,
1166 2844 1264 2894 natum
1287 2854 1345 2893 nou
1370 2840 1490 2905 lactum,
1503 2839 1644 2893 omouncor
1657 2835 1739 2903 Patri,
1751 2834 1788 2889 hot

990 2935 1033 2987 cst
1043 2930 1174 3003 ejusdem
1189 2933 1350 2988 compatre
1364 2932 1537 3001 substantie,
1548 2947 1600 3004 per
1612 2945 1699 3003 quem
1712 2925 1787 2984 omo'u
1827 2986 1830 3011 Ξ

990 3025 1065 3082 facta
1088 3030 1164 3094 sunt,
1177 3041 1242 3098 quae
1263 3025 1292 3081 in
1305 3027 1374 3082 ciclo
1394 3029 1424 3081 et
1435 3041 1499 3098 quae
1522 3025 1554 3080 in
1570 3028 1659 3081 tarra.
1674 3023 1727 3090 Qui
1740 3035 1787 3096 prt-
1827 3026 1830 3075 l

989 3124 1054 3193 pter
1066 3135 1128 3188 uos,
1145 3132 1173 3175 et
1187 3122 1305 3191 propter
1317 3122 1444 3175 nostram
1468 3120 1588 3175 salutem
1610 3114 1787 3183 descenditsl
1827 3108 1830 3187 i

989 3213 1153 3271 incarnatus
1181 3217 1224 3269 ast
1256 3213 1292 3269 de
1318 3212 1428 3286 Spiritu
1456 3218 1551 3269 sancto
1577 3228 1614 3267 ex
1637 3212 1724 3268 llario
1743 3207 1786 3264 lir-
1828 3226 1830 3233 ·

991 3306 1069 3380 gine,
1095 3307 1172 3363 immo
1189 3311 1279 3376 tactos
1291 3313 1340 3372 est,
1363 3324 1460 3379 passus
1481 3307 1533 3363 sub
1549 3305 1650 3362 Pontio
1667 3301 1787 3372 suited

990 3401 1127 3473 sepultus,
1146 3403 1231 3456 tertia
1255 3401 1312 3457 dia
1325 3402 1488 3471 resurrexit,
1510 3400 1640 3457 ascendit
1663 3400 1693 3455 iu
1713 3397 1785 3461 cele.

991 3496 1070 3550 sedet
1088 3496 1122 3551 ad
1146 3495 1287 3551 dexteram
1304 3497 1404 3551 Patris.
1418 3497 1521 3551 lterum
1535 3499 1673 3550 venturus
1693 3493 1723 3548 in
1742 3489 1783 3563 glo

316 3661 350 3673 Η
472 3661 477 3671 ¹
575 3659 580 3669 ι
990 3589 1034 3643 ria
1043 3589 1174 3659 judicare
1186 3588 1264 3644 rivos
1277 3592 1306 3644 et
1322 3594 1460 3658 mortuos,
1476 3589 1557 3660 cujus
1569 3587 1655 3660 regni
1676 3602 1731 3642 uon
1747 3578 1785 3639 evil

262 3663 400 3731 minum
414 3660 536 3731 mimula
553 3659 672 3729 eiusdem
685 3659 803 3715 cmm·
991 3683 1066 3739 linis.
1082 3682 1231 3738 Credimus
1253 3683 1282 3739 iu
1304 3684 1438 3754 Spiritum
1460 3687 1590 3738 sanctum
1613 3675 1784 3737 uomuunet
1826 3714 1830 3719 -

162 3779 236 3835 l.l)c
248 3775 385 3849 agnitaet
394 3776 563 3831 confirmata
572 3774 738 3847 proelatioue
748 3775 854 3848 fastigii
865 3774 942 3847 prin·
991 3777 1213 3843 vivificatorem,
1240 3794 1273 3831 ex
1298 3778 1400 3845 Patre,
1429 3781 1458 3832 et
1484 3776 1553 3831 Filio
1579 3775 1781 3848 procedentem
1828 3838 1830 3845 ,

124 3872 221 3946 cipalis
234 3871 265 3926 in
279 3869 398 3926 nomine
411 3874 515 3925 sanctae
527 3868 682 3925 Trinitatis.
991 3887 1056 3925 cum
1078 3873 1159 3925 Patre
1181 3874 1210 3926 et
1234 3870 1302 3925 Filio
1320 3869 1498 3927 adoraudum
1519 3872 1548 3926 et
1574 3866 1782 3941 glorificandum.
1827 3902 1830 3935 ÷

159 3966 235 4024 we
245 3965 289 4020 his
301 3963 352 4037 qui
360 3962 559 4036 poenitentiam
568 3963 776 4019 consentientes
787 3963 940 4035 accipiunt.
993 3963 1088 4038 135
1104 3965 1278 4036 quilocutus
1293 3971 1337 4020 est
1350 3981 1402 4036 per
1426 3964 1589 4036 prophetas.
1604 3964 1697 4020 Unam
1708 3957 1780 4016 ccliv·

161 4063 188 4117 3.
214 4059 253 4115 De
273 4058 449 4129 culpatorum
473 4057 649 4129 receptione,
670 4057 716 4111 vel
741 4057 942 4113 communione
992 4058 1074 4113 licam
1086 4064 1114 4114 et
1131 4059 1313 4132 apostolicam
1337 4058 1498 4114 Ecclesiam.
1520 4057 1699 4116 Confitemur
1715 4060 1782 4112 until

126 4152 202 4226 apud
216 4149 380 4207 Ecclesiam.
991 4153 1166 4224 baptismum
1178 4154 1208 4208 in
1223 4153 1422 4208 remissionem
1443 4156 1639 4224 peccatorum.
1657 4148 1782 4224 Exspetll·
1827 4136 1830 4213 ῗ

161 4246 188 4303 i.
202 4245 238 4302 Ut
250 4244 280 4298 iu
295 4242 364 4299 locis
383 4241 433 4298 ubi
446 4242 596 4315 episcopus
609 4259 669 4299 nou
691 4242 779 4300 fuerit
792 4258 942 4316 uunquam
993 4263 1057 4302 mus
1082 4247 1321 4303 resurrectionem
1341 4253 1541 4317 mortuarum,
1566 4251 1596 4303 et
1614 4245 1703 4302 sitnm
1718 4231 1783 4300 funii
1827 4262 1830 4279 ²

125 4339 274 4413 episcopus
289 4335 448 4393 ordinetur.
948 4329 955 4339 ’
991 4341 1097 4398 seculi.
1110 4345 1213 4397 Amen.
1827 4324 1830 4333 ’

163 4433 235 4492 tus
247 4429 430 4505 quorundam
442 4429 649 4487 consuetudine
660 4431 838 4488 secerdotum
848 4431 942 4490 scedis·
1027 4437 1091 4492 Gar.
1104 4425 1784 4508 t.t>0stpacifioaergohujusmnetettdsieottrtie
1826 4442 1830 4481 ‘:

127 4526 260 4602 almaqui
275 4524 378 4583 oblatis
394 4525 451 4581 lteo
473 4524 617 4580 sacrificiis
637 4542 694 4581 non
717 4528 1062 4613 communicant.1)num
1070 4529 1507 4603 studin,illaaeprimumnestris
1515 4529 1647 4586 sensibus
1656 4519 1784 4586 Snlvntoriv
1828 4528 1830 4533 '

162 4626 190 4680 d.
204 4623 243 4678 lle
265 4636 400 4677 concessa
424 4619 560 4675 Toletano
581 4620 710 4691 pontifici
731 4622 873 4695 generalis
895 4639 941 4696 sy·
993 4623 1119 4696 cognitio
1127 4623 1357 4696 cognoscendam
1370 4625 1476 4680 invexit
1484 4640 1550 4698 quae
1561 4629 1643 4681 tanto
1654 4623 1783 4681 cordam·
1827 4640 1830 4695 j

127 4717 196 4775 nodi
209 4717 358 4788 potestate,
373 4713 565 4785 utepiscopus
579 4713 861 4787 alteriusproviuciae
874 4733 942 4773 cou-
994 4717 1075 4773 nium
1100 4717 1204 4774 ardore
1232 4718 1376 4775 charitatis
1402 4718 1546 4787 astrinxit,
1572 4725 1682 4792 quanto
1704 4733 1732 4774 se
1748 4722 1785 4786 pii
1828 4726 1830 4733 '

128 4809 255 4868 niventia
269 4806 432 4881 principum
446 4806 476 4863 in
490 4807 559 4862 urbe
572 4807 652 4880 regia
667 4810 825 4866 ordinetur.
993 4813 1123 4868 eamdem
1138 4812 1198 4884 ipsa
1210 4813 1333 4885 cognitio
1346 4813 1528 4868 inconvento
1541 4813 1685 4884 generetis
1697 4800 1785 4869 concilii

162 4909 190 4962 7.
207 4905 247 4961 lle
261 4906 375 4976 recepto
388 4901 550 4958 testimonio
565 4918 825 4977 personarumque
836 4921 891 4979 per
901 4906 944 4962 le·
994 4907 1218 4980 pernoscendam
1242 4906 1373 4962 exsilivit.
1392 4907 1502 4962 Etenim
1523 4907 1577 4963 sub
1590 4924 1649 4981 qun
1674 4921 1739 4980 pnes
1753 4894 1785 4955 lli

128 5015 195 5073 gem
208 5013 273 5070 que
286 4998 321 5053 de
343 4996 521 5068 promotione
534 4998 673 5053 exercitus
693 4998 768 5054 lacta
789 5005 832 5056 est
844 4998 943 5056 testifi·
993 5001 1094 5057 ordine
1113 5001 1310 5057 serenissimus
1334 5001 1467 5075 Eringius
1482 5002 1616 5075 princeps
1636 5001 1721 5074 regui
1737 5008 1786 5053 cm·

23 5147 27 5155 ,
127 5092 211 5151 candi
224 5091 368 5149 licentiam
380 5089 569 5162 prodiderint.
994 5095 1138 5150 scenderit
1154 5097 1278 5163 culmen,
1303 5096 1500 5168 regnandique
1522 5111 1578 5169 per
1601 5093 1788 5153 sacrasanctam

162 5191 190 5246 8.
203 5187 242 5244 De
257 5185 301 5241 his
314 5183 366 5257 qui
390 5200 491 5241 uxores
514 5202 580 5241 suas
603 5186 723 5243 divortio
747 5187 944 5246 intercedente
993 5189 1161 5245 unctionem
1182 5190 1338 5262 susceperit
1364 5193 1554 5264 potestatem,
1581 5195 1699 5248 ostensa
1728 5178 1789 5244 nobit

125 5281 304 5355 relinquunt.
995 5283 1205 5355 scripturarum
1218 5282 1360 5339 evidentia
1371 5284 1463 5352 docet,
1477 5283 1507 5339 in
1520 5282 1626 5357 quibus
1640 5288 1671 5340 et
1682 5288 1790 5356 protei·

163 5379 190 5434 u.
205 5377 245 5432 [ta
257 5371 477 5432 confirmatione
490 5373 586 5445 legum
600 5389 665 5445 quse
678 5375 708 5429 in
722 5375 886 5431 iudeorum
896 5392 945 5433 ue·
994 5377 1040 5445 tis,
1052 5383 1080 5433 et
1094 5376 1226 5432 Vuamhoe
1235 5377 1372 5450 principis
1379 5378 1555 5451 poenitentiis
1562 5377 1710 5453 susceptio
1720 5368 1794 5434 need·

129 5470 222 5544 quitiu
234 5467 424 5542 promulgate
437 5469 513 5533 sunt,
525 5466 749 5539 earumdemque
757 5469 857 5540 legum
870 5485 944 5542 prae·
994 5473 1052 5540 tur,
1058 5475 1088 5526 et
1095 5472 1249 5527 translatus
1260 5471 1341 5544 regui
1348 5472 1477 5527 honorio
1485 5462 1796 5547 ommnostriprinetvi·

126 5565 182 5621 lixo
194 5565 295 5621 ordina
308 5561 456 5618 titulorum
479 5559 528 5635 qui
548 5559 578 5615 in
598 5560 699 5617 eodem
722 5578 831 5619 canone
852 5581 944 5621 annu·
994 5565 1112 5622 nomine
1127 5566 1280 5622 derivatur.
1292 5565 1503 5622 ldemliuamba
1513 5565 1584 5622 dum
1596 5563 1800 5623 inevitabilius·

126 5663 284 5717 merantur.
994 5652 1803 5734 cesaitudiuiateneretureventu,susceptoreligionisdffl·

152 5753 199 5807 10.
209 5748 316 5809 Βοιώ
343 5747 396 5824 qui
414 5746 452 5807 sd
470 5747 620 5808 eccesiam
641 5751 810 5826 mniugium
825 5753 943 5813 facium.
995 5756 1024 5810 to
1039 5755 1127 5825 cultu,
1137 5759 1167 5810 st
1178 5754 1333 5812 venerabili
1344 5761 1571 5813 tarsumenno
1584 5754 1807 5829 signaculum

119 5842 182 5905 Ar.
198 5841 245 5925 oq
256 5843 422 5923 cultoribus
435 5844 595 5907 idolorum.
998 5864 1051 5923 per
1059 5848 1230 5922 scripturam
1235 5849 1409 5907 delinitionis
1417 5865 1478 5908 sue
1485 5849 1564 5908 hum
1573 5847 1717 5925 inclytum
1724 5844 1812 5937 donc}

122 2974 244 3034 vodonis
254 2977 361 3033 nostrae
374 2972 469 3028 studio
492 2980 556 3029 acta
568 2977 644 3042 suut,
660 2973 699 3028 ita
719 2971 940 3029 inconvulsibilis

121 3070 193 3145 legis
204 3067 409 3127 nostraevslido
420 3067 534 3124 oraculo
544 3068 758 3136 confirmentur,
771 3071 801 3122 ut
810 3065 887 3141 quod
899 3082 939 3122 se·

122 3164 273 3221 renissima
285 3161 459 3220 celsitudinis
469 3164 574 3217 nostre
583 3161 666 3233 jussu
679 3161 845 3218 venerandis
853 3159 977 3235 patri-c

122 3259 176 3314 hus
191 3261 221 3314 et
232 3254 394 3313 clarissimis
406 3254 505 3328 palatii
519 3255 609 3310 nostri
618 3254 778 3311 senioribus
789 3255 900 3311 decretu
907 3253 940 3310 ti·

122 3346 939 3422 tirlorumexarationeastedictum,presentishojuslegis

123 3449 228 3502 nostrae
239 3445 331 3501 edicto
339 3444 374 3498 ab
382 3442 493 3498 aemulis
501 3442 736 3498 defendatur.Est
745 3443 890 3499 cnimhaec
899 3442 939 3515 ip

124 3536 938 3596 sadellnitiocauonumsubistonotataordinetitulornm.
