3870 6150
134 316 167 369 Π
753 313 990 372 oecumenius
1009 313 1204 374 cotusscno.
1784 311 1816 368 lt

130 421 221 494 ipsius
261 420 405 478 homicida
437 428 489 493 est,
522 422 572 479 liei
604 423 773 480 conditionis
805 425 945 481 inimicus.
957 426 1049 506 Aput
1068 423 1247 496 existiment,
1267 430 1295 482 et
1314 425 1386 482 nihil
1402 427 1524 498 amplius
1544 427 1649 499 praeter
1669 423 1731 497 ejus
1747 428 1816 482 coni

165 516 257 572 XXlil.
276 515 304 572 Si
317 515 391 587 queis,
405 532 471 572 cum
492 515 610 572 elerieus
628 516 725 586 inerit,
741 518 892 574 absciderit
905 535 947 574 se-
998 514 1145 572 scientiam
1171 523 1281 589 gerant,
1304 535 1390 590 marn
1409 520 1457 575 iiia
1476 519 1536 576 sola
1552 520 1714 592 singulique
1732 534 1814 592 paro-

130 608 300 684 metipsnm,
317 608 437 665 omnino
459 609 621 677 damnetur,
637 609 705 685 quia
724 627 792 666 suus
806 610 948 668 homicida
997 609 1069 665 chia
1082 611 1206 683 propriae
1219 617 1248 668 et
1265 612 1337 667 eills
1356 629 1419 685 quae
1432 613 1484 669 sub
1497 629 1529 669 ea
1542 617 1619 683 sunt,
1634 615 1810 683 competunt.

131 708 182 759 est.
997 702 1051 759 Sed
1063 719 1114 760 nec
1125 703 1172 760 ille
1186 707 1293 777 preter
1305 705 1433 761 omnium
1446 706 1649 762 conscientiam
1665 706 1748 761 lauat
1761 706 1813 761 ali·

163 796 254 854 xxiv.
269 796 368 852 Lucus
380 797 563 869 semetipsum
573 795 751 866 abscindens,
762 799 843 854 annis
856 799 947 856 tribus
998 796 1068 868 quid
1083 796 1113 852 in
1127 813 1226 854 eorum
1245 799 1395 871 parochiis,
1410 799 1449 855 sic
1464 800 1543 855 enim
1558 799 1731 856 unanimitas
1744 798 1809 868 erit,

130 889 332 946 communione
345 890 483 962 privetur,
498 891 566 962 quia
578 906 638 948 suae
653 890 717 946 vitae
731 890 881 949 insidiator
896 910 946 950 ex·
996 893 1025 945 et
1040 889 1245 962 glorificabitur
1270 893 1342 949 ilaus
1363 908 1415 965 per
1430 893 1572 949 Christum
1586 893 1617 949 in
1631 892 1735 966 Spiritu
1747 908 1812 947 san·

131 981 208 1039 stitit.
996 987 1052 1039 cto.

162 1077 240 1133 XXV.
261 1076 423 1149 Episcopus,
435 1081 486 1132 aut
497 1075 654 1149 presbyter,
670 1081 721 1133 aut
736 1078 882 1151 diaconus,
897 1081 947 1154 qui
1030 1081 1139 1136 XXXVl.
1163 1080 1332 1154 Episcopum
1355 1096 1414 1137 non
1443 1080 1549 1138 audere
1571 1085 1650 1137 extra
1670 1081 1809 1136 terminos

133 1168 370 1240 iniornicatione,
393 1173 443 1227 aut
463 1170 599 1242 pery'nrio,
618 1175 668 1227 aut
684 1171 761 1229 iurto
781 1175 945 1245 captusest,
995 1172 1124 1245 proprios
1145 1173 1325 1230 ordinatores
1345 1174 1437 1230 iacere
1458 1174 1488 1229 in
1511 1173 1669 1230 civitatibus
1690 1176 1719 1228 et
1737 1171 1811 1227 villis

132 1263 300 1336 deponatur,
315 1279 376 1319 non
389 1268 487 1319 mmen
504 1264 707 1320 communione
725 1265 863 1338 privemr,
876 1267 946 1324 dicit
996 1281 1060 1339 qua
1075 1266 1116 1322 ilii
1129 1267 1206 1322 nullo
1222 1268 1288 1338 jure
1307 1268 1441 1339 subjectas
1456 1272 1532 1323 sunt.
1546 1267 1653 1323 sivero
1666 1265 1811 1322 convictus

132 1357 204 1412 emm
225 1357 392 1430 Scriptura:
413 1358 473 1413 lion
491 1357 629 1430 judicabit
647 1358 785 1416 Dominus
802 1360 886 1418 bisin
901 1361 943 1417 id·
993 1358 1079 1415 fuerit
1098 1359 1153 1415 hoc
1176 1359 1273 1417 iecisse
1294 1364 1399 1433 praeter
1414 1377 1514 1417 eorum
1538 1359 1739 1416 conscientiam
1759 1358 1809 1430 qui

131 1451 233 1523 ipsum.
993 1452 1117 1508 civitates
1129 1453 1204 1524 ipsas
1220 1458 1249 1510 et
1266 1454 1344 1509 villas
1366 1455 1504 1523 detinent,
1520 1457 1549 1510 et
1568 1453 1628 1526 ipse
1650 1453 1810 1524 deponatur

158 1544 245 1600 xxvi.
261 1544 397 1602 Similiter
416 1551 445 1603 et
466 1545 568 1618 reliqui
590 1549 684 1605 clerici
701 1548 769 1604 huic
787 1548 942 1605 conditioni
993 1550 1023 1601 et
1036 1545 1085 1617 qui
1100 1546 1135 1601 ab
1145 1546 1193 1601 ilio
1212 1547 1421 1603 suntordinati.

132 1636 301 1710 subjaceant.
974 1676 978 1682 .
1028 1640 1151 1696 XXXVll.
1174 1639 1202 1695 Si
1225 1640 1289 1712 quis
1315 1641 1463 1715 episcopus
1480 1657 1538 1696 non
1568 1639 1721 1712 susceperit
1743 1638 1807 1694 ciii-

160 1730 260 1788 xxvu.
276 1734 308 1788 ln
328 1732 435 1805 nuptiis
456 1738 551 1790 autem
566 1735 615 1807 qui
639 1735 673 1791 ad
692 1737 800 1791 clerum
819 1737 942 1808 provecti
992 1731 1068 1787 cium
1081 1738 1109 1788 et
1125 1749 1224 1789 eurain
1240 1734 1339 1805 populi
1356 1734 1397 1788 sui
1412 1733 1603 1801 commissam,
1616 1733 1663 1790 hic
1677 1748 1806 1788 commu-

132 1827 201 1894 mnt,
215 1823 409 1898 praecipimus,
424 1829 456 1881 nt
467 1826 491 1882 si
507 1827 659 1896 voluerint,
674 1844 777 1884 uxores
789 1828 941 1901 accipiant,
952 1794 981 1868 B
991 1825 1077 1881 nione
1093 1825 1230 1898 privetur,
1246 1826 1431 1899 quoadusque
1444 1828 1605 1883 consentiat
1616 1825 1807 1881 obedientiam

133 1917 176 1974 sed
188 1917 309 1974 lectores
319 1922 504 1993 cantoresque
517 1922 728 1978 tantummodo.
992 1919 1185 1975 commodans.
1204 1919 1339 1975 Similiter
1354 1925 1382 1976 et
1402 1921 1551 1993 presbyter
1568 1924 1597 1975 et
1616 1920 1769 1988 diaconus;
1784 1918 1808 1974 si

160 2011 274 2068 utut.
291 2011 463 2085 Episcopum
482 2018 533 2070 aut
550 2013 760 2087 presbyterum,
781 2021 832 2071 aut
845 2014 940 2072 diaco·
991 2028 1058 2067 vero
1080 2012 1246 2085 perrexerit,
1267 2029 1319 2069 noc
1339 2018 1471 2086 receptus
1489 2012 1586 2084 inerit,
1604 2029 1662 2069 non
1680 2029 1733 2085 pro
1755 2028 1807 2066 sua

133 2118 201 2159 num
213 2105 416 2176 percutientem
431 2105 529 2163 fideles
542 2093 748 2180 delinquentes,
757 2107 942 2165 autiniideles
991 2106 1140 2177 sententia,
1155 2106 1204 2162 sed
1219 2123 1272 2178 pro
1293 2106 1400 2163 malitia
1420 2107 1528 2180 populi,
1542 2107 1602 2178 ipsa
1620 2106 1736 2179 quidem
1747 2121 1806 2161 ma-

131 2196 225 2269 iniqoe
240 2202 368 2270 agentes,
385 2202 414 2254 et
428 2215 481 2271 per
495 2200 662 2273 hujusmodi
674 2203 819 2258 volentem
831 2202 940 2272 timeri,
992 2203 1058 2255 neat
1070 2200 1218 2272 episcopus
1233 2217 1240 2255 ι
1264 2198 1357 2256 cleriei
1381 2216 1449 2255 voro
1469 2199 1589 2256 civitatis
1606 2198 1807 2256 communione

132 2289 208 2360 dejici
220 2289 257 2346 ab
269 2289 364 2346 oiiicio
378 2308 429 2347 suo
445 2293 638 2366 praecipimus,
652 2294 720 2366 quie
733 2310 877 2368 nusquam
889 2311 941 2351 nos
992 2292 1147 2365 priventur,
1169 2309 1202 2350 eo
1223 2293 1299 2365 quod
1319 2293 1475 2350 emditores
1499 2292 1687 2350 inobedientis
1708 2292 1824 2366 populi.

133 2382 178 2438 hoc
192 2383 267 2439 Deus
286 2383 391 2440 docuit.
409 2387 429 2442 E
442 2386 582 2442 contrario
594 2404 672 2457 vero,
687 2388 747 2460 ipse
761 2405 826 2443 cum
839 2405 939 2461 percu·
990 2403 1048 2443 non
1063 2387 1189 2443 fuerunt.

132 2478 240 2546 uretur,
254 2493 314 2534 non
326 2479 554 2551 repercutiebat3
565 2496 632 2536 cum
645 2481 872 2550 malediceretur,
882 2497 941 2537 non
1027 2481 1159 2538 XXXViil
1179 2481 1224 2535 ilis
1245 2480 1276 2536 in
1294 2496 1370 2536 anno
1390 2481 1507 2537 concilia
1523 2481 1719 2555 episcopomm
1737 2480 1807 2537 ceie-

133 2569 328 2638 maledicebat3
339 2587 407 2627 cum
421 2575 581 2644 pateretur,
595 2589 652 2629 non
665 2574 903 2630 comminabatur.
990 2575 1119 2644 brentur,
1136 2578 1167 2629 ut
1179 2574 1255 2630 inter
1264 2590 1293 2631 se
1306 2574 1428 2631 invicem
1441 2575 1574 2648 dogmata
1585 2573 1698 2646 pietatis
1711 2573 1807 2646 expio

162 2663 245 2719 xxix.
258 2649 291 2720 Si
306 2664 372 2736 quis
388 2666 546 2738 episcopus,
569 2672 619 2723 aut
635 2667 792 2739 presbyter,
813 2673 863 2725 aut
883 2668 941 2725 dia·
990 2673 1063 2735 rent,
1078 2671 1107 2724 et
1120 2671 1304 2740 exsurgentes
1318 2668 1515 2724 ecclesiasticas
1525 2667 1720 2724 contentiones
1729 2683 1806 2722 amo

133 2772 211 2813 conus
225 2756 375 2830 depositus
384 2759 462 2831 juste
475 2776 561 2831 super
572 2760 657 2816 certis
669 2761 846 2830 criminibus,
855 2777 941 2818 ausus
990 2765 1084 2832 yeant,
1099 2761 1186 2816 semei
1198 2761 1315 2834 quidem
1329 2763 1434 2833 quarta
1444 2761 1605 2833 septimana
1614 2761 1804 2825 Pentecostes,

132 2848 208 2907 norit
215 2851 739 2910 attrectmcmiuisteriumdudumsibi
746 2854 938 2925 commissum,
989 2853 1112 2911 secundo
1124 2871 1191 2911 vero
1208 2854 1377 2912 duodecimo
1395 2853 1441 2909 die
1458 2854 1565 2909 mensis
1582 2852 1761 2926 lpcrberetae,
1777 2850 1806 2908 id

133 2941 213 2999 hicab
225 2943 350 3001 Ecclesia
361 2944 476 3018 penitus
486 2945 676 3003 abscindatur.
989 2951 1041 3015 est,
1053 2948 1131 3020 justa
1142 2948 1294 3015 Romanos,
1308 2964 1337 3003 ιιι
1351 2947 1565 3004 ldusOctobris.

91 3028 95 3037 ’
159 3036 231 3094 m.
245 3037 275 3094 Si
294 3037 358 3110 quis
377 3038 537 3111 episcopus,
551 3043 602 3095 aut
613 3039 771 3112 presbyter,
786 3045 836 3097 aut
849 3041 940 3097 dlaco-
1024 3041 1136 3097 XXXlX.
1150 3040 1285 3097 Omnium
1299 3040 1480 3115 negotiorum
1493 3038 1745 3097 ecclesiasticorum
1759 3054 1805 3093 cu·

132 3144 174 3185 nus
189 3146 245 3203 per
258 3131 393 3203 pecunias
405 3131 480 3188 hanc
492 3132 649 3189 obtinuerit
664 3132 848 3204 dignitatem,
866 3134 977 3230 dejic
990 3150 1053 3189 ram
1072 3133 1222 3205 episcopus
1243 3133 1358 3203 habeat,
1382 3139 1411 3190 et
1434 3149 1477 3203 ea,
1499 3134 1578 3188 velut
1600 3133 1656 3189 ileo
1679 3136 1805 3188 contem-

132 3223 219 3294 uitur,
233 3228 265 3280 et
286 3223 435 3281 ordinator
449 3225 520 3297 ejus,
541 3229 570 3281 et
591 3242 608 3281 a
626 3225 828 3281 communione
846 3227 939 3282 modis
988 3226 1098 3299 planto,
1112 3225 1267 3298 dispenset,
1283 3242 1335 3282 nee
1353 3226 1380 3283 ei
1391 3226 1474 3284 liceat
1493 3243 1529 3283 es
1542 3225 1587 3282 his
1604 3225 1736 3281 omnibus
1755 3225 1803 3280 ali-

132 3317 254 3373 omnibus
273 3316 466 3387 abscindatur,
487 3318 560 3375 sicut
580 3318 679 3376 Simon
700 3320 798 3392 blagus
815 3321 936 3376 aPetro.
988 3319 1057 3392 quid
1084 3319 1201 3375 omnino
1224 3320 1399 3392 contingere,
1424 3324 1473 3375 aut
1494 3318 1658 3392 parentibus
1682 3317 1804 3390 propriis

157 3410 238 3466 XXXI.
259 3409 287 3466 Si
308 3410 373 3482 quis
391 3411 538 3484 episcopus
557 3411 738 3468 sacerdoribus
754 3412 939 3484 potestatibus
989 3429 1054 3485 quse
1075 3412 1125 3470 ilci
1143 3414 1212 3468 sunt
1231 3412 1400 3469 condonare.
1425 3413 1504 3478 Quod
1527 3413 1552 3467 si
1573 3427 1712 3484 pauperes
1725 3414 1801 3478 sunt,

133 3517 196 3572 uus,
218 3502 369 3560 ecclesiam
390 3520 442 3577 per
464 3504 538 3577 ipsas
561 3504 704 3574 obtineat,
727 3505 897 3577 deponatur,
911 3511 939 3562 et
987 3504 1306 3577 tanquampauperibus
1320 3504 1561 3576 subministretur,
1575 3518 1741 3560 noceorum
1754 3519 1801 3557 oe·

132 3600 417 3666 segregenturomnes
429 3595 591 3670 quicunque
604 3595 645 3652 illi
657 3598 882 3654 communicant.
987 3597 1099 3653 sasione
1112 3598 1241 3654 Ecclesia
1251 3597 1367 3670 negotia
1379 3598 1591 3670 depredantur.

158 3687 253 3746 XXXII.
270 3688 299 3745 Si
322 3689 387 3761 quis
402 3689 552 3763 presbyter
565 3693 752 3746 contemnens
772 3690 937 3762 episcopum
1022 3691 1072 3745 XL.
1090 3691 1251 3761 Presbyteri
1264 3696 1292 3746 et
1304 3691 1415 3746 meconi
1430 3695 1536 3763 preater
1549 3693 1716 3764 episcopum
1731 3691 1801 3746 nihii

131 3793 214 3849 mum,
228 3797 358 3838 seorsum
382 3781 519 3854 populum
541 3782 697 3856 collegerit,
716 3787 745 3838 et
759 3784 846 3839 ultam
860 3783 937 3838 aliud
986 3786 1251 3855 agerepertentent.
1265 3783 1335 3837 Nam
1349 3782 1462 3837 Domini
1472 3785 1593 3854 populus
1605 3783 1660 3854 ipsi
1673 3782 1803 3838 commis·

130 3872 251 3944 auxent,
271 3873 344 3929 nihil
360 3874 467 3930 habens
484 3890 541 3947 quo
561 3876 753 3948 reprehendat
772 3876 937 3948 episcopum
986 3879 1096 3946 susest,
1111 3880 1140 3931 et
1159 3891 1212 3948 pro
1228 3874 1377 3931 animabus
1392 3890 1491 3930 eorum
1510 3875 1557 3930 hic
1579 3875 1741 3931 redditurus
1761 3879 1802 3929 est

130 3963 413 4039 incausapietatis'et
425 3967 555 4039 justitiae,
575 3968 744 4039 deponatur,
762 3969 841 4040 quasi
855 3970 936 4041 prin·
986 3969 1136 4038 rationem,
1153 3968 1305 4024 sinautem
1319 3968 1468 4025 manifeste
1482 3985 1527 4024 res
1541 3967 1664 4040 proprias
1678 3967 1802 4040 episcopi
1832 4021 1840 4031 ,

128 4057 228 4130 cipams
239 4062 352 4116 amator
363 4060 497 4117 existens.
517 4063 565 4117 Est
580 4061 658 4117 enim
674 4063 820 4133 tyrannus,
838 4066 868 4117 et
881 4079 934 4118 cae·
986 4061 1020 4132 (si
1034 4066 1131 4118 tanim
1143 4062 1230 4118 habet
1242 4061 1383 4134 proprias)
1397 4065 1425 4118 et
1437 4061 1586 4118 manifeste
1601 4060 1755 4117 [lominica
1769 4065 1803 4116 ut

127 4153 174 4206 leri
186 4152 456 4226 clericiquicunque
469 4154 519 4210 tali
532 4154 722 4222 consentiunt,
738 4154 933 4226 deponantur:
985 4157 1156 4226 potestatem
1174 4154 1278 4211 habeat
1299 4155 1334 4210 de
1354 4155 1479 4227 propriis
1496 4155 1621 4211 moriens
1636 4154 1800 4227 episcopus,

126 4241 181 4300 iaici
191 4261 260 4302 vero
273 4252 471 4319 segregentur.
486 4248 551 4302 llaec
563 4250 659 4302 tamen
669 4251 735 4318 post
751 4263 838 4303 unam
855 4254 883 4304 et
895 4265 936 4305 se·
985 4248 1057 4303 sieut
1071 4247 1201 4317 voluerit,
1218 4252 1247 4304 et
1256 4248 1359 4320 quibus
1368 4248 1498 4317 voluerit,
1511 4248 1682 4320 relinquere,
1697 4258 1735 4302 ne
1749 4247 1801 4301 sub

126 4338 240 4393 tundam
255 4341 287 4394 el
296 4340 410 4395 tertiam
426 4339 551 4412 episcopi
564 4339 788 4396 obsecrationem
797 4339 858 4396 iieri
871 4358 935 4397 con·
985 4339 1130 4396 occasione
1144 4341 1396 4397 ecclesiasticarum
1411 4357 1588 4413 rerumquae
1604 4340 1726 4412 episcopi
1740 4356 1802 4397 esse

126 4429 241 4488 ruunt.
985 4433 1151 4505 probantur,
1169 4433 1348 4490 intercidant.
1364 4434 1502 4489 Fortassis
1519 4434 1596 4489 enim
1612 4439 1662 4489 aut
1683 4449 1801 4489 uxorem

153 4523 263 4580 XXXlil.
287 4524 315 4580 si
334 4523 398 4597 quis
423 4523 572 4595 presbyter
590 4529 640 4580 aut
659 4525 793 4581 diaconus
815 4527 850 4580 ab
872 4528 933 4599 epi·
944 4543 974 4618 D
985 4526 1080 4596 babet,
1099 4532 1148 4582 aut
1160 4527 1245 4597 lilios,
1258 4532 1308 4582 aut
1326 4527 1510 4599 propinquos,
1528 4532 1578 4582 aut
1593 4542 1698 4594 servos,
1714 4527 1800 4597 etja-

126 4629 201 4687 soopo
210 4631 262 4672 suo
275 4620 452 4689 segregatus,
463 4616 541 4671 hunc
556 4632 614 4672 non
626 4617 710 4674 licere
721 4618 755 4674 ab
769 4619 825 4674 alio
836 4620 933 4692 recipi,
985 4623 1060 4674 stum
1074 4624 1116 4676 est
1127 4620 1181 4675 hoc
1201 4620 1277 4692 apud
1292 4621 1383 4675 Deum
1396 4625 1426 4674 et
1437 4619 1577 4689 homines,
1592 4624 1626 4675 ut
1639 4635 1692 4676 nec
1709 4619 1801 4675 Eccle-

127 4708 170 4763 sed
193 4709 311 4781 abipso
331 4710 380 4782 qui
403 4725 470 4765 eum
487 4714 720 4782 sequestraverat,
740 4711 793 4767 nisi
815 4712 934 4768 forsitan
985 4713 1025 4767 sia
1037 4713 1162 4784 patiatur
1171 4713 1375 4768 detrimentum
1388 4713 1567 4784 ignoratione
1578 4729 1676 4768 rerum
1689 4713 1801 4785 pontili-

125 4800 219 4857 obierit
233 4803 382 4875 episeopus
401 4803 462 4874 ipse
484 4802 534 4874 qui
558 4819 624 4859 eum
645 4820 807 4876 segregasse
830 4821 935 4878 cogno-
984 4805 1032 4871 cis,
1044 4821 1096 4861 nec
1118 4806 1276 4878 episcopus,
1298 4823 1351 4862 nec
1370 4807 1432 4878 ejus
1447 4806 1600 4879 propinqui
1614 4806 1665 4861 sub
1683 4806 1801 4861 obtentu

126 4893 216 4950 scitur.
983 4898 1107 4954 ecclesian
1121 4898 1343 4971 proscribantur,
1365 4902 1394 4955 et
1417 4899 1446 4955 in
1469 4916 1567 4954 causas
1589 4898 1713 4954 incidant
1735 4916 1800 4971 quae

155 4987 258 5044 XXXlV.
280 4989 379 5045 Nullus
400 4988 599 5060 episcoporum
626 4989 862 5062 peregrinorum,
884 4996 934 5048 aut
982 4991 1017 5046 ad
1030 5006 1097 5046 eum
1110 4992 1256 5063 pertinent
1266 5008 1400 5065 morsque
1413 4993 1475 5065 ejus
1488 4993 1600 5064 injuriis
1615 4993 1698 5048 malae
1716 4992 1799 5048 famae

125 5080 361 5153 presbyterorum,
380 5086 431 5138 aut
450 5081 652 5149 diaconorum,
672 5081 732 5138 sine
754 5084 933 5140 commenda·
983 5083 1136 5153 subjaceat.

125 5171 185 5229 titiis
199 5174 366 5247 smmpiatur
377 5174 510 5246 epistolis.
525 5175 635 5230 Etcum
649 5174 752 5247 scripta
767 5176 931 5246 detulerint,
1017 5177 1082 5232 Xll.
1107 5178 1290 5250 Pracipimus
1315 5180 1394 5235 utin
1415 5184 1555 5251 potestate
1575 5197 1625 5235 sua
1650 5180 1798 5252 episcopus

123 5263 304 5323 discutiantur
317 5267 452 5323 attentius
471 5271 500 5323 et
517 5267 557 5322 ita
569 5268 768 5340 suscipiantur,
785 5268 808 5324 si
825 5270 929 5340 praedi-
981 5286 1026 5327 res
1040 5269 1165 5325 ecciesiae
1179 5271 1281 5327 habeat
1295 5289 1302 5328 :
1318 5272 1340 5328 si
1354 5273 1432 5328 enim
1446 5273 1551 5328 animas
1565 5273 1714 5329 hominum
1731 5287 1797 5344 pre·

121 5359 343 5432 catorespietatis
356 5361 526 5417 exstiterint.
542 5360 590 5417 Sin
605 5360 711 5427 minus,
728 5377 854 5433 necquae
865 5369 932 5419 sunt
980 5363 1059 5418 iiosae
1076 5363 1119 5418 ilii
1139 5369 1205 5420 sunt
1227 5365 1352 5435 credita,
1376 5366 1468 5422 multo
1493 5367 1584 5438 magis
1603 5367 1714 5439 oporiet
1730 5379 1796 5418 eum

121 5453 271 5509 remesaria
291 5453 510 5511 subministrent
522 5453 573 5522 eis,
593 5455 622 5509 et
638 5453 675 5508 ad
695 5454 930 5511 communionem
980 5471 1079 5512 curam
1091 5456 1279 5527 pecuniarum
1292 5474 1404 5529 gerere,
1420 5460 1459 5515 ita
1471 5464 1504 5514 ut
1512 5462 1651 5532 potestate
1664 5456 1735 5527 ejus,
1755 5457 1796 5511 in-

120 5544 277 5602 unitatcnus
300 5546 506 5615 comitantia,
538 5546 605 5619 quia
640 5561 692 5618 per
717 5546 930 5620 subreptionem
979 5550 1141 5623 digcniibus
1164 5553 1263 5608 omnia
1282 5553 1481 5626 dispensentur
1502 5570 1554 5626 per
1574 5551 1755 5624 presbyteros
1768 5557 1797 5608 et

119 5638 202 5694 multa
214 5640 401 5711 proveniunt.
979 5643 1123 5715 diaconos,
1139 5650 1167 5702 et
1187 5662 1253 5702 curn
1272 5647 1376 5703 timore
1394 5647 1528 5719 omnique
1541 5643 1727 5701 sollicitudine
1741 5646 1795 5701 mi·
1831 5658 1834 5663 ’

148 5732 246 5788 XXXV.
259 5733 411 5807 Episcopus
426 5733 555 5805 gentium
573 5732 750 5804 singularum
772 5733 843 5789 seire
860 5752 927 5790 con·
978 5736 1143 5793 nistrantur.
1159 5740 1198 5794 Ex
1219 5739 1264 5794 his
1286 5744 1381 5795 autem
1397 5739 1443 5811 qui
1465 5737 1576 5809 indiget
1593 5735 1625 5807 (si
1641 5742 1736 5793 minen
1751 5739 1795 5793 in·

117 5824 200 5894 venit,
212 5824 417 5899 quisintcreos
426 5826 537 5899 primus
546 5826 789 5900 habeatur,quem
799 5826 876 5886 velut
886 5845 929 5885 ca·
979 5828 1067 5903 diget)
1080 5831 1114 5887 ad
1129 5847 1193 5888 suas
1214 5831 1395 5889 necessitates
1407 5833 1436 5887 et
1454 5830 1489 5888 ad
1507 5831 1725 5905 peregrinorum
1737 5831 1796 5890 ira·
