3870 6150
131 233 178 289 ott
578 234 718 290 strenuo.
739 236 782 289 ab
802 235 882 290 SAEC.
905 234 947 289 lx.
959 263 993 273 -
1012 235 1136 290 tstuotu
1156 234 1366 290 tttnca'totus

130 340 307 416 rostrisque
314 341 946 413 Ecclesiaecontulistis,agnoscite,nonambi-
956 343 1164 426 Actoricorum
1180 343 1241 413 ejus
1254 343 1452 415 suggestiones
1468 344 1644 416 patefactum
1658 350 1712 411 est,
1728 347 1812 400 multe

131 439 229 507 gentes
239 436 351 507 qualem
362 434 441 489 illum
452 434 652 491 retributorem
663 436 692 490 in
703 436 836 491 omnibus
846 436 947 491 babea-
995 440 1070 505 suut,
1090 453 1154 508 quae
1173 436 1368 507 indulgentius
1390 441 1458 491 sunt
1478 437 1617 503 curanda,
1639 438 1732 493 multa
1753 455 1810 510 qun

133 529 177 595 tis,
192 545 245 600 pro
258 527 338 600 cujus
346 527 413 584 estis
422 532 482 583 tam
492 528 540 599 pia
550 528 689 600 religione
700 529 845 596 sollicitus,
860 530 947 601 etqui
992 531 1097 601 justius
1110 530 1277 597 coercenda,
1290 535 1322 584 ut
1339 530 1368 584 in
1384 546 1466 585 causa
1478 536 1565 586 tanta
1579 532 1809 604 perturbationis,

1763 240 1812 291 ott

130 638 179 676 vos
192 623 233 691 (ut
248 639 293 676 res
306 623 367 693 ipsa
382 623 567 691 demonstrat)
582 623 618 678 ad
631 623 683 677 hoc
696 627 728 678 ut
742 623 813 678 tldes
826 623 946 679 catholi·
996 641 1050 679 nec
1072 623 1207 679 districtio
1222 622 1308 677 nimis
1326 624 1362 677 sit
1376 640 1487 696 aspera,
1501 641 1554 680 nec
1569 625 1702 680 remissio
1717 642 1810 696 parum

130 732 161 772 ca
176 716 212 771 ab
225 715 332 772 insidiis
344 715 526 771 inimicorum
538 732 656 772 suorum
668 717 878 784 defenderetur,
889 717 946 772 ele·
996 720 1088 784 cauta,
1102 733 1167 772 cum
1181 717 1258 771 aliud
1268 716 1517 784 satisfacientibus,
1532 718 1612 773 mind
1623 719 1810 791 pertinacibus

132 809 183 881 git.
194 811 257 865 tlaec
270 828 286 865 a
301 826 347 865 me
359 826 434 866 nunc
448 809 571 866 breviter
583 827 634 882 per
644 810 739 866 fratris
751 811 809 867 mei
821 810 947 866 Anatolii
997 810 1143 866 debeatur.
1154 810 1279 865 Offertur
1288 827 1357 882 ergo
1364 811 1462 883 pietati
1472 815 1576 867 restrae
1587 812 1680 884 digna
1688 813 1808 871 materia.

131 902 247 960 clericos
268 903 358 974 pietas
378 908 471 958 restra
492 903 646 975 dignanter
660 904 788 976 accipiat.
816 903 948 959 Pleniora
996 921 1060 976 quae
1075 904 1205 975 placitam
1219 904 1339 958 Domino
1353 921 1451 959 curam
1465 906 1552 960 sancti
1565 905 1664 960 cordis
1679 912 1808 974 exerceat,

131 999 227 1052 autem
250 997 284 1052 de
304 996 437 1052 omnibus
455 1013 519 1070 quae
534 996 572 1052 ad
587 1013 684 1052 curam
698 1013 792 1053 meam
804 1013 856 1069 pro
872 1000 946 1053 statu
997 1002 1025 1053 et
1039 996 1262 1068 precedentium
1278 997 1448 1053 mentorum
1459 1015 1578 1054 coronas
1591 999 1683 1054 etiam
1694 1000 1730 1053 de
1742 1016 1808 1071 pra-

129 1090 312 1146 ecelesiarum
325 1094 353 1146 et
364 1090 515 1146 eoncordia
529 1090 674 1162 pertinent
684 1091 799 1146 Domini
818 1090 947 1146 sacerdo·
997 1091 1084 1146 sentis
1099 1090 1202 1144 erroris
1215 1089 1369 1146 abolitione
1382 1090 1562 1164 multiplicet.
1580 1092 1663 1148 Sicut
1675 1093 1808 1148 Nestoris·

131 1187 201 1252 turn,
213 1200 265 1255 per
274 1185 382 1256 legatos
392 1189 505 1240 nostros
513 1184 616 1257 scripta
623 1184 790 1240 direximus.
801 1185 875 1241 Data
885 1184 948 1240 fdus
996 1184 1171 1256 nnimpietas
1182 1183 1222 1238 ita
1233 1187 1263 1238 et
1273 1184 1441 1239 Eutichiana
1449 1184 1632 1257 blasphemia
1642 1185 1680 1239 ab
1691 1187 1809 1242 omnium

131 1277 241 1350 Aprilis,
255 1277 394 1350 adelphio
410 1278 536 1334 consule.
998 1283 1039 1335 est
1061 1276 1263 1333 catholicorum
1291 1276 1465 1333 eliminanda
1489 1280 1649 1334 consortio.
1678 1280 1809 1344 Quintam

165 1372 342 1428 Lxxxv1.-
355 1371 440 1442 Orgus
452 1388 536 1443 supro
546 1373 584 1427 od
597 1373 737 1427 tutionem
749 1374 910 1443 episcopum.
997 1373 1118 1444 impium
1142 1376 1184 1426 est
1209 1370 1479 1427 consubstantialem
1503 1377 1530 1427 et
1555 1374 1810 1444 consempiternam

167 1466 286 1522 litteras
296 1465 481 1521 fraternitatis
490 1465 804 1536 tuae‘perfrliosnostros
815 1468 948 1522 Constan·
997 1466 1075 1522 Patri
1093 1465 1155 1520 Filii
1174 1465 1309 1521 deitatem
1335 1465 1420 1520 etiam
1435 1482 1467 1520 er
1481 1471 1563 1521 utero
1576 1466 1707 1538 Virginis
1719 1469 1809 1522 matris

131 1558 335 1631 linopolitanos
361 1558 479 1614 clericos
501 1558 616 1614 nuntias
637 1562 694 1613 tuae
719 1557 817 1613 salutis
840 1558 946 1629 accepi,
997 1562 1081 1631 partu
1097 1559 1202 1614 editam
1216 1575 1324 1630 negare
1350 1575 1494 1629 corporeo,
1515 1575 1605 1631 quam
1621 1576 1713 1616 unam
1726 1561 1755 1614 in
1770 1562 1811 1616 [lei

132 1653 233 1725 quibus
256 1657 284 1708 te
308 1650 421 1723 magnis
444 1651 677 1709 tribulationibus
699 1654 847 1722 gravatum
861 1651 947 1706 fuisse
998 1653 1067 1708 t'itio
1081 1657 1145 1724 post
1157 1651 1361 1707 incarnationis
1376 1656 1591 1707 sacramentum
1604 1653 1752 1708 affirmare
1765 1671 1810 1708 na·

131 1745 284 1817 significas,
299 1761 364 1800 cum
377 1744 477 1816 utique
491 1761 549 1800 non
569 1744 694 1800 defuerit
707 1743 829 1799 materia
841 1743 946 1799 sollici·
957 1722 986 1795 Β
997 1750 1101 1812 turam,
1117 1748 1149 1800 ut
1160 1745 1268 1801 scilicet
1280 1750 1330 1800 aut
1347 1744 1510 1800 humanitas
1527 1745 1590 1817 ejus
1605 1746 1758 1816 refutetur,
1769 1753 1811 1803 aut

129 1838 223 1894 tudini
245 1843 273 1893 et
294 1838 450 1905 laboribus,
475 1854 539 1911 quse
562 1836 636 1893 inter
649 1853 784 1909 procaces
802 1836 948 1892 catholicae
997 1839 1086 1895 deitas
1099 1855 1165 1894 cum
1179 1838 1285 1894 unione
1298 1837 1446 1910 utriusque
1460 1839 1602 1908 essentia,
1614 1856 1673 1895 nec
1683 1840 1772 1895 altera
1781 1841 1810 1895 sit

131 1933 196 1988 fidei
207 1932 382 1988 adversarios
390 1933 580 1987 inhaerentem
588 1930 702 1986 veritati
711 1931 840 1986 animum
850 1930 949 2001 fatiga·
997 1932 1027 1987 in
1043 1934 1211 1988 alterutram
1222 1948 1312 2001 versa,
1328 1948 1380 1987 nee
1399 1936 1545 2003 assumpta
1560 1933 1589 1986 in
1607 1931 1772 1989 assumente
1782 1934 1809 1988 fl·

131 2031 204 2094 rent,
219 2026 317 2097 idque,
331 2029 363 2080 ut
377 2025 484 2093 scribis,
501 2024 587 2079 fuerit
601 2024 699 2080 animo
714 2027 745 2079 ut
757 2039 809 2095 per
822 2023 947 2080 occasio·
999 2027 1068 2081 nita.
1085 2026 1138 2082 Sed
1150 2030 1179 2081 et
1191 2025 1275 2080 Verbi
1291 2025 1572 2093 incommutabilitas,
1587 2031 1620 2082 et
1629 2028 1809 2098 carnisatqne

128 2136 196 2174 nem
216 2119 391 2174 necessitatis
410 2123 439 2173 et
457 2118 577 2173 nobiste
591 2123 619 2172 et
633 2116 732 2189 patrias
745 2119 945 2188 praesentares.
998 2119 1101 2174 anima
1115 2119 1218 2174 veritas
1242 2123 1377 2174 maneant
1395 2118 1629 2190 inseparabiliter
1655 2121 1686 2175 in
1711 2121 1811 2175 unitate

132 2213 213 2278 Quod
229 2228 294 2267 vero
309 2213 438 2267 futurum
457 2228 647 2283 speraveram,
666 2211 803 2283 utaptius
816 2211 948 2266 omnium
998 2229 1136 2285 personae,
1157 2213 1234 2284 quod
1259 2213 1319 2284 qui,
1346 2211 1512 2268 testificante
1533 2213 1611 2284 lege,
1639 2214 1811 2269 credentibus

133 2306 334 2362 hereticorum
355 2304 490 2377 ambages
511 2310 561 2360 tuo
584 2320 632 2360 ore
656 2320 867 2376 cognoscerem.
893 2303 949 2359 Sed
999 2306 1186 2377 patriarchis,
1217 2306 1409 2361 annuentibus
1445 2306 1614 2378 prophetis,
1650 2307 1811 2378 praedicante

133 2399 236 2471 gratim
246 2415 302 2470 ago
313 2400 379 2466 Deo,
392 2398 469 2470 quod
479 2399 519 2453 ita
529 2398 708 2454 incolumitas
719 2401 768 2453 tue
778 2402 806 2453 et
819 2397 949 2452 Ecclesia
999 2399 1153 2471 Evangelio
1167 2442 1188 2464 ,Δ
1211 2399 1379 2454 docentibus
1399 2399 1541 2471 apostolis,
1564 2403 1594 2454 et
1622 2403 1684 2456 toto
1714 2401 1811 2455 mundo

132 2510 218 2549 causa
234 2492 362 2564 perfecit,
380 2496 411 2547 ut
423 2492 546 2547 liberum
559 2491 610 2547 tihi
624 2493 711 2547 fuerit
723 2491 798 2562 apud
813 2507 862 2546 eos
875 2491 947 2546 inte·
999 2491 1160 2559 confitente,
1174 2509 1233 2547 non
1248 2493 1378 2559 credunt,
1395 2496 1476 2547 entra
1489 2499 1710 2549 sacramentum
1723 2511 1810 2564 corpo·

132 2587 186 2642 rim
200 2588 313 2659 degere,
329 2601 450 2657 quonam
460 2585 541 2640 nobis
551 2584 696 2657 parabolis
705 2600 859 2639 consensus
869 2584 949 2639 inno·
999 2587 1037 2640 ris
1049 2586 1162 2655 Christi,
1177 2589 1256 2642 entra
1270 2586 1410 2641 unitatem
1428 2590 1494 2641 sunt
1507 2586 1639 2641 nominis
1659 2587 1810 2643 Christiani.

130 2681 195 2748 tuit,
211 2681 285 2735 sicut
297 2683 325 2734 et
341 2680 435 2734 fratris
447 2679 588 2735 anatholii
602 2679 707 2750 scripta
722 2678 904 2750 profitentur,
920 2682 949 2732 et
998 2680 1125 2743 Quorum
1136 2679 1208 2734 sicut
1217 2679 1329 2734 ruinam
1339 2679 1477 2747 dolemus,
1490 2678 1530 2733 ita
1537 2679 1694 2751 perfidiam
1704 2679 1811 2735 detesta-

130 2778 209 2846 gesta
228 2790 293 2844 quae
306 2773 382 2844 apud
396 2773 491 2843 ipsum
505 2788 604 2827 coram
619 2772 726 2826 nostris
739 2774 806 2825 sunt
820 2770 949 2825 confecta
998 2788 1072 2827 mur.
1087 2773 1122 2827 Ut
1134 2775 1230 2827 autem
1244 2772 1319 2827 circa
1335 2773 1435 2827 talium
1450 2788 1586 2844 personas
1602 2774 1752 2829 sincerum
1764 2791 1811 2828 ser-

131 2868 334 2922 demonstrant
348 2864 485 2921 fratribus
499 2864 703 2920 remeantibus.
717 2865 792 2935 Ergo
806 2863 949 2935 praedictis
999 2870 1079 2920 vetur
1100 2865 1207 2937 ubique
1224 2864 1378 2936 judicium,
1399 2872 1427 2920 et
1447 2865 1524 2921 aliud
1539 2868 1691 2937 correctis,
1704 2875 1733 2923 et
1744 2867 1811 2921 alind

135 2958 353 3014 salutationibus
364 2957 587 3013 vicissitudinem
598 2957 701 3023 redd03
714 2960 743 3012 et
753 2955 950 3011 utcontrafal·
997 2959 1193 3030 pertinacibus
1212 2959 1397 3031 rependatur,
1419 2965 1510 3014 vestra
1524 2960 1618 3031 pietas
1632 2967 1756 3028 nostros,
1770 2962 1811 3033 qui

132 3052 225 3108 sitatis
239 3051 355 3106 astutias
367 3055 597 3123 perseverantem
611 3050 791 3122 diligentiam
807 3055 905 3105 teneas
919 3050 950 3104 ti·
997 3052 1033 3106 ab
1048 3052 1201 3125 apostolica
1217 3053 1282 3107 sede
1305 3058 1372 3107 sunt
1387 3052 1476 3121 missi,
1496 3054 1595 3108 fovere
1613 3053 1762 3126 dignetur,
1774 3070 1809 3109 eo

132 3147 234 3201 denter
246 3144 390 3215 exhortor,
405 3161 470 3199 curn
486 3143 538 3201 tibi
551 3145 586 3199 ad
606 3145 659 3199 hoc
672 3147 702 3200 at
716 3146 782 3199 tuus
795 3143 910 3198 animus
921 3148 950 3199 et
999 3161 1120 3216 rumque
1143 3162 1243 3200 omnes
1264 3163 1333 3217 quas
1355 3146 1532 3217 injunximus
1555 3147 1674 3218 adjuvet
1689 3148 1810 3212 actiones,

131 3242 228 3295 nostra
241 3237 394 3294 auctoritas
408 3237 590 3310 suffragetur.
605 3237 744 3303 Quoniam
755 3237 821 3292 licet
831 3235 866 3292 de
879 3237 950 3292 mul·
999 3255 1063 3310 quae
1077 3239 1160 3293 citius
1177 3255 1208 3294 ac
1230 3238 1350 3307 facilius,
1373 3239 1524 3295 auxiliante
1542 3241 1680 3310 Domino,
1707 3257 1768 3313 qne
1782 3241 1810 3295 ad

129 3333 165 3387 tis
180 3332 297 3387 meliora
310 3329 434 3387 indicata
464 3336 539 3400 sunt,
562 3331 636 3403 quod
652 3330 759 3386 scilicet
781 3330 897 3386 doleant
919 3347 949 3385 se
1000 3334 1120 3387 vestram
1136 3332 1266 3402 gloriam,
1281 3332 1355 3387 etad
1369 3334 1455 3387 totius
1471 3334 1603 3388 Ecclesia
1617 3350 1724 3405 pacem
1739 3332 1810 3406 proti·

132 3427 275 3497 deceptos,
296 3429 326 3481 et
345 3424 483 3480 damnata
500 3424 619 3497 perfidia
638 3440 704 3479 cum
717 3423 879 3479 auctoribus
893 3423 950 3478 suis
999 3426 1084 3492 ciant,
1097 3430 1299 3497 exsequantur.
1313 3427 1352 3481 lte
1362 3426 1585 3483 Euticbeautem
1599 3427 1808 3483 totiusscandati

132 3519 254 3585 gratiam
267 3521 370 3574 nostrae
385 3519 597 3574 communionis
619 3521 784 3589 exposcant,
803 3517 878 3589 quod
898 3534 950 3572 nos
999 3523 1025 3574 et
1040 3519 1183 3590 pravitatis
1193 3524 1318 3586 auctore,
1330 3521 1651 3576 hocclementiavestra
1663 3520 1808 3593 precipiat.

133 3613 206 3668 adeo
221 3613 342 3668 libenter
357 3611 528 3684 accepimus,
550 3610 688 3666 reddituri
711 3610 754 3664 his
772 3610 848 3665 hauc
862 3626 949 3682 quam
1001 3616 1032 3666 ut
1043 3612 1078 3666 ab
1093 3629 1126 3668 eo
1138 3614 1200 3668 loco
1210 3613 1257 3683 qui
1272 3613 1599 3685 Constantinopolitanae
1610 3614 1675 3668 urbi
1684 3615 1768 3670 nimis
1776 3616 1809 3667 ri·

133 3706 295 3762 desiderant
307 3706 551 3772 communionem,
563 3721 628 3759 cum
641 3703 781 3776 promissa
791 3703 951 3776 complere·
1000 3705 1079 3761 cinus
1095 3711 1147 3773 est,
1178 3706 1290 3777 tongins
1305 3707 1502 3774 transferatur,
1525 3724 1560 3762 ne
1577 3708 1808 3780 frequentioribus

133 3800 200 3869 rint,
215 3800 354 3872 quosdam
368 3799 519 3872 persistere
532 3799 560 3853 in
574 3815 625 3852 sua
639 3797 828 3853 obduratione
840 3813 948 3865 cogno·
999 3798 1104 3854 solatiis
1114 3815 1214 3853 eorum
1226 3815 1297 3871 quos
1310 3799 1345 3853 ad
1361 3799 1537 3870 impietatem
1553 3817 1639 3855 suam
1650 3801 1748 3865 traxit,
1761 3803 1809 3854 uta·

132 3894 234 3960 rimus,
258 3908 330 3966 quos
351 3896 463 3964 oportet
483 3891 637 3947 districtius
662 3892 824 3963 comprimi,
847 3891 869 3945 si
897 3907 948 3946 ne·
1000 3895 1056 3947 tur.
1065 3892 1449 3964 Monasterioquoqueipsius
1459 3893 1504 3948 cui
1516 3894 1677 3964 perniciose
1689 3895 1809 3965 indigne·

133 3990 243 4058 queunt
262 3986 439 4058 benignitate
460 3987 565 4041 sanari.
591 3986 631 4041 nd
652 4001 740 4058 quam
761 4001 823 4040 rem
838 3990 950 4040 nostros
999 3985 1209 4056 qucpraesedit,
1225 3986 1396 4041 catholicum
1409 3986 1543 4041 abbatem
1555 3987 1657 4058 jubete
1682 3987 1808 4060 praeponi,

132 4086 196 4152 post
208 4080 284 4136 diem
298 4080 491 4136 venerabilem
504 4079 670 4151 dirigemus,
686 4079 734 4150 qui
749 4082 844 4132 tecum
858 4079 949 4150 parti·
1000 4080 1049 4151 qui
1064 4079 1140 4134 illam
1155 4095 1302 4134 serrorum
1318 4079 1367 4134 ltei
1381 4079 1649 4151 congregationem,
1666 4088 1696 4138 et
1709 4099 1726 4136 a
1737 4096 1809 4153 prem

131 4175 225 4245 cipato
239 4173 356 4228 consilio
369 4189 402 4228 ea
418 4190 482 4243 qum
492 4189 509 4227 a
520 4172 604 4228 nobis
617 4173 769 4227 constituta
785 4171 892 4226 fuerint
904 4189 950 4226 ex·
1000 4173 1133 4243 dogmate
1139 4171 1809 4245 liberare,etiustitutisveritatispossitimbuere.

133 4272 296 4337 sequantur.
311 4267 382 4321 Data
396 4266 461 4321 fdus
471 4266 583 4337 Aprilis,
600 4265 746 4335 adelphio,
757 4264 817 4319 viro
828 4263 949 4320 clarissi-
1001 4267 1070 4320 itata
1089 4266 1153 4320 fdus
1170 4265 1255 4331 lunii,
1273 4265 1422 4338 adelphio,
1437 4267 1497 4322 viro
1511 4268 1686 4337 clarissimo,
1700 4268 1809 4324 consule.

133 4360 330 4426 n10‚eonsute.
1001 4359 1150 4413 Lxxxvtu.
1166 4390 1200 4399 -
1213 4362 1279 4415 Item
1296 4360 1416 4428 ejrrsdcm
1431 4361 1469 4415 nd
1483 4360 1647 4416 rfmtofiam
1660 4365 1809 4433 episcopato·

212 4453 352 4509 Lxxxvtt.
369 4484 402 4493 -
416 4456 467 4509 teo
480 4454 518 4508 od
530 4454 700 4508 Putctcriam
711 4455 871 4523 Augustam.
961 4456 991 4528 1)
1008 4510 1011 4516 ,
1038 4449 1134 4525 226
1144 4452 1185 4508 Ad
1196 4452 1393 4507 declinandam
1404 4453 1509 4508 erroris
1518 4455 1679 4524 maculam,
1689 4470 1809 4528 quancu-

169 4547 340 4620 ttetigiosam
370 4547 481 4619 pietatis
509 4550 610 4602 vestre
638 4547 871 4615 sollicitudinem,
898 4564 953 4619 qua
1002 4545 1809 4617 nulloseutNestorianaimpietas,autEutichianalabefa-

134 4643 266 4697 nnirerso
281 4641 401 4711 mundo,
418 4643 472 4697 [teo
487 4641 656 4712 inspirante,
669 4641 815 4697 consulitis
829 4640 950 4696 crebrio-

134 4736 213 4791 ribus
232 4726 367 4807 ¹alloquiis
390 4735 508 4790 incitare
533 4751 684 4805 praesumo,
705 4738 738 4790 ut
759 4751 880 4806 operum
905 4751 951 4789 ve-

133 4832 256 4883 strorum
266 4829 426 4899 profectum
438 4827 596 4884 neccssaria
604 4829 740 4900 perfectio
752 4828 951 4900 subsequatur,

133 4941 165 4973 ne
178 4922 251 4977 sicut
264 4921 300 4976 de
319 4925 393 4976 statu
406 4921 726 4994 Constantinopolitanae
743 4922 872 4978 Ecclesiae
885 4937 950 4992 gra-

133 5016 269 5084 tulamur,
285 5015 366 5086 cujus
381 5017 410 5070 et
422 5016 553 5071 sacerdos
566 5021 594 5072 et
608 5016 730 5089 populus
743 5015 888 5072 catholicae
902 5032 952 5088 pu-

133 5109 223 5165 ritatis
236 5109 322 5164 fidem
335 5109 397 5180 jam
414 5114 510 5166 tenere
525 5110 716 5182 cognoscitur,
731 5110 772 5165 ita
783 5108 868 5165 etiam
882 5111 949 5165 alio-

133 5221 196 5259 rum
224 5220 344 5259 concors
368 5204 516 5259 uobiscum
538 5205 573 5259 sit
593 5204 628 5260 de
650 5204 729 5260 verbi
754 5203 951 5259 incarnatione

132 5297 283 5353 confessio.
305 5297 384 5353 Unde
404 5298 479 5369 quod
500 5298 643 5353 facturum
658 5313 704 5352 me
719 5297 782 5352 aliis
795 5296 895 5353 litteris
911 5297 952 5350 in·

131 5392 292 5448 dicaveram
315 5392 473 5447 Lunensem
496 5392 675 5465 episcopum,
699 5394 727 5446 et
740 5390 948 5462 Basiliumpre-

130 5486 278 5557 sbyterum
301 5486 405 5541 fratres
424 5501 503 5541 meos
518 5484 642 5556 dirigere
656 5484 824 5557 praeparavi,
839 5483 888 5555 qui
907 5483 948 5539 di·

130 5579 297 5646 spositiones
318 5595 396 5634 meas
415 5579 510 5634 fratris
524 5579 581 5634 mci
604 5578 725 5635 anatolii
738 5577 888 5634 devotione
901 5594 947 5632 so-

129 5669 203 5725 ciata
214 5672 371 5727 secundum
384 5687 432 5727 eas
446 5689 518 5744 quas
536 5676 709 5744 acceperunt
728 5670 844 5744 regulas
864 5687 946 5726 exse·

119 5766 256 5834 girantur.
280 5764 360 5822 Sicut
378 5765 456 5824 enim
479 5766 607 5841 predicti
628 5764 751 5839 episcopi
778 5765 899 5837 scriptis,
919 5770 947 5823 et

1003 4639 1087 4694 ctarit
1100 4639 1218 4708 insania,
1237 4639 1408 4695 laudabilem
1421 4656 1518 4695 curam
1530 4639 1582 4696 filii
1596 4643 1688 4697 nostri
1708 4641 1808 4697 Basibrn

1002 4738 1030 4789 ct
1041 4734 1165 4788 loannes
1178 4733 1345 4805 presbyteri,
1362 4749 1422 4788 suae
1437 4734 1639 4791 estimationis
1649 4736 1806 4793 habuemut

1002 4832 1034 4881 ut
1045 4827 1121 4881 inter
1131 4827 1289 4897 pugnantia
1300 4827 1436 4899 dogmata
1444 4827 1585 4897 falsitatis,
1597 4845 1666 4884 rera
1677 4828 1807 4885 catholice

1002 4920 1067 4975 ndei
1081 4936 1149 4991 pace
1160 4920 1327 4992 gauderent.
1343 4920 1373 4977 Si
1385 4920 1503 4992 qnidam
1517 4921 1683 4994 longinquo
1700 4919 1807 4996 peregri·

1001 5013 1125 5069 nationis
1138 5013 1234 5068 labore
1250 5017 1390 5084 suscepto,
1406 5030 1522 5070 sensum
1539 5016 1635 5071 cordis
1649 5019 1694 5072 sui
1708 5017 1736 5071 in
1749 5028 1805 5086 epo·

1002 5106 1101 5163 stolica
1113 5106 1179 5162 sede
1192 5108 1361 5178 patefecere,
1378 5107 1545 5163 damnantes
1560 5115 1719 5182 utramque
1732 5110 1806 5164 bare·

1002 5201 1065 5271 sim,
1077 5216 1199 5272 quarum
1212 5217 1296 5272 supra
1306 5200 1427 5257 fecimus
1439 5202 1633 5272 mentionem,
1648 5210 1679 5261 et
1691 5205 1726 5260 de
1735 5206 1806 5259 incar

1001 5295 1116 5350 natione
1131 5294 1245 5349 Domini
1266 5295 1355 5350 nostri
1373 5297 1438 5350 tesu
1457 5295 1561 5352 Christi
1584 5313 1643 5352 non
1658 5296 1736 5354 aliud
1748 5292 1804 5352 reti·

1001 5389 1110 5460 pientes
1120 5404 1206 5461 quam
1217 5388 1294 5460 quod
1302 5389 1462 5444 instruente
1473 5392 1575 5445 sancto
1584 5386 1707 5464 Spiritu,
1715 5395 1744 5447 et
1752 5384 1805 5445 oti

1001 5482 1091 5537 cimus
1104 5485 1133 5537 et
1150 5481 1296 5537 docemus.
1312 5484 1365 5537 Per
1376 5482 1429 5538 hos
1444 5498 1524 5554 ergo,
1538 5483 1632 5541 frater
1644 5484 1803 5542 charissime.

1000 5592 1065 5630 cum
1077 5574 1242 5631 testimonio
1255 5581 1353 5632 nostro
1362 5577 1396 5631 ad
1410 5576 1528 5648 propria
1540 5583 1734 5646 revertentes,
1746 5574 1802 5632 cue

1000 5669 1084 5725 ctioni
1098 5673 1154 5724 tua
1164 5672 1262 5725 nostra
1275 5669 1378 5743 scripta
1386 5670 1553 5740 direximus,
1568 5671 1699 5731 fidenter
1710 5674 1803 5729 orento

1001 5763 1099 5835 utqui
1122 5763 1213 5833 gratia
1242 5764 1403 5835 apostolica
1426 5766 1645 5823 communionis
1670 5767 1801 5824 ornatur·
