3870 6150
144 278 212 338 iiic
758 276 1206 358 omnmisiuucoinncrio.
1754 286 1822 346 tiso

139 390 193 446 tibi
201 390 298 446 deesse
309 388 498 462 perspexeris,
506 387 589 446 nobis
597 389 897 448 utraluerisintimare
907 408 955 448 cu·
964 392 1069 476 Altam
1088 392 1203 463 peon
1218 391 1340 462 ttrcportc¹
1351 406 1432 463 popa
1451 393 1489 447 ad
1507 397 1662 451 anicetum
1674 395 1776 453 clerum
1795 400 1823 453 et

139 483 227 540 rabis.
243 484 319 540 Bene
331 484 404 539 vale.
417 483 489 539 itata
503 484 568 540 idus
577 485 651 556 Maii,
666 485 827 557 imperante
839 486 955 542 domino
1272 464 1376 534 pubem
1388 465 1553 534 mm·

139 578 267 650 piissimo
279 579 408 650 Augusto
420 579 525 648 Leone,
536 595 553 633 a
565 580 622 635 [teo
632 585 771 636 coronato
784 596 889 652 magno
899 579 954 635 im·
1042 579 1200 635 Gnacomus
1214 578 1364 651 episcopus
1378 596 1477 636 servus
1490 597 1640 638 servorum
1654 582 1717 652 Dei,
1731 584 1819 653 clero,

138 676 284 744 peratore,
299 688 374 727 anno
388 674 403 728 3
416 671 532 745 imperii
546 672 618 744 ejus,
634 673 789 730 indictione
802 677 829 729 2.
1006 671 1112 740 ordini,
1126 677 1154 727 et
1174 672 1251 744 plebi
1270 673 1437 730 consistenti
1457 674 1606 748 Thuringi,
1630 676 1820 756 dilectissimis

1005 765 1080 835 tiliis,
1103 766 1133 820 in
1154 766 1276 822 Domino
1298 767 1431 823 salutem.
1455 768 1652 825 Probabilibus
1673 769 1820 827 desideriis

139 862 264 933 Epistola
278 861 397 932 qusden
411 861 449 917 od
462 863 608 932 episcopos,
616 863 796 933 presbyteros,
807 878 853 918 seu
866 863 956 919 dioro-
1004 859 1077 914 nihil
1091 859 1241 915 attulhnus
1253 860 1404 928 tarditatis,
1430 861 1549 917 tratrem
1559 862 1622 934 jam
1639 867 1668 919 et
1680 864 1820 936 coepisco

316 947 374 993 l²0⁸·
389 937 415 988 θ*
428 933 466 987 “d
478 938 585 988 Ultimi
603 933 775 992 omnam&
1004 970 1073 1024 pum
1088 956 1218 1009 nostrum
1236 953 1411 1010 Bonitacium
1425 955 1503 1010 robis
1518 954 1712 1013 ordinavimus
1725 974 1817 1015 sacer·

1004 1046 1112 1116 dotem,
1126 1047 1172 1102 cui
1185 1046 1316 1102 dedimus
1327 1047 1358 1103 in
1370 1047 1510 1104 mandatis
1519 1065 1555 1104 ne
1563 1066 1692 1122 unquam
1706 1052 1818 1108 ordina-

1002 1140 1097 1197 tiones
1105 1145 1259 1213 presumat
1266 1140 1388 1208 illicitas,
1398 1157 1434 1197 ne
1442 1141 1602 1215 bigamum,
1613 1147 1664 1199 aut
1675 1146 1724 1216 qui
1734 1145 1818 1218 virgi·

1003 1250 1070 1290 nem
1090 1250 1148 1289 non
1170 1238 1213 1289 est
1234 1235 1351 1290 sortitus
1372 1251 1504 1303 uxorem,
1526 1252 1620 1309 neque
1639 1237 1816 1308 illiteratum,

1002 1327 1819 1402 velinquatibetcorporispartevitiatum,autinpoeniten·

1001 1426 1039 1488 te,
1051 1421 1095 1476 vel
1104 1422 1201 1490 cnriae,
1214 1426 1264 1476 aut
1275 1422 1393 1477 cuilibet
1401 1422 1560 1478 conditioni
1570 1423 1728 1481 obnoxium
1736 1432 1817 1483 nota-

1001 1519 1119 1586 tumque
1133 1515 1167 1570 ad
1183 1530 1276 1569 sacros
1292 1515 1406 1570 ordines
1418 1515 1565 1586 permittat
1575 1518 1722 1587 accedere,
1736 1520 1785 1576 sed
1795 1521 1818 1575 si

171 1611 398 1669 Sollicitudinem
411 1613 532 1668 nimiam
544 1618 675 1685 gerentes
688 1630 740 1685 pro
757 1612 950 1685 speculatione
1001 1624 1074 1680 quos
1082 1609 1245 1680 hujusmodi
1252 1607 1326 1664 torte
1336 1609 1485 1687 repererit,
1495 1625 1554 1664 non
1561 1610 1817 1683 audeatpromove-

134 1706 249 1776 credita,
258 1707 325 1778 quia
336 1707 365 1761 in
373 1706 506 1762 umbram
513 1706 613 1761 mortis
620 1707 729 1780 aliquas
739 1709 842 1791 gentes
850 1706 880 1762 in
886 1707 951 1762 Ger·
1001 1718 1042 1771 re,
1053 1702 1135 1758 Atros
1142 1701 1248 1774 passim
1257 1702 1293 1758 ad
1301 1702 1506 1758 ecclesiasticos
1515 1702 1631 1759 ordines
1639 1707 1817 1776 praetenden·

134 1796 239 1852 maniae
252 1796 389 1868 partibus,
403 1797 446 1852 vel
460 1796 544 1868 plaga
558 1795 691 1852 orientali
711 1796 806 1852 Rheni
826 1795 952 1851 fluminis
962 1787 991 1860 B
1002 1799 1052 1864 tes,
1065 1795 1145 1850 nulla
1158 1795 1270 1852 ratione
1287 1795 1431 1866 suscipiat,
1442 1796 1509 1867 quia
1520 1795 1609 1868 aliqui
1618 1812 1718 1853 eorum
1727 1801 1815 1856 itani-

133 1889 251 1962 antiquo
265 1878 345 1946 hoste
360 1889 497 1946 suadente
511 1905 617 1960 errare,
627 1890 741 1962 etquasi
750 1889 802 1944 sub
810 1889 950 1961 religione
1000 1889 1083 1958 chaei,
1093 1889 1183 1961 aliqui
1192 1888 1358 1961 rebaptizati
1368 1889 1548 1961 saepiussunt
1557 1891 1681 1961 probati.
1694 1891 1816 1951 htiniste·

132 1983 291 2039 Christiana
314 1983 456 2039 idolorum
477 1985 597 2041 culturae
615 2000 663 2038 eos
684 1983 789 2038 sewire
812 1983 948 2055 cognovi·
999 1981 1042 2037 ria
1056 1985 1143 2054 atque
1156 1988 1288 2039 ornatum
1301 1982 1437 2053 ecclesie,
1451 1983 1493 2038 vel
1505 1983 1644 2056 quidquid
1654 1984 1725 2041 illud
1733 1987 1814 2043 estin

133 2093 207 2146 mus,
232 2078 343 2150 aliquos
367 2094 444 2146 vero,
473 2078 523 2150 qui
544 2076 669 2134 necdum
689 2076 885 2149 cognitionem
899 2077 950 2133 bei
998 2077 1173 2147 patrimonio
1198 2077 1326 2148 ejusdem
1343 2092 1401 2132 non
1423 2076 1555 2132 minuere
1576 2078 1687 2134 studeat
1700 2079 1813 2136 sedau-

130 2169 278 2240 habentes,
299 2189 352 2227 nec
370 2171 548 2243 baptismatis
574 2171 646 2226 sacri
659 2171 737 2226 unda
748 2174 814 2226 sunt
825 2171 886 2240 loti,
899 2170 949 2226 sed
1000 2185 1082 2242 gere;
1103 2169 1138 2225 de
1152 2170 1265 2226 redditu
1287 2186 1354 2226 vero
1377 2170 1511 2241 ecclesie,
1526 2170 1571 2226 vet
1585 2172 1729 2229 oblatione
1742 2172 1812 2230 iidc-

132 2265 346 2337 comparatione
356 2264 508 2320 brutorum
520 2264 689 2320 animalium
698 2265 802 2336 pagani
811 2265 948 2321 lectorem
998 2264 1081 2331 hum,
1100 2266 1224 2336 quatuor
1235 2264 1320 2320 faciat
1343 2264 1500 2335 portiones,
1523 2281 1647 2337 quarum
1659 2283 1748 2323 unam
1760 2267 1813 2324 sibi

131 2358 641 2430 nonrecognoscunt‚necessariopro
647 2360 837 2430 utrorumque
845 2357 949 2414 illumi·
997 2357 1058 2428 ipse
1068 2357 1199 2424 retineat,
1214 2356 1334 2413 alteram
1347 2357 1456 2413 clericis
1466 2374 1517 2429 pro
1527 2358 1813 2417 officiorumsuorum

134 2452 250 2508 natione
263 2452 298 2507 ad
313 2452 526 2524 predicandam
539 2455 625 2507 recta
634 2450 830 2507 lideiverbum
842 2451 947 2508 harum
998 2450 1146 2506 sedulitate
1158 2450 1320 2506 distribuat.
1334 2451 1456 2506 Tertiam
1465 2452 1638 2523 pauperibus
1646 2458 1675 2509 et
1684 2455 1811 2527 peregri·
1891 2456 1894 2463 ’

134 2547 303 2618 portitorem
333 2546 507 2601 Bonilacium
539 2545 806 2602 reverendissimum
828 2545 947 2602 fratrem
996 2544 1051 2612 nis,
1066 2549 1197 2616 quartam
1209 2544 1403 2599 ecclesiasticis
1414 2544 1528 2600 fabricis
1538 2546 1650 2602 noverit
1662 2563 1810 2604 reservan-

130 2643 260 2695 nostrum
284 2639 449 2712 episcopum
471 2640 546 2711 apud
570 2640 686 2695 easdem
707 2642 802 2711 partes
821 2639 945 2711 dirigere
997 2638 1073 2704 darn,
1111 2637 1146 2693 de
1180 2638 1282 2710 quibus
1312 2638 1409 2693 divino
1437 2639 1492 2694 erit
1518 2640 1680 2696 redditurus
1703 2642 1811 2713 judicio

130 2733 304 2803 studuimus,
326 2740 356 2789 ut
380 2739 409 2789 et
435 2734 484 2789 illa
504 2733 685 2806 praedicando
707 2733 826 2789 verbum
846 2734 946 2789 salutis
995 2733 1149 2787 rationem.
1162 2732 1359 2788 Ordinationes
1371 2747 1438 2788 vero
1450 2731 1684 2805 presbyterorum
1695 2751 1746 2792 seu
1754 2737 1812 2793 dia·
1877 2736 1882 2747 '

128 2827 218 2882 vitam
239 2826 398 2899 provideat,
420 2828 637 2898 sempiternam,
651 2833 680 2883 et
694 2827 717 2881 si
731 2843 803 2899 quos
818 2827 889 2883 torte
901 2827 945 2884 vel
995 2842 1133 2882 conorum
1150 2842 1209 2881 non
1228 2826 1283 2881 nisi
1304 2825 1409 2899 quarti,
1424 2826 1548 2899 septimi,
1565 2830 1594 2882 et
1608 2827 1711 2885 decimi
1731 2845 1812 2888 men-

131 2919 295 2991 ubicunque
310 2938 326 2974 a
346 2925 423 2975 recte
443 2920 509 2976 tidei
524 2920 640 2976 tramite
653 2921 791 2976 destitisse
803 2937 943 2993 cognose·
995 2919 1207 2992 siumjejuniis,
1218 2919 1268 2976 sed
1279 2924 1308 2975 et
1318 2920 1452 2990 ingressu
1463 2919 1713 2992 quadragesimali,
1726 2929 1810 2996 atque

172 1098 666 1167 Gnaaonius,servnsservorumliei,
676 1099 814 1155 universis
822 1115 954 1156 reveren-

138 1192 262 1248 dissimis
271 1198 300 1248 et
309 1192 494 1248 sanctissimis
504 1192 640 1248 iratribus
649 1193 831 1265 coepiscopis,
842 1193 954 1265 religio·

136 1286 185 1355 sis,
206 1286 388 1358 presbyteris,
409 1302 459 1342 seu
481 1285 657 1356 diaconibus,
679 1287 808 1358 gloriosis
822 1287 951 1354 ducibus,

136 1380 298 1450 magnificis
322 1379 465 1447 castaldis,
487 1380 646 1451 comitibus,
670 1379 758 1435 etiam
781 1380 823 1435 vet
844 1379 952 1436 cunctis

136 1473 303 1530 Christianis
316 1475 407 1529 Deum
422 1473 599 1529 timentibus.

129 3013 176 3080 iit,
201 3018 252 3068 ant
277 3015 381 3069 astutia
408 3013 548 3069 diabolica
570 3030 719 3085 persuasos
738 3030 873 3070 erroneos
897 3030 943 3070 re·
994 3013 1138 3070 mediante
1157 3029 1276 3086 vespere
1295 3013 1737 3073 Sabbatinoveritcelebrandas.
1758 3018 1809 3074 Sa·
1907 3096 1909 3098 q

127 3107 244 3177 pererit.
265 3108 399 3180 corrigat,
419 3113 504 3180 atque
520 3107 563 3162 sni
586 3106 756 3163 educatione
770 3108 806 3163 ad
825 3112 943 3179 portum
993 3108 1132 3164 crosancti
1144 3110 1241 3164 autem
1254 3108 1391 3180 baptismi
1404 3111 1618 3165 sacramentum
1632 3126 1691 3166 non
1710 3112 1767 3166 nisi
1779 3112 1810 3169 in

128 3204 255 3272 reportet
276 3202 382 3272 salutis,
408 3218 514 3275 eosque
536 3219 570 3257 er
587 3201 752 3273 apostolice
771 3202 845 3258 sedis
858 3202 944 3274 huJ'us
993 3202 1121 3257 Paschali
1138 3201 1292 3257 testivitate
1311 3204 1340 3256 et
1360 3203 1525 3256 Pentecoste
1538 3203 1649 3259 noverit
1660 3220 1721 3261 esse
1733 3221 1808 3278 prae-

129 3295 257 3350 doctrina
269 3295 416 3368 informet,
430 3302 458 3352 et
470 3296 500 3350 in
514 3295 617 3351 eadem
632 3296 772 3352 catholica
797 3295 854 3353 ilde
876 3313 942 3368 per·
992 3294 1130 3364 bandum,
1144 3295 1267 3367 exceptis
1287 3295 1331 3349 his
1348 3296 1407 3367 qui,
1422 3295 1523 3350 morus
1533 3302 1654 3368 urgente
1668 3298 1809 3370 periculo,

127 3405 243 3445 manere
258 3388 398 3445 instituat.
411 3391 462 3446 Cui
475 3390 625 3445 hortamur
638 3390 674 3445 ob
686 3406 817 3446 amorem
831 3391 943 3446 Domini
992 3403 1029 3444 ne
1049 3389 1080 3443 in
1097 3393 1237 3445 aeternnm
1264 3391 1394 3460 pereant,
1418 3387 1521 3444 tatibus
1539 3392 1652 3460 oportet
1673 3392 1809 3449 remediis

126 3483 216 3538 nostri
234 3484 301 3538 Jesu
323 3483 437 3551 Christi,
461 3489 490 3540 et
511 3485 705 3556 apostolorum
728 3485 789 3556 ejus
807 3501 942 3540 reveren·
990 3482 1151 3538 subvenire.
1176 3481 1244 3537 linio
1267 3497 1337 3554 ergo
1359 3480 1434 3536 sedis
1453 3486 1557 3537 nostre
1584 3486 1727 3554 praecepta
1748 3501 1806 3541 ser-

126 3576 208 3644 tiam,
223 3580 254 3631 ut
267 3577 297 3632 in
311 3577 444 3633 omnibus
456 3577 584 3634 solatiari
597 3577 707 3634 nisibus
727 3579 792 3634 totis
804 3579 941 3648 debeatis,
992 3576 1069 3630 vanti
1086 3575 1194 3632 devotis
1213 3574 1316 3630 animis
1338 3574 1457 3648 obsequi
1482 3591 1533 3630 nos
1553 3580 1675 3646 oportet,
1695 3581 1727 3633 ut
1740 3577 1809 3637 irre·

126 3686 250 3742 eumque
265 3671 294 3726 in
309 3671 425 3727 nomine
438 3673 504 3727 iesu
520 3672 626 3728 Christi
647 3671 801 3745 recipiatis,
825 3678 857 3728 ut
877 3674 942 3729 scri-
991 3669 1183 3740 prehensibile
1202 3667 1402 3741 placidumque
1424 3668 1476 3723 tlat
1496 3684 1599 3741 corpus
1613 3671 1743 3729 Ecclesiae
1756 3689 1809 3747 per

126 3767 209 3836 ptum
222 3769 265 3820 est
278 3764 314 3820 de
336 3765 394 3820 suis
408 3765 552 3837 discipulis
566 3783 573 3821 ε
591 3787 605 3816 «
619 3766 674 3833 Qui
688 3783 737 3821 vos
758 3767 869 3839 recipit,
884 3784 943 3823 me·
991 3763 1145 3820 Dominum
1157 3762 1434 3834 nostrum,quivivit
1446 3765 1477 3816 et
1489 3767 1595 3836 regnat
1607 3780 1673 3820 cum
1686 3766 1744 3823 Deo
1755 3768 1808 3823 Pa·

126 3857 227 3930 recipit
243 3858 348 3929 (Madd.
363 3875 390 3930 x,
405 3860 458 3930 40).
480 3881 494 3909 »
511 3859 698 3916 Providentes
712 3860 828 3934 insuper
842 3878 940 3918 neces·
991 3862 1035 3913 tre
1048 3856 1244 3929 omnipotente
1260 3860 1290 3912 et
1302 3856 1409 3928 Spiritu
1422 3860 1520 3912 sancto
1530 3872 1582 3928 per
1596 3858 1695 3914 omnia
1707 3862 1809 3918 secuta

126 3951 200 4006 saria
216 3951 325 4008 itineris
346 3954 418 4024 ejus,
434 3954 553 4010 comites
566 3954 727 4010 tribuentes
741 3954 838 4011 cibum
852 3955 940 4012 etiam
990 3951 1173 4007 seculorum.
1187 3953 1260 4007 Deus
1270 3967 1318 4006 vos
1327 3950 1485 4007 incolumes
1494 3951 1643 4019 custodiat,
1659 3953 1806 4012 dilectissi-

127 4060 160 4100 ac
174 4049 286 4117 potum,
307 4047 349 4101 vel
366 4048 388 4102 si
404 4064 461 4120 quo
481 4048 593 4120 eguerit
604 4050 768 4121 largientes,
782 4052 814 4105 ut
826 4066 885 4106 uno
899 4050 940 4105 la·
991 4046 1033 4100 mi
1047 4045 1107 4100 tilii.
1123 4045 1191 4101 itata
1206 4045 1268 4100 Kal.
1283 4045 1415 4101 Deccmb.
1427 4045 1589 4115 imperante
1604 4045 1724 4104 domino
1737 4049 1806 4120 piis-

124 4138 193 4196 bore
207 4143 237 4194 et
252 4141 328 4196 socia
342 4142 489 4198 voluntate
508 4158 579 4214 opus
593 4143 647 4198 sibi
660 4143 800 4200 creditum
818 4143 939 4217 pietatis,
991 4139 1064 4196 simo
1078 4141 1205 4212 Augusto
1216 4139 1321 4210 Leone,
1335 4156 1353 4194 a
1366 4139 1425 4195 [teo
1439 4142 1584 4209 coronato,
1596 4156 1703 4214 magno
1714 4142 1806 4216 impe·

125 4237 154 4287 et
178 4234 326 4306 negotium
350 4236 458 4306 salutis,
488 4238 638 4293 annitente
666 4238 735 4308 Deo,
763 4238 938 4310 perficiatur,
990 4238 1096 4304 rotare,
1112 4250 1188 4290 anno
1201 4238 1229 4300 7,
1240 4233 1291 4290 sed
1300 4239 1329 4289 et
1339 4233 1525 4289 constantino
1537 4249 1644 4306 magno
1655 4234 1807 4310 imperato·

124 4332 210 4400 atque
224 4329 343 4400 praemia
356 4329 460 4385 laboris
479 4330 628 4402 percipere
643 4331 824 4401 mereamini,
845 4331 940 4405 deque
990 4344 1021 4385 re
1035 4329 1098 4401 ejus
1112 4328 1181 4398 tilio,
1195 4344 1271 4385 anno
1283 4330 1309 4397 3,
1322 4327 1480 4385 indictione
1495 4331 1522 4383 5.

123 4422 308 4478 conversione
331 4424 489 4479 errantium
510 4440 618 4481 merces
642 4425 721 4480 vobis
740 4425 896 4482 ascribatur
909 4427 938 4482 in
989 4480 1014 4534 It
1088 4477 1110 4531 l,
1181 4479 1186 4490 ,
1200 4478 1239 4533 m
1272 4477 1310 4534 Gr
1502 4478 1541 4532 ad
1569 4477 1627 4533 lm
1666 4483 1692 4534 a
1725 4479 1735 4535 l
1749 4480 1765 4536 b

123 4514 212 4570 coctis.
237 4516 267 4572 Si
286 4517 349 4588 quis
361 4517 458 4590 itaque
475 4518 542 4574 huic
555 4520 605 4576 Dei
619 4519 728 4575 lamulo
742 4519 777 4576 ad
791 4520 979 4613 illumina-D
1014 4492 1199 4547 emaum
1239 4494 1257 4532 a
1310 4490 1488 4561 mom-pass
1553 4492 1567 4533 ⁰
1627 4493 1654 4534 m
1701 4495 1723 4550 Ρ
1734 4496 1748 4537 ⁶
1766 4497 1807 4537 em

122 4608 232 4664 tionem
260 4611 391 4681 gentium
414 4613 449 4667 ab
465 4613 620 4685 apostolica
633 4619 719 4686 atque
733 4614 873 4672 catholica
889 4616 940 4671 Dei
1051 4682 1081 4695 ..
1197 4681 1250 4693 Η
1308 4548 1481 4693 ‚mmm

122 4701 248 4758 Ecclesia
259 4703 400 4761 destinato
411 4722 560 4763 assensum
574 4707 617 4762 vel
627 4724 797 4764 concursum
812 4709 942 4782 praebue·
1026 4685 1098 4740 Μ
1107 4681 1267 4755 m⁸3⁰¹fi⁰¹³
1276 4680 1340 4737 mm
1349 4684 1467 4752 Awm’
1477 4681 1805 4758 GU0Dffl0'MUOEm'

123 4795 171 4863 rit,
196 4797 374 4853 exorantibus
390 4801 587 4871 apostolorum
600 4800 777 4873 principibus
801 4803 942 4858 consortia
991 4779 1309 4881 GUNTflmmdavepoq,
1321 4775 1806 4880 etomnibuslteodilectis't‘hurin·

124 4894 271 4946 mereatur
288 4896 453 4948 sanctorum
474 4899 503 4949 et
521 4897 680 4967 martyrum
701 4896 768 4951 teau
782 4895 895 4952 Christi.
913 4896 941 4954 Si
991 4873 1035 4945 8⁵⁸
1047 4871 1181 4929 fidefibm
1194 4871 1371 4942 omnam*
1388 4869 1547 4927 ⁶⁸⁸⁰⁰¹¹¹⁰³
1558 4888 1644 4944 papa·

124 4983 188 5055 quis
215 5000 282 5040 vero
310 4985 394 5058 (quod
421 5004 480 5042 non
507 4989 649 5061 optamus)
675 4989 852 5046 adversando
880 4991 941 5063 ejus
1025 4989 1200 5045 lnsinuatam
1215 4987 1297 5043 nobis
1306 4985 1460 5059 magnifice
1469 4987 1499 5042 in
1510 4988 1621 5045 Christo
1629 4990 1697 5048 tidei
1705 4996 1806 5050 vestras

123 5079 282 5150 praepedire
304 5085 422 5137 conatus
440 5081 528 5137 fuerit
548 5082 687 5153 laborem,
711 5086 762 5139 aut
782 5084 940 5141 contrarius
990 5082 1181 5140 constantiam
1195 5084 1394 5154 agnoscentes,
1408 5082 1488 5154 quod
1499 5082 1622 5156 paganis
1631 5086 1803 5157 compellen-

122 5170 264 5227 exstiterit
287 5173 446 5230 ministerio
466 5173 521 5230 sihi
546 5176 665 5247 credito,
689 5193 939 5251 successorumque
990 5177 1065 5233 tibus
1079 5194 1128 5233 vos
1140 5176 1176 5233 ad
1191 5175 1268 5232 idola
1287 5175 1409 5231 colenda
1429 5175 1486 5233 tide
1506 5179 1591 5249 plena
1602 5179 1805 5249 responderitis

123 5263 187 5335 ejus
201 5265 337 5322 eumdem
350 5267 478 5323 lahorem
492 5268 662 5326 intrantium
673 5287 708 5327 ex
719 5272 859 5328 sententia
872 5272 940 5328 divi·
989 5272 1081 5345 magis
1104 5271 1175 5328 velle
1195 5270 1316 5327 feliciter
1337 5271 1424 5340 mori,
1451 5287 1536 5343 quam
1557 5269 1643 5325 tidem
1663 5273 1750 5329 semel
1774 5270 1805 5332 in

123 5373 161 5412 na
185 5360 376 5417 anathematis
396 5361 509 5418 vinculo
528 5364 710 5436 percellatur,
738 5368 767 5423 et
792 5370 940 5439 perpetua
989 5366 1101 5423 Christo
1117 5370 1264 5438 acceptam
1282 5365 1463 5438 aliquatenus
1476 5364 1589 5431 violare,
1606 5362 1696 5420 nimia
1710 5368 1803 5425 exsul·

121 5450 299 5509 damnationi
311 5454 466 5527 subjaceat.
478 5458 554 5513 Bene
563 5459 665 5515 valete.
674 5460 744 5515 Data
752 5459 812 5515 Kal.
826 5463 940 5517 Decem·
989 5461 1097 5517 tatione
1104 5459 1216 5532 repleti,
1226 5462 1321 5532 grates
1330 5458 1440 5515 debitas
1447 5457 1633 5530 persolvimus
1643 5459 1700 5518 lieo
1708 5468 1805 5520 nostro

120 5544 192 5617 bris,
207 5546 368 5621 imperante
391 5549 507 5606 domino
526 5550 653 5622 piissimo
665 5555 940 5625 Augustobeone,a
989 5557 1019 5610 et
1034 5553 1216 5629 Redemptori
1235 5553 1380 5609 bonorum
1402 5550 1530 5606 omnium
1554 5551 1694 5624 largitori.
1716 5555 1804 5630 Cujus

123 5640 180 5695 Deo
192 5647 338 5712 coronato,
349 5660 453 5716 magno
463 5645 647 5717 imperatore,
658 5663 736 5702 anno
747 5647 879 5720 septimo,
891 5647 939 5705 sed
989 5649 1082 5720 gratia
1095 5647 1257 5716 comitante,
1270 5663 1320 5702 vos
1328 5643 1365 5699 ad
1375 5643 1497 5700 meliora
1509 5646 1538 5700 et
1549 5644 1662 5717 potiora
1669 5652 1804 5722 optamus

123 5738 154 5788 ct
168 5734 353 5794 Constantino
371 5754 479 5811 magno
500 5739 673 5813 imperatore
688 5742 750 5814 ejus
770 5740 839 5811 tilio,
863 5758 939 5798 anno
988 5743 1138 5815 prolicere,
1152 5741 1226 5798 etad
1238 5737 1468 5795 confirmandum
1482 5736 1548 5794 tidei
1559 5744 1660 5798 vestre
1672 5745 1803 5817 proposi-

122 5832 237 5903 quarto‚
251 5829 282 5886 in
296 5830 451 5888 indictione
465 5836 555 5890 sexta.
989 5840 1051 5892 tam
1058 5840 1161 5892 sancte
1168 5833 1227 5890 sedi
1237 5831 1398 5905 apostolicae
1408 5830 1548 5906 religiosis
1556 5833 1700 5895 mentibus
1709 5838 1806 5898 adhe·
