3870 6150
76 273 130 332 lte
694 278 929 336 recurrantur
947 280 1140 337 colonario.
1712 288 1763 347 tro

69 400 131 440 uon
151 383 269 442 modice
288 388 447 445 contristati
473 405 579 445 sumus.
605 388 791 462 significastis
815 390 892 446 enim
903 398 933 474 Α
943 386 996 442 nisi
1010 391 1150 459 quantum
1164 387 1202 443 ed
1216 391 1346 462 proprias
1361 392 1486 463 pertinet
1499 392 1659 465 parochias,
1672 401 1763 467 agant

72 495 120 533 ros
135 482 199 536 tam
211 496 229 534 e
241 481 414 552 quibusdam
429 499 486 539 non
497 487 606 539 rectam
618 483 705 540 iidem
718 485 892 555 tenentibus,
939 481 1022 552 juxta
1042 485 1205 537 sanctorum
1224 485 1375 540 constituta
1392 489 1517 557 patrum,
1532 490 1563 541 ut
1581 505 1639 544 uno
1651 488 1760 564 animo,

70 571 121 627 sed
144 573 294 630 erroribus
312 575 466 648 implicitis,
483 594 571 649 quam
591 581 621 634 et
634 578 670 634 eh
690 577 753 633 aliis
766 594 813 634 eos
827 578 891 634 imi·
944 591 1000 630 uno
1014 590 1064 630 ore
1083 575 1263 631 concorditer
1283 581 1383 633 sancta
1400 579 1574 650 glorificetur
1590 581 1711 639 Trinitas
1729 585 1761 641 in

70 665 201 722 tentibus
224 684 274 723 ros
295 670 428 743 persequi
452 674 481 726 et
504 671 652 741 infamari,
678 676 763 745 atque
786 677 893 728 vestras
942 669 1052 724 secula
1068 669 1207 724 Similiter
1226 671 1396 728 auctoritate
1416 672 1479 728 fulti
1500 675 1665 745 apostolica,
1684 694 1758 750 pra·
1851 661 1856 669 ’

69 760 204 816 ecclesias
221 762 280 818 suis
298 763 422 834 dotibus,
441 767 471 820 et
488 765 618 822 fidelium
638 765 830 822 oblationibus
842 783 892 822 ex·
942 761 1073 833 cipimus,
1085 767 1118 819 ut
1132 763 1228 818 nuilus
1242 765 1479 837 metropolitanus
1492 768 1640 841 episcopus
1653 769 1761 844 absque

69 853 198 926 spoliari,
216 858 386 929 vestrosque
402 857 548 914 ministros
563 859 648 915 nimis
662 859 768 930 vexari,
784 865 812 915 et
826 860 891 916 ideo
942 860 1113 911 ceterorum
1127 857 1258 912 omnium
1270 857 1554 930 comprovincialium
1564 862 1760 935 episcoporum

68 948 177 1003 multos
195 965 213 1004 a
231 949 312 1005 vobis
331 954 360 1006 et
378 967 395 1006 a
413 955 492 1007 reela
509 951 566 1009 fide
583 953 739 1023 discedere,
757 954 892 1024 quoniam
942 949 1077 1004 instantia
1095 949 1260 1023 aliquomm
1280 951 1378 1008 audiet
1396 968 1496 1008 causas
1515 969 1624 1023 eorum,
1639 958 1707 1028 quia
1725 958 1761 1014 ir·

68 1042 107 1097 eis
117 1057 184 1096 uon
196 1042 317 1114 potestis
328 1044 527 1102 defensionem
543 1046 709 1118 impendere
719 1062 772 1102 nee
783 1063 816 1102 ea
827 1063 892 1119 quse
940 1043 995 1097 rita
1010 1048 1104 1112 erunt,
1121 1044 1225 1116 etipse
1245 1061 1358 1101 eausam
1375 1062 1427 1118 pro
1440 1046 1516 1102 lacto
1528 1047 1615 1103 dabit.
1631 1049 1760 1124 Episcopi

69 1136 237 1192 necessarie
247 1142 315 1193 sunt
326 1138 502 1197 ministrare.
516 1140 609 1197 Nolito
619 1140 728 1207 mirari,
740 1140 853 1209 iratres,
867 1140 892 1196 si
940 1153 1006 1191 vero
1020 1152 1072 1208 per
1086 1137 1213 1209 singulas
1229 1139 1386 1210 provincias
1398 1139 1549 1196 observent
1565 1158 1603 1197 ne
1621 1145 1759 1214 posterio-

68 1246 118 1285 ros
139 1231 277 1286 malevoli
302 1236 331 1286 et
358 1232 440 1304 impii
463 1236 683 1306 persequantur,
707 1250 772 1289 cum
794 1234 890 1306 ipsum
940 1246 986 1286 res
1001 1247 1030 1285 se
1045 1231 1189 1303 prioribus
1203 1231 1260 1287 suis
1279 1233 1442 1305 praeierant,
1456 1249 1508 1290 nee
1525 1234 1566 1290 eis
1577 1235 1758 1308 inconsultis,

70 1323 214 1379 Christum
237 1329 323 1396 caput
345 1332 475 1382 nostrum
498 1328 555 1383 sint
582 1326 736 1399 persecuti,
760 1327 838 1384 unde
862 1331 891 1385 et
940 1324 994 1378 nisi
1024 1327 1163 1396 quantum
1189 1325 1223 1380 ad
1249 1326 1397 1398 propriam
1424 1327 1550 1400 pertinet
1576 1329 1759 1402 parochiam,

70 1417 291 1473 consolatricem
313 1418 407 1491 ipsam
424 1420 536 1477 habetis
556 1421 720 1491 Veritatem,
744 1438 808 1494 quse
825 1422 888 1478 ait:
939 1417 1046 1489 aliquid
1064 1422 1162 1490 agant,
1183 1419 1234 1476 sed
1256 1435 1356 1476 omnes
1380 1421 1415 1477 de
1436 1422 1638 1478 communibus
1659 1440 1759 1481 eorum

71 1534 84 1561 a
99 1513 129 1569 si
143 1512 388 1585 patremfamilias
408 1514 563 1570 Belzehuth
585 1518 766 1584 vocaverunt,
783 1518 889 1587 quanto
939 1511 1030 1566 causis
1046 1527 1200 1567 consonam
1221 1514 1396 1570 sententiam
1410 1515 1561 1586 proferent
1575 1518 1604 1572 ct
1622 1516 1758 1574 determi-

71 1606 159 1678 magis
171 1606 346 1663 domesticos
363 1607 424 1679 ejus
439 1608 544 1678 (Mati.
557 1625 585 1678 x,
600 1608 662 1680 illl
680 1629 694 1661 o
710 1610 773 1681 ipsa
784 1609 890 1665 iterum
940 1608 1019 1675 nent,
1033 1605 1170 1678 qrrouiam
1182 1606 1266 1662 aliter
1275 1611 1339 1664 acta
1350 1609 1443 1665 nullas
1456 1609 1530 1667 vires
1540 1609 1695 1680 habebunt,
1706 1627 1758 1670 uec

71 1700 218 1755 consolans
234 1717 297 1769 nos,
309 1700 438 1773 loquitur
453 1701 571 1758 diceus:
587 1722 601 1755 e
616 1703 645 1759 Si
661 1702 696 1758 de
711 1702 889 1758 boemundo
940 1699 1128 1755 ecclesiastica
1139 1700 1359 1773 reputabuntur.

71 1793 202 1863 inissetis,
216 1793 344 1849 mundus
357 1795 433 1866 qaod
443 1812 527 1851 suum
537 1800 597 1851 erat
607 1795 748 1868 diligeret,
763 1796 813 1851 sed
823 1769 927 1868 quiaB
974 1794 1085 1848 Bonum
1102 1798 1184 1863 esset,
1200 1794 1312 1864 fratres,
1328 1799 1356 1851 et
1374 1795 1457 1852 valde
1472 1798 1562 1853 Deum
1577 1798 1756 1869 timentibus,

72 1904 123 1942 non
135 1887 206 1944 estis
214 1888 249 1944 de
262 1888 317 1943 hoc
328 1889 448 1958 mundo,
458 1889 506 1945 sed
516 1906 570 1962 ego
581 1890 655 1962 elegi
664 1907 714 1946 vos
723 1890 758 1946 dc
767 1890 887 1960 mundo,
938 1889 967 1943 et
980 1887 1027 1958 pie
1041 1886 1135 1943 virere
1149 1887 1308 1942 volentibus
1323 1889 1529 1961 necessarium,
1540 1891 1564 1946 si
1576 1891 1652 1948 intra
1663 1893 1758 1949 calho-

70 1984 220 2054 proptares
234 1981 296 2037 odit
307 1998 357 2038 vos
370 1983 494 2038 mundus
506 1983 594 2054 (loon.
609 2000 654 2052 xv,
671 1984 725 2055 lD).
741 1985 889 2057 »Propter
937 1979 1023 2035 licam
1035 1979 1188 2036 Ecclesiam
1201 1981 1308 2035 nullius
1321 1980 1391 2037 maii
1406 1985 1456 2037 aut
1467 1982 1654 2040 infestationis
1667 1985 1756 2041 elicu-

69 2076 151 2142 tales,
169 2075 280 2144 hahes,
302 2076 455 2132 hortamur
472 2093 520 2132 vos
539 2078 611 2132 sicut
630 2080 660 2132 ct
673 2078 704 2132 in
718 2078 774 2133 hac
792 2081 887 2134 sancta
933 2073 982 2145 jus
997 2089 1067 2146 erga
1081 2073 1194 2130 Domini
1207 2075 1366 2131 sacerdotes
1379 2080 1429 2131 aut
1438 2076 1514 2147 juste
1527 2080 1556 2132 et
1568 2077 1615 2150 pie
1628 2080 1756 2136 volentes

67 2168 189 2223 Ecclesia
204 2168 391 2224 constitutum
405 2170 554 2238 hahemus,
570 2173 603 2226 ut
615 2187 730 2242 semper
743 2175 827 2227 testes
841 2187 888 2226 vo·
936 2167 1030 2223 vivere
1046 2183 1164 2240 germen
1180 2173 1356 2239 exsurgeret.
1372 2169 1428 2225 Sed
1443 2169 1511 2241 quia
1525 2172 1697 2243 praevalente
1709 2173 1754 2229 in·

66 2261 173 2318 hiscum
186 2263 350 2318 sacerdotes
363 2266 392 2318 et
404 2263 537 2319 diaconos
549 2264 686 2334 babeatis,
702 2266 730 2320 et
744 2264 810 2320 licet
822 2281 886 2320 oon·
935 2261 1019 2329 vidia,
1038 2261 1116 2334 quod
1134 2260 1258 2317 deterius
1277 2264 1329 2331 cst,
1350 2263 1442 2334 surgit
1456 2268 1485 2319 et
1501 2264 1600 2321 crescit
1612 2267 1697 2338 atque
1714 2267 1757 2322 ni·

68 2355 214 2412 scientiam
236 2355 369 2411 sufficere
393 2356 482 2428 possit
500 2358 630 2429 proprie,
653 2360 749 2414 tamen
769 2363 887 2430 propter
936 2354 991 2409 mis
1011 2370 1040 2409 se
1058 2354 1088 2409 in
1111 2370 1209 2410 omnes
1233 2360 1327 2426 partes
1348 2356 1489 2424 extendit,
1511 2356 1616 2413 idcirco
1639 2374 1755 2418 necesse

67 2449 228 2519 malevolos,
238 2450 323 2521 juxta
339 2450 501 2521 apostolom
518 2451 603 2506 etiem
621 2451 820 2507 testimonium
837 2469 886 2508 vos
937 2452 979 2503 est
1005 2447 1076 2503 illud
1100 2448 1288 2504 ecclesiastico
1312 2451 1341 2504 et
1364 2449 1515 2520 apostolico
1539 2450 1666 2507 abscindi
1688 2470 1752 2509 mu·

67 2547 174 2614 oportet
184 2543 297 2598 habere
307 2541 517 2600 bonumehhis
525 2544 649 2616 quiloris
659 2548 735 2602 sunt.
743 2544 885 2611 Quoniam
936 2556 1035 2610 arone,
1058 2557 1095 2597 ne
1115 2557 1210 2597 servos
1231 2542 1280 2596 Dei
1300 2558 1333 2597 ac
1353 2542 1468 2598 Domini
1489 2545 1685 2601 sacerdotibus
1703 2562 1753 2603 va·

65 2636 91 2690 in
112 2637 167 2693 hnc
190 2640 294 2692 sancta
315 2638 381 2693 sede
399 2638 585 2694 constitutum
603 2638 756 2709 habemus,
778 2642 810 2694 ut
829 2640 885 2695 duo
935 2635 991 2690 leat
1006 2650 1108 2690 nocere
1121 2638 1171 2690 aut
1183 2635 1313 2707 perdere.
1328 2656 1342 2686 (ι
1359 2636 1548 2692 Exhonorerit
1562 2638 1640 2693 enim
1656 2639 1752 2696 Domi-

64 2731 234 2803 prsahytcri,
248 2731 293 2786 vel
307 2735 365 2787 tres
383 2731 493 2788 diaconi
511 2732 541 2787 iu
554 2733 632 2788 omni
644 2733 705 2788 loco
720 2733 883 2805 episcopum
935 2744 997 2797 nus,
1016 2748 1030 2777 «ι
1047 2732 1078 2784 ut
1096 2728 1126 2783 in
1144 2728 1337 2785 Ecclesiastico
1349 2730 1457 2801 legitur
1470 2729 1553 2800 libro,
1570 2739 1751 2791 occurentus

64 2840 116 2880 non
138 2824 278 2880 deserant
295 2824 415 2898 propter
434 2825 630 2881 testimonium
650 2827 883 2883 ecclesiasticum.
934 2823 1090 2888 malorum,
1106 2826 1136 2877 et
1148 2822 1287 2879 destruxit
1299 2824 1374 2878 Deus
1388 2840 1436 2878 eos
1450 2840 1540 2897 usque
1553 2825 1583 2880 in
1595 2825 1692 2882 finem.
1707 2829 1754 2884 Se·

63 2918 191 2991 Episcopi
205 2934 279 2990 ergo
292 2935 350 2974 non
366 2924 433 2974 sunt
446 2920 546 2976 leviter
561 2920 712 2976 accusandi
726 2921 770 2976 vel
788 2921 883 2977 detra·
934 2916 983 2971 des
1005 2916 1111 2971 ducum
1130 2917 1319 2988 superborum
1341 2917 1482 2974 destruxit
1500 2919 1583 2990 Deus,
1603 2924 1632 2976 et
1653 2921 1751 2979 sedere

64 3012 158 3079 hendi,
173 3011 245 3084 quia
256 3012 364 3084 injuria
377 3028 477 3068 eorum
488 3013 524 3068 ad
537 3013 680 3069 Christum
694 3015 826 3086 pertinet,
838 3031 884 3070 cu·
934 3011 1001 3066 fecit
1019 3010 1104 3066 mites
1122 3027 1173 3082 pro
1198 3011 1248 3066 eis.
1270 3010 1390 3067 Radices
1410 3012 1540 3084 gentium
1564 3015 1751 3086 superbarum

60 3107 103 3176 jus
114 3106 177 3162 vice
192 3110 224 3160 et
232 3105 379 3177 legatione
393 3106 554 3179 iunguntur
565 3107 595 3163 in
605 3108 737 3164 Ecclesia.
748 3108 828 3164 Unde
836 3124 883 3163 vo
933 3104 1049 3159 arefecit
1067 3104 1149 3171 Deus,
1173 3106 1203 3158 et
1222 3103 1361 3175 plautavit
1375 3105 1498 3161 humiles
1517 3123 1549 3162 ex
1568 3107 1635 3179 ipsis
1655 3110 1750 3180 genti·

63 3197 103 3253 bis
113 3197 254 3254 omnibns
268 3201 297 3253 et
310 3199 360 3271 qui
373 3199 520 3255 vobiscum
532 3202 600 3255 sunt
613 3200 643 3255 in
658 3203 756 3256 nostro
769 3201 880 3270 solatio,
931 3197 995 3253 bus.
1017 3200 1117 3254 Terras
1139 3197 1271 3269 gentium
1292 3199 1394 3253 evertit
1411 3200 1558 3270 Dominus,
1579 3203 1608 3256 et
1625 3202 1751 3274 perdidit

63 3292 130 3347 shut
142 3296 174 3346 et
186 3291 259 3347 olins
273 3292 380 3347 laetum
393 3293 565 3362 invenimus,
579 3293 712 3349 constitui
722 3295 838 3365 placuit,
851 3300 882 3351 nt
932 3309 979 3347 eas
1000 3307 1091 3364 usque
1113 3291 1148 3346 ad
1174 3292 1405 3348 fundamentum.
1424 3294 1548 3350 Arelecit
1571 3311 1604 3350 ex
1629 3296 1698 3367 ipsis
1722 3301 1752 3354 et

63 3385 277 3441 criminationes
286 3387 428 3458 majorum
439 3391 509 3442 natu
519 3404 572 3459 per
581 3388 652 3442 alios
664 3403 723 3442 nou
736 3387 816 3456 liant,
827 3389 882 3444 nisi
932 3385 1097 3457 disperdidit
1114 3401 1171 3453 eos,
1195 3394 1223 3440 et
1245 3401 1354 3441 cessare
1376 3386 1442 3442 fecit
1460 3388 1628 3443 memoriam
1648 3406 1749 3446 eorum

61 3495 110 3551 per
132 3480 215 3551 ipsos
239 3479 289 3551 qui
315 3479 436 3535 crimina
460 3481 630 3548 intendunt,
656 3481 680 3535 si
705 3485 801 3537 tamen
826 3481 880 3554 ipsi
932 3479 967 3534 de
986 3483 1071 3535 terra.
1095 3479 1219 3534 Perdidit
1230 3480 1304 3535 Deus
1322 3481 1490 3535 memoriam
1505 3481 1705 3552 superborum,
1721 3487 1751 3540 et

63 3576 88 3626 et
108 3572 191 3645 digni
214 3575 243 3628 et
263 3572 525 3644 irreprehensibiles
548 3575 744 3646 apparuerint,
765 3578 794 3629 et
812 3575 881 3630 aclis
930 3573 1047 3644 reliquit
1063 3573 1231 3628 memoriam
1244 3572 1398 3629 humilium
1416 3591 1512 3630 sensu.
1526 3575 1587 3630 Non
1600 3581 1642 3632 est
1655 3583 1750 3634 creata

10 3698 12 3739 3
62 3665 212 3722 docuerint
227 3665 359 3738 publicis,
373 3662 452 3721 omui
465 3684 494 3723 se
508 3684 606 3723 carere
623 3668 782 3739 suspicione
795 3672 881 3740 atque
931 3666 1095 3721 hominibus
1109 3665 1240 3737 superbie
1252 3683 1346 3738 neque
1360 3667 1507 3723 iracundia
1520 3669 1627 3724 nationi
1646 3672 1748 3727 mulie·

64 3759 221 3825 inimicitia,
238 3766 269 3814 et
288 3760 569 3832 irreprehensibilem
583 3761 670 3817 fidem
684 3778 716 3817 nc
731 3778 879 3816 converse·
929 3777 1004 3815 rum.
1019 3760 1124 3815 Semeu
1142 3760 1293 3815 bominum
1311 3760 1501 3816 honorabitur
1510 3762 1563 3816 hoc
1577 3764 1654 3834 quod
1666 3765 1749 3821 timet

10 3918 13 3931 Ι
64 3853 166 3909 tionem
183 3852 251 3926 39
271 3853 384 3908 ducere.
401 3854 480 3909 Unde
498 3855 604 3927 placuit
620 3858 653 3909 ut
670 3871 687 3909 a
706 3855 878 3926 quibuscun-
929 3856 1029 3921 Deum,
1044 3868 1141 3908 semen
1162 3857 1258 3907 autem
1281 3853 1334 3907 hoe
1356 3853 1578 3909 exhonorabitur
1597 3854 1747 3911 hominum

65 3961 112 4018 que
126 3947 278 4018 jndicibus
298 3947 489 4002 ecclesiasticis
510 3949 546 4002 ad
571 3948 641 4003 alios
661 3948 772 4019 judices
795 3949 881 4004 eccle·
931 3947 1007 4019 quod
1021 3945 1149 4018 preterit
1168 3945 1303 4001 mandate
1321 3945 1445 4001 Domini.
1461 3948 1493 4003 lu
1510 3946 1607 4002 medio
1626 3949 1748 4005 fratrum

65 4039 197 4111 siasticos,
216 4040 268 4095 ubi
282 4046 326 4096 est
342 4041 436 4111 major
452 4042 607 4098 auctoritas
624 4042 658 4111 (si
673 4041 761 4097 luerit
774 4059 878 4114 provo·
930 4044 1024 4096 rector
1035 4040 1152 4095 illorum
1169 4039 1198 4095 in
1211 4039 1330 4109 honore,
1347 4043 1376 4094 et
1390 4040 1439 4111 qui
1457 4041 1562 4096 timent
1581 4040 1745 4114 Dominum,

65 4136 172 4205 catum),
196 4133 343 4189 audientia
362 4151 419 4189 non
439 4137 570 4206 negetur.
590 4136 661 4191 ilem
683 4136 880 4191 constituimus
930 4137 1015 4191 erunt
1032 4135 1063 4189 in
1085 4134 1173 4189 oculis
1194 4134 1263 4205 ejus.
1286 4133 1381 4189 Gloria
1400 4133 1521 4189 divitum
1542 4136 1748 4192 honoratorum

64 4227 127 4282 sient
140 4231 172 4283 et
186 4244 205 4282 a
218 4227 325 4283 sanctis
337 4228 482 4300 apostolis,
498 4244 656 4301 eorumque
672 4230 880 4285 successoribus
930 4234 959 4284 et
971 4244 1130 4299 pauperum
1140 4228 1228 4282 timor
1237 4227 1287 4282 Dei
1300 4232 1343 4282 est
1354 4244 1361 4282 :
1372 4226 1430 4283 noli
1443 4227 1585 4300 despicere
1600 4230 1747 4286 hominem

64 4319 205 4378 mercum
224 4322 385 4392 reperimus
406 4338 413 4376 τ
436 4324 459 4377 si
480 4322 544 4393 quis
565 4322 800 4395 metropolitanus
817 4323 877 4395 epi·
925 4323 1037 4394 justum
1057 4337 1224 4394 pauperem,
1243 4324 1272 4376 et
1288 4321 1347 4375 noli
1366 4321 1551 4394 magnificare
1573 4322 1665 4378 virum
1679 4341 1746 4396 pec·

64 4429 156 4488 scopus
174 4414 232 4470 nisi
252 4415 329 4486 quod
344 4415 525 4470 solummodo
539 4417 577 4471 ad
590 4416 739 4488 propriam
756 4416 880 4486 pertinet
929 4419 1054 4470 calorem
1081 4415 1209 4470 divitem.
1235 4416 1352 4486 llagnus
1378 4420 1421 4470 est
1450 4415 1558 4486 ludex,
1586 4420 1615 4471 et
1646 4422 1747 4488 potens

64 4509 224 4578 parochiam
237 4507 300 4564 sine
314 4508 433 4564 consilio
448 4513 476 4563 et
489 4510 635 4565 voluntate
650 4510 781 4564 omnium
796 4511 970 4584 com-Dest
996 4509 1125 4575 honore,
1154 4513 1183 4563 et
1212 4523 1272 4563 uon
1302 4513 1344 4563 est
1371 4508 1463 4579 major
1495 4508 1544 4563 illo
1582 4509 1631 4580 qui
1664 4510 1747 4567 timet

65 4602 278 4671 provincialium
304 4602 506 4675 episcoporum
542 4606 621 4658 extra
653 4602 762 4674 aliquid
793 4619 879 4674 agere
929 4604 1030 4658 Deum.
1051 4601 1139 4658 Servo
1164 4605 1277 4656 sensato
1294 4599 1377 4656 liberi
1401 4600 1541 4669 serviunt,
1567 4606 1597 4657 et
1615 4602 1659 4657 vir
1677 4620 1745 4675 pru-

66 4696 221 4761 tenlaverit,
243 4694 347 4767 graden
365 4696 409 4751 sui
424 4696 550 4768 periculo
569 4696 735 4767 subjacebit,
753 4699 783 4751 et
800 4696 879 4769 quod
931 4697 1001 4751 dens
1021 4699 1050 4751 et
1071 4694 1269 4767 disciplinatus
1292 4710 1349 4750 nou
1370 4694 1563 4751 murmurabit
1582 4702 1746 4769 correptus,

66 4789 150 4859 egerit
167 4789 288 4844 ἰιιιωιιι
305 4788 444 4845 habeatur
460 4794 489 4845 et
511 4805 642 4845 vacuum.
662 4789 717 4846 Sed
738 4790 879 4862 quidquid
930 4794 958 4846 et
980 4789 1086 4845 inscius
1110 4805 1167 4843 non
1197 4787 1396 4844 honorabitur.
1422 4787 1483 4842 Noli
1507 4792 1535 4843 te
1560 4789 1693 4846 extollere
1715 4791 1746 4845 in

65 4880 394 4954 dccomprovincialium
410 4883 642 4955 coepiscoporum
658 4883 750 4939 causis
764 4899 878 4939 corum-
929 4882 1058 4939 iaciendo
1082 4898 1170 4954 opera
1191 4884 1252 4947 tua,
1277 4887 1306 4937 et
1330 4880 1388 4936 noli
1411 4881 1537 4938 cunctari
1559 4883 1591 4939 in
1617 4886 1746 4957 tempore

67 4990 113 5044 quc
134 4975 324 5031 ecdcsiarum
345 4980 374 5032 et
398 4976 567 5032 clericorum
590 4981 676 5049 alque
701 4976 880 5034 saecularium
929 4976 1078 5048 angustie.
1100 4975 1200 5032 Melior
1223 4974 1337 5046 estqui
1361 4979 1497 5046 operatur
1517 4979 1545 5031 et
1565 4977 1693 5034 abundat
1716 4978 1745 5032 in

10 5050 12 5074 ⁵
67 5069 284 5138 necessitatibus,
308 5075 357 5126 aut
381 5070 418 5126 de
442 5071 658 5144 quibuscunque
682 5070 880 5126 communibus
930 5070 1063 5126 omnihus
1077 5086 1162 5143 quam
1180 5068 1229 5142 qui
1250 5068 1435 5140 gloriaturet
1453 5076 1519 5143 eget
1532 5087 1615 5144 pane.
1636 5072 1697 5143 Fili,
1716 5073 1747 5128 in

66 5164 148 5218 mnas
167 5179 256 5235 agere
272 5168 322 5219 aut
340 5163 491 5236 disponere
506 5181 619 5222 necesse
634 5165 728 5233 luerit,
747 5164 799 5221 hoc
814 5181 880 5221 cum
929 5163 1147 5220 mansuetudine
1164 5180 1242 5218 serva
1257 5164 1383 5219 animem
1398 5168 1479 5219 tuam
1501 5169 1529 5220 et
1547 5165 1584 5221 da
1604 5166 1645 5222 illi
1660 5167 1749 5221 hono·

67 5259 191 5314 omnium
203 5273 345 5314 consensu
357 5259 640 5332 comprovincialium
656 5262 758 5331 agatur
769 5257 880 5330 pontifi·
930 5275 992 5316 rem
1008 5257 1164 5314 secondum
1184 5257 1319 5312 meritum
1340 5274 1433 5313 suum.
1448 5260 1617 5316 Peccantem
1635 5260 1666 5314 in
1683 5258 1746 5313 ani-

66 5366 136 5421 tum,
155 5368 216 5407 non
237 5352 333 5425 aliquo
352 5353 556 5410 dominationis
573 5353 657 5423 iaetu,
678 5353 727 5409 sed
746 5352 880 5409 concordi
929 5369 1007 5409 mam
1030 5368 1110 5407 suam
1133 5351 1196 5423 quis
1208 5350 1396 5423 justificabit?
1415 5356 1444 5408 et
1465 5353 1529 5425 quis
1550 5350 1748 5409 honorificabit

67 5448 90 5497 el
109 5446 275 5502 humillima
295 5446 550 5518 administratione,
571 5447 644 5503 sicut
658 5447 798 5503 Dominus
815 5447 878 5502 ait:
930 5447 1157 5503 exhonorantem
1184 5444 1312 5500 animam
1340 5444 1446 5500 suam‘l
1469 5447 1581 5518 Pauper
1607 5443 1748 5515 gloriatur

67 5538 153 5594 «Non
164 5539 232 5595 veni
241 5540 407 5609 ministrari,
417 5541 467 5597 sed
480 5541 644 5598 ministrare
655 5541 750 5613 (Marc.
761 5557 787 5608 x,
800 5540 878 5612 45).»
929 5556 982 5613 per
997 5538 1174 5611 disciplinam
1191 5541 1220 5594 et
1237 5537 1371 5595 timorem
1390 5554 1484 5608 suum,
1499 5542 1528 5594 et
1541 5541 1583 5593 est
1599 5538 1685 5592 homo
1698 5536 1748 5609 qui

65 5629 94 5686 hl
114 5632 184 5689 alibi
204 5650 212 5689 :
231 5652 246 5685 s
267 5634 321 5698 Qui
342 5634 435 5707 major
455 5639 498 5691 est
517 5640 653 5706 vestrum,
676 5634 731 5690 erit
750 5634 881 5692 minister
930 5632 1259 5706 honorificaturpropter
1272 5631 1461 5688 substantiam
1474 5646 1563 5687 suam.
1575 5629 1629 5695 Qui
1643 5629 1748 5703 gloria·

63 5726 381 5800 calamochnus,
394 5728 632 5801 lllptetreliqus.
644 5728 880 5802 Similiteretipsi
929 5731 978 5784 tur
995 5727 1026 5783 iu
1045 5730 1223 5800 paupertate,
1242 5728 1349 5798 quanto
1367 5723 1458 5798 magis
1478 5723 1510 5781 in
1522 5722 1704 5781 substautia‘l
1724 5729 1759 5780 et

61 5820 316 5896 comprovinciales
334 5821 459 5898 episcopi
477 5825 579 5882 concta
596 5839 660 5881 cum
676 5823 737 5897 ejus
750 5822 876 5899 consilio,
928 5821 979 5900 qui
996 5822 1141 5900 gloriatur
1157 5822 1189 5884 in
1208 5821 1384 5895 substantia,
1397 5823 1611 5897 paupertatem
1624 5822 1783 5881 vereatur.
