3870 6150
126 272 194 326 tort
742 268 980 326 omnat'tssttlll
1000 268 1192 328 contactio.
1739 275 1808 330 tort

121 380 175 435 tibi
191 395 242 452 per
262 379 359 435 omnia
381 397 506 453 possum.
530 384 601 437 Ante
625 380 723 436 omnia
737 396 804 436 vero
825 379 943 453 patricia
952 389 982 464 Α
993 379 1070 436 hune
1087 382 1243 453 apostolica
1256 385 1344 439 fultus
1358 385 1443 456 juxta
1455 384 1530 438 viras
1542 399 1617 453 suas,
1632 386 1661 438 ot
1680 381 1807 438 fraterna
1898 378 1901 389 ”

121 475 228 530 infesta
244 473 317 529 mihi
334 478 405 543 erat,
421 491 454 530 eo
470 476 546 548 qnod
568 492 628 531 non
647 474 832 532 restituebam
853 477 942 530 Ante·
993 473 1177 532 dilectiones
1193 482 1290 533 sancta
1311 478 1450 551 religione
1471 494 1567 535 mores
1589 477 1722 549 proprios
1740 492 1807 532 con·

122 569 219 623 mium
233 568 344 623 dudum
364 568 561 642 patriarcham
581 569 941 641 constantinopolitanum,
992 584 1104 625 servm
1118 575 1147 626 et
1166 570 1196 626 in
1211 572 1410 629 communione
1431 572 1600 628 altsnrtrum
1620 570 1765 643 adjuvare,
1780 574 1809 625 et

122 678 212 735 quem
249 664 352 717 sanctae
388 663 534 718 memorie
576 662 714 735 agapitus
751 661 944 734 praedecessor
991 663 1021 718 iu
1032 663 1170 720 charitate
1178 681 1359 737 permanere,
1369 669 1398 721 et
1406 666 1457 722 Dei
1467 664 1607 722 voluntati
1615 663 1810 721 indesinenter

123 773 207 813 meus
226 757 285 812 suis
304 755 414 812 meritis
438 756 593 812 damnavit.
614 757 737 830 Urgente
754 771 867 828 qnoque
881 755 943 827 ejus
991 757 1125 814 studeant
1148 758 1302 829 inhaerere,
1323 764 1353 815 ut
1373 761 1458 816 simul
1482 759 1632 815 laudantes
1652 758 1807 814 Dominum

119 851 249 922 jussione
280 851 412 907 exierunt
442 851 561 922 quidam
592 851 656 906 falsi
696 852 782 907 testes
817 849 943 906 dicentm
992 850 1808 926 indelessasilligratiassemperagamus.vsleinchristo

124 945 276 1001 adversum
298 961 345 999 rne
368 944 500 1012 crimina,
516 960 640 1017 quorum
656 945 796 1016 particeps
811 960 872 999 non
890 944 940 1000 lui.
992 962 1116 1017 semper,
1134 952 1163 1002 et
1176 946 1314 1018 praedicta
1327 950 1415 1019 prout
1433 947 1536 1003 melius
1556 947 1673 1019 poteris,
1688 945 1807 1003 Domino

124 1038 220 1113 267
236 1038 292 1095 Sed
307 1038 377 1093 dum
396 1038 479 1093 multi
501 1038 531 1094 iu
553 1039 654 1095 eadem
673 1039 854 1095 accusatione
875 1055 941 1111 per·
991 1040 1175 1112 operarente,
1186 1040 1355 1113 adimplere,
1367 1041 1530 1114 etreliquos
1544 1039 1807 1112 lratresapostolica

123 1134 269 1202 sisterent,
280 1133 379 1188 timuit
391 1132 539 1188 lulisarius
552 1133 688 1204 patricius
703 1138 808 1201 noster,
823 1136 852 1189 et
863 1149 942 1189 man-
991 1136 1159 1191 auctoritate
1175 1135 1331 1191 informare
1346 1136 1468 1191 studeto.
1489 1138 1556 1192 llata
1574 1152 1601 1191 ιιι
1616 1134 1735 1189 Kalend.
1752 1133 1807 1189 llb-

124 1226 202 1282 dsvit
213 1241 262 1281 me
274 1226 311 1281 ad
325 1242 354 1282 se
364 1225 461 1281 venire
475 1226 591 1297 pacifice
607 1243 659 1298 pro
674 1226 846 1299 quibusdam
855 1226 942 1282 eccle·
992 1229 1123 1297 cambris,
1138 1229 1298 1285 iustiniano
1311 1231 1333 1283 V
1348 1233 1378 1285 et
1389 1230 1517 1285 lulisano
1533 1230 1564 1283 tv
1577 1227 1752 1284 consulibus.

123 1319 245 1375 siasticis
266 1319 498 1391 dispositionibus
511 1321 541 1375 iu
561 1320 699 1392 palatium
714 1320 851 1392 principis
863 1323 892 1376 et
905 1320 942 1375 ad
1063 1325 1187 1394 Epistola
1203 1324 1314 1381 silverii
1328 1339 1411 1395 popa
1425 1325 1463 1379 ud
1479 1324 1611 1394 Vigilium
1623 1337 1735 1392 popam.

122 1415 251 1486 primum
264 1419 293 1468 ct
303 1413 461 1469 secundum
471 1415 566 1470 velum
578 1414 696 1470 retinuit
707 1430 823 1469 omnem
832 1415 941 1470 clerum
1027 1416 1170 1473 Srnvnmus
1183 1418 1334 1489 episcopus
1346 1418 1464 1474 Vrcnro.

124 1511 153 1562 et
164 1508 304 1580 populum
314 1507 362 1579 qui
374 1523 488 1563 mecum
497 1507 640 1576 veniebat,
651 1508 801 1564 etnullum
810 1508 942 1580 permisit
1026 1511 1119 1567 llultis
1134 1515 1161 1567 te
1175 1511 1449 1582 transgressionibus
1463 1511 1607 1566 irretitum
1626 1508 1809 1565 sacerdotalis

120 1588 257 1672 introire,
266 1602 378 1656 nisime
388 1601 480 1656 solum
490 1602 662 1675 etVigilium
671 1601 818 1658 meconem
829 1617 940 1658 meum.
987 1603 1809 1677 J'amdndumnovitgeneralitas.thuiacruciatuslcruen·

123 1695 166 1749 lle
176 1711 244 1750 vero
258 1694 284 1748 vi
300 1698 423 1762 retento,
433 1700 462 1750 et
475 1700 541 1751 ante
552 1695 719 1766 praedictam
731 1695 884 1768 patriciam
893 1695 941 1751 de·
990 1698 1036 1773 tis]
1053 1699 1181 1755 humano
1194 1700 1334 1771 sanguine
1349 1698 1481 1754 manibus
1496 1696 1690 1754 decessoribus
1703 1695 1809 1752 nostris

124 1789 210 1843 dirrto
226 1789 367 1844 miserunt
382 1789 411 1843 in
427 1788 570 1856 exsilium,
585 1790 615 1843 in
628 1805 685 1861 qno
699 1789 786 1845 modo
799 1793 942 1846 sustentor
951 1763 980 1836 Β
990 1792 1147 1864 pervicacia
1156 1796 1204 1847 tua
1213 1791 1372 1864 subripiens
1380 1791 1497 1847 leviticis
1505 1789 1720 1864 praesumpseris
1726 1805 1809 1844 encu-

123 1899 197 1954 pana
209 1882 401 1937 tribulationis
414 1887 442 1938 et
451 1899 527 1954 aqna
539 1883 688 1954 angustia.
701 1884 760 1955 Ego
772 1887 870 1939 tamen
880 1900 942 1955 pro
990 1886 1217 1958 baremysteriis,
1226 1886 1357 1959 plerique
1367 1886 1499 1941 noverint
1510 1885 1648 1941 lidelium.
1659 1884 1731 1939 Nam
1742 1882 1810 1955 quia

122 1983 223 2048 pterea
237 1993 296 2031 non
312 1976 407 2031 dimisi
422 1992 477 2032 nec
490 1976 604 2032 dimitto
624 1975 749 2033 officium
768 1993 878 2048 meum,
893 1978 941 2032 sed
991 1983 1090 2036 contra
1102 1981 1170 2051 jura
1191 1979 1324 2035 canonica
1344 1979 1522 2051 temporibus
1535 1981 1642 2035 sancte
1660 1975 1808 2033 memoriae

121 2086 189 2125 cum
203 2070 343 2142 episcopis
357 2086 428 2142 quos
445 2084 624 2141 congregare
642 2071 734 2142 potui,
750 2086 797 2126 eos
811 2071 861 2144 qui
874 2071 942 2126 talia
992 2074 1128 2129 Boniiacii
1151 2090 1241 2146 papae,
1261 2074 1323 2146 ipso
1344 2073 1454 2129 vivente
1479 2089 1621 2129 successor
1644 2072 1707 2142 ejus
1731 2069 1806 2126 dasi-

123 2180 196 2236 erga
208 2181 254 2221 me
268 2168 392 2235 egerunt
410 2164 659 2232 anathematizavi;
675 2170 704 2220 et
722 2181 779 2220 una
798 2180 865 2220 cum
887 2164 942 2220 illis
992 2167 1074 2239 gnari
1086 2167 1242 2237 conabaris,
1255 2167 1310 2223 nisi
1323 2167 1375 2223 tibi
1389 2166 1559 2239 amplissimi
1572 2169 1690 2222 senatus
1701 2163 1808 2219 obvias-

123 2258 280 2331 apostolica
287 2258 417 2330 synodali
425 2259 595 2314 anctoritate
603 2258 689 2315 statui
698 2259 942 2331 nullumnnquam
992 2266 1035 2317 set
1045 2261 1165 2333 justitia,
1181 2265 1247 2316 tuuc
1261 2261 1439 2332 providentia
1460 2259 1595 2333 pastorali
1615 2259 1742 2329 auspicia
1759 2261 1809 2312 tua

122 2353 220 2408 taliter
233 2351 435 2424 decipiendum
450 2351 521 2407 sicut
534 2352 667 2423 deceptus
679 2368 752 2421 sum,
764 2353 825 2407 etsi
840 2352 943 2423 aliquis
992 2355 1147 2426 pontisscali
1158 2355 1326 2410 auctoritate
1337 2355 1508 2411 exsecranda
1517 2354 1577 2425 jam
1592 2352 1752 2409 debuerant
1761 2351 1810 2406 de·

123 2446 258 2517 deinceps
271 2446 362 2500 ullum
376 2462 507 2517 unquam
522 2445 721 2517 episcoporum
736 2445 774 2501 ita
787 2445 940 2517 deciperet,
991 2448 1129 2505 truncari.
1143 2448 1199 2504 Sed
1212 2448 1281 2503 dum
1296 2464 1414 2520 parvum
1429 2448 1529 2503 vulnus
1552 2447 1581 2501 in
1602 2449 1630 2502 te
1643 2446 1809 2517 neglectum

122 2539 278 2594 anathema
291 2539 461 2595 maranatha
473 2539 555 2596 lleret
567 2540 597 2594 iu
611 2544 762 2612 conspectu
776 2539 826 2595 llei
836 2543 941 2595 etsau-
992 2548 1044 2612 est,
1069 2541 1227 2598 insanabile
1249 2542 1372 2597 accrevit
1392 2546 1545 2613 apostema,
1559 2539 1637 2611 quod
1658 2538 1711 2594 nisi
1734 2538 1810 2595 ferro

122 2637 236 2689 ctorum
248 2633 428 2705 angelorum.
443 2633 581 2690 Similiter
591 2639 755 2689 sauctorum
768 2635 883 2689 Patrum
899 2650 941 2688 ro
992 2636 1078 2692 altius
1098 2635 1289 2702 abscindatur,
1303 2637 1498 2691 fomentorum
1521 2633 1626 2690 sentire
1641 2649 1699 2687 non
1714 2635 1809 2704 potest

121 2727 262 2783 borantcs
276 2726 390 2782 decreta
403 2727 565 2796 statuimus,
579 2727 645 2783 licet
657 2726 878 2799 saepissimejam
888 2730 942 2782 sta-
991 2729 1182 2786 medicinam:
1197 2729 1304 2801 quippe
1313 2729 1363 2800 qui
1373 2726 1543 2801 nequissimi
1555 2726 1670 2798 spiritus
1679 2725 1807 2791 audacia,

121 2827 219 2878 tutum
233 2821 330 2889 luerit,
344 2837 397 2876 nec
411 2822 507 2888 falsos,
524 2837 576 2877 nec
590 2821 723 2876 inimicos
736 2826 880 2893 suspectos
895 2838 939 2876 ac·
992 2823 1155 2880 ambitionis
1175 2822 1311 2879 frenesim
1331 2821 1503 2894 concipiens,
1516 2821 1546 2876 in
1564 2820 1641 2876 illius
1659 2818 1809 2892 apostolici

122 2920 265 2971 cusatores
278 2916 321 2970 vel
334 2919 420 2971 testes
431 2931 560 2986 unquam
570 2931 656 2986 super
670 2915 817 2986 episcopos
826 2915 939 2987 suscipi,
991 2918 1094 2974 medici
1119 2917 1165 2973 cui
1185 2917 1296 2972 ammas
1318 2914 1426 2988 ligandi
1448 2912 1634 2985 solvendique
1655 2913 1758 2968 collata
1778 2915 1807 2967 et

122 3011 222 3082 cisque
245 3026 349 3065 nocere
372 3010 538 3065 nullatanus
559 3025 652 3081 posse,
676 3008 745 3080 quia
770 3009 868 3064 falsam
892 3014 943 3064 aut
991 3027 1123 3067 concessa
1148 3013 1275 3083 potestas
1299 3013 1352 3079 est,
1376 3008 1496 3065 versaris
1517 3006 1732 3074 contumeliam,
1754 3021 1809 3059 no-

122 3104 253 3159 odiosam
264 3119 364 3158 vocem
375 3108 425 3158 aut
442 3103 584 3158 funestum
600 3103 694 3175 potius
710 3101 841 3157 interdici
855 3118 942 3174 quam
951 3132 980 3208 C
990 3122 1115 3177 rumque
1128 3105 1219 3160 scelus
1237 3105 1267 3159 iu
1286 3102 1440 3175 apostolica
1459 3101 1526 3157 sede
1539 3117 1637 3156 rursus
1653 3099 1754 3155 nitaris
1770 3099 1811 3154 in·

120 3198 215 3253 audiri
237 3197 340 3253 sancus
361 3196 493 3252 Patribus
514 3197 631 3268 placuit.
655 3196 852 3269 summopere,
871 3197 940 3252 cba-
990 3199 1094 3255 ducere
1117 3202 1146 3252 et
1165 3199 1195 3252 iu
1222 3212 1301 3251 more
1325 3196 1457 3263 Simonis,
1481 3195 1561 3266 cujus
1586 3193 1756 3264 discipulum
1778 3197 1808 3249 tc

121 3292 247 3359 rissirne,
262 3292 333 3347 tales
347 3291 465 3347 cavendi
478 3295 555 3359 sunt,
571 3295 599 3347 et
614 3290 762 3347 avertendi
773 3295 860 3362 atque
872 3291 939 3362 reji·
990 3291 1115 3348 ostendis
1124 3291 1268 3362 operibus,
1281 3290 1349 3344 data
1359 3289 1488 3361 pecnnia,
1503 3292 1513 3311 ·
1526 3304 1621 3360 neque
1634 3285 1749 3357 repulso
1759 3286 1809 3358 qui

121 3385 227 3452 ciendi,
237 3386 264 3444 si
278 3389 416 3440 nocentes
429 3383 626 3456 apparuerint,
641 3384 779 3456 quianon
796 3385 889 3439 solum
898 3400 941 3440 ec·
989 3387 1103 3443 favente
1116 3384 1235 3441 Domino
1246 3383 1335 3439 tribus
1343 3384 1406 3455 Jam
1415 3382 1524 3454 jugiter
1537 3381 1659 3437 emensis
1669 3379 1808 3451 tempori·

122 3478 297 3546 clesiasticae,
312 3478 363 3534 scd
381 3479 467 3534 etiam
486 3478 582 3533 saeculi
601 3479 679 3550 leges
696 3479 769 3534 tales
781 3494 840 3535 uon
854 3478 940 3533 susci·
990 3481 1044 3536 bus
1055 3480 1081 3537 ei
1094 3478 1227 3551 prasidio
1240 3482 1370 3549 tempora
1384 3492 1450 3531 mea
1463 3475 1562 3531 nitaris
1576 3473 1721 3530 invadere.
1733 3473 1809 3528 llabe

122 3574 217 3645 piunt,
231 3573 279 3628 sed
294 3573 451 3644 repellunt3
470 3572 548 3627 unde
567 3571 703 3644 scriptum
723 3576 786 3627 est:
804 3572 868 3627 «Os
883 3571 939 3627 im·
992 3589 1061 3645 argo
1075 3588 1141 3628 cum
1155 3572 1199 3627 his
1214 3571 1265 3644 qui
1277 3570 1330 3626 tibi
1343 3569 1525 3626 consentiunt
1539 3584 1630 3640 poena
1645 3565 1807 3623 damnatio·

121 3668 237 3740 piorum
262 3666 382 3722 devorat
402 3666 582 3738 iniquitatem
607 3666 697 3737 (Pron.
720 3682 775 3733 nx,
800 3667 859 3738 28),
877 3687 890 3715 u
913 3669 942 3722 et
991 3668 1094 3740 nisque
1108 3666 1292 3734 sententiam,
1306 3665 1508 3737 sublatumque
1520 3662 1571 3719 tibi
1586 3677 1689 3718 nomen
1703 3665 1807 3718 etmu-

123 3762 263 3817 [lominus
285 3777 337 3833 per
361 3761 532 3833 prophetam
554 3759 682 3832 loquitur
705 3759 802 3816 dicens
818 3777 825 3815 :
840 3779 855 3811 u
870 3761 942 3815 cum
990 3779 1045 3819 nus
1063 3759 1213 3817 ministerii
1232 3757 1410 3815 sacerdotalis
1433 3773 1555 3829 agnosce
1577 3754 1667 3811 sancti
1688 3753 1809 3825 Spiritus

123 3859 223 3911 sancto
236 3860 351 3911 sanctus
364 3855 430 3923 eris,
446 3859 475 3911 et
487 3870 553 3910 cum
566 3853 625 3909 viro
637 3854 791 3909 innocente
806 3853 939 3910 innocen·
987 3856 1106 3929 judicio,
1121 3859 1150 3911 et
1161 3853 1346 3927 apostolicas
1361 3850 1443 3907 nobis
1459 3849 1628 3907 auctoritate
1642 3849 1807 3903 damnatus.

123 3956 169 4004 ter
183 3950 253 4021 agis.
270 3952 342 4007 Cum
365 3949 455 4006 electo
475 3949 580 4003 electus
600 3948 668 4018 eris,
684 3952 791 4004 etcum
807 3965 941 4020 perverso
992 3952 1035 4008 Sic
1047 3949 1126 4006 enim
1137 3948 1220 4004 decet
1232 3946 1320 4003 fidem
1331 3951 1493 4002 sanctorum
1505 3946 1622 4000 Petrum
1641 3943 1670 3997 in
1686 3940 1810 3999 Ecclesia

121 4044 295 4115 perverteris
310 4044 347 4114 (ll
363 4047 426 4112 Περ.
449 4059 515 4111 ιιιι,
531 4043 589 4114 roh
607 4047 635 4098 et
653 4042 806 4115 Apostolus
828 4043 939 4114 iuquit:
992 4045 1097 4102 servari
1112 4042 1261 4112 catholica,
1275 4045 1307 4096 ut
1328 4040 1404 4113 quod
1428 4038 1530 4095 hebuit
1551 4037 1674 4105 amittat,
1689 4033 1739 4108 qui
1753 4034 1807 4090 im·

125 4162 138 4188 «ι
153 4140 322 4194 Pervertunt
335 4153 428 4193 mures
439 4136 527 4192 bonos
540 4135 681 4208 colloquia
695 4138 770 4193 mala
784 4138 807 4205 (l
819 4140 879 4195 cor.
895 4153 941 4206 xv,
992 4138 1133 4213 probabili
1147 4136 1306 4193 temeritate
1320 4134 1399 4207 quod
1419 4149 1477 4188 non
1491 4131 1601 4204 accepit
1613 4127 1808 4201 assumpserit.

124 4233 186 4303 33);
201 4254 215 4281 u
229 4231 345 4300 idcirco,
359 4231 463 4302 utjam
479 4229 662 4302 praelibatum
680 4235 733 4297 est,
747 4229 815 4285 mali
829 4246 944 4303 semper
992 4235 1060 4289 Data
1082 4236 1179 4288 octavo
1198 4229 1320 4286 Kalend.
1343 4227 1408 4284 tulii
1430 4225 1563 4298 principii
1583 4222 1686 4280 basilii.
1709 4220 1811 4278 Callus

123 4325 253 4395 cavendi,
270 4328 300 4379 et
313 4325 395 4380 bonis
415 4328 500 4397 atque
514 4324 658 4379 benevolis
674 4327 717 4380 est
730 4323 941 4392 inherendum,
993 4326 1127 4383 silverius
1139 4340 1214 4397 papa
1222 4322 1304 4378 urbis
1317 4327 1433 4379 aeternae
1444 4319 1511 4375 huic
1521 4318 1638 4374 decreto
1647 4315 1811 4372 anathema·

123 4424 157 4474 ut
175 4419 334 4491 periculum
356 4418 480 4486 desidiae,
498 4421 640 4490 quantum
661 4434 822 4489 possumus,
837 4417 941 4474 devite·
993 4420 1028 4475 tis
1040 4420 1071 4474 iu
1085 4419 1188 4490 vigilio
1203 4431 1357 4489 pervasore
1370 4415 1456 4484 facto,
1471 4413 1508 4469 ud
1522 4412 1619 4468 omnia
1628 4413 1734 4467 statuta
1746 4425 1812 4464 con-

124 4530 190 4569 rnus
198 4531 207 4582 ;
221 4519 249 4568 et
265 4530 302 4567 ne
321 4512 407 4584 pestis
422 4512 484 4567 brec
504 4512 586 4567 latius
607 4511 780 4583 divulgetur,
795 4504 983 4578 severitatel)
994 4529 1111 4570 sensum
1122 4511 1251 4583 praebens
1265 4508 1418 4580 subscripsi
1431 4506 1550 4578 pariter,
1565 4507 1594 4560 et
1613 4508 1736 4576 quatuor
1748 4502 1809 4574 epi·

124 4625 185 4680 qua
199 4623 349 4679 possumus
364 4607 575 4675 abscindamus,
589 4605 725 4678 quoniam
746 4622 805 4661 non
825 4606 942 4661 temeri-
993 4607 1072 4678 scopi
1093 4605 1330 4676 subscripserunt,
1345 4601 1375 4656 id
1392 4605 1444 4667 est,
1457 4596 1678 4667 Terrocinansis,
1698 4595 1810 4651 Fundu-

125 4701 335 4757 tasiuterveuit
348 4699 577 4772 praesumptionis
586 4699 634 4754 ubi
646 4703 688 4754 est
696 4699 847 4770 diligentia
856 4700 944 4772 pietu-
992 4718 1056 4770 uns,
1081 4697 1234 4755 Firmensis
1257 4702 1286 4752 et
1306 4692 1494 4752 lleterrensis.
1520 4693 1589 4747 llata
1610 4691 1662 4746 ista
1682 4690 1812 4746 chartula

123 4798 170 4850 tis.
183 4799 257 4867 ligat
267 4810 381 4866 semper
394 4794 588 4866 unusquisque
602 4797 728 4849 vestrum
742 4792 794 4848 hac
807 4793 943 4849 informa·
993 4812 1044 4866 per
1057 4792 1236 4851 anastasium
1255 4788 1472 4845 subdiaconum.

427 5183 715 5279 lNClPlUN'l'
765 5177 1027 5276 DECRETA
1078 5178 1279 5275 VlGlLll
1332 5176 1516 5270 PAPAE.

164 5545 188 5595 l.
204 5541 242 5596 lle
258 5541 477 5597 priscillianistis
491 5539 541 5610 qui
553 5538 589 5593 ab
611 5553 660 5591 esu
683 5536 811 5592 carnium
831 5551 860 5591 se
876 5535 948 5591 snb:
1029 5537 1056 5591 l.
1069 5536 1108 5590 lle
1124 5533 1310 5591 ecclesiarum
1323 5527 1530 5587 restauratione
1544 5523 1751 5580 infabricisvel
1765 5524 1812 5579 ‹le-

120 5635 256 5691 trabunt.
995 5628 1135 5685 dicatione
1148 5628 1217 5701 quid
1238 5626 1276 5683 sit
1287 5621 1504 5682 observandum.

159 5734 188 5783 r.
205 5730 243 5783 lle
256 5729 331 5783 trinu
346 5729 498 5783 mersione.
1030 5727 1056 5779 5.
1070 5725 1109 5779 De
1122 5722 1236 5778 Pascha
1249 5719 1400 5776 festivitate
1413 5720 1442 5772 et
1454 5729 1571 5787 precum
1585 5713 1687 5770 ordine
1702 5729 1735 5768 ac
1748 5712 1812 5769 mia

161 5829 188 5878 3.
204 5822 300 5878 lichia
313 5821 364 5894 qni
376 5821 411 5876 ab
424 5821 535 5876 Arianis
548 5820 654 5876 iterum
667 5817 860 5890 baptizantur.
994 5832 1091 5875 sarum
1106 5815 1260 5874 solemniis.
