3870 6150
123 220 174 278 tut
563 220 705 276 APPEND.
726 222 770 275 Ab
788 222 869 276 SAEC.
891 221 933 274 lli.
950 249 983 258 —
1004 219 1128 275 lsraeltl
1146 220 1361 279 abaciacum

125 324 259 385 Faustino
273 329 400 383 ecclcsiae
414 327 571 383 Potentinae
584 328 736 399 provincie
752 327 836 384 ltalia
846 327 940 384 Piceni
952 343 981 415 Α
1027 329 1071 383 lll.
1087 329 1155 385 item
1172 327 1288 397 placuit,
1300 326 1526 398 quotiescunque
1550 325 1660 383 clericis

124 423 219 493 legato
252 422 388 476 Romanas
418 422 566 490 Ecclesiae,
600 422 747 476 Vincentio
778 422 939 490 culusiano,
990 421 1129 476 sutoribus
1149 421 1239 475 multa
1263 420 1383 475 crimina
1405 420 1589 491 objiciuntur,
1605 424 1670 476 cta

125 515 327 570 Fortunatiano
356 515 552 586 Neapolitano,
577 515 722 570 ldauriano
746 514 939 586 Uzipparensi,
989 514 1057 584 ipsis
1071 513 1106 568 de
1120 530 1175 585 quo
1189 513 1266 583 prius
1282 513 1383 585 egerit,
1397 513 1517 585 probare
1540 530 1600 571 non
1620 513 1669 570 vol

125 608 268 663 adeodato
290 607 434 675 Simidico,
450 607 586 662 Pentadio
608 608 774 678 Carpitauo,
788 606 940 663 Rufiniauo
990 611 1091 662 cratera
1105 623 1163 661 non
1182 606 1359 663 admittatur.

125 701 279 771 ilamensi,
301 703 457 757 Praetexato
480 700 649 770 sicilibensi,
670 699 867 765 Quodvultdco
886 702 939 754 Vc·
1024 701 1288 756 lasesscentem
1306 700 1550 757 adtestimonium
1569 717 1630 757 nou
1649 718 1670 757 a

125 796 210 863 rensi,
226 795 353 851 Candido
369 794 525 862 abiritano,
542 794 708 850 Galloniano
723 794 845 850 Uticensi
861 795 938 865 lega·
990 794 1051 860 dos,
1061 793 1110 864 qui
1126 810 1177 848 nec
1187 794 1224 848 ad
1234 784 1442 850 accusationem
1455 795 1566 851 admitti
1580 811 1670 867 prece

124 890 170 958 tis,
187 888 341 961 provincie
358 889 508 956 Numidia,
523 888 742 959 proconsularis,
755 887 866 959 Alippio
888 889 939 942 Ta·
992 888 1034 943 vel
1047 887 1134 943 otiam
1148 904 1218 958 quos
1231 888 1291 959 ipse
1313 891 1461 944 accusator
1473 889 1509 943 de
1522 890 1607 944 donin
1628 905 1670 944 sur

126 982 217 1055 gensi,
234 982 392 1054 Augustino
405 983 535 1053 Hippone
549 981 691 1053 Regiensi,
709 988 737 1037 et
751 981 876 1037 Possidio
892 981 941 1036 Ca·
990 980 1073 1049 xcrit,
1090 981 1124 1036 ad
1140 981 1336 1037 testimonium
1358 987 1456 1038 aulem
1470 982 1544 1037 infra
1562 998 1655 1041 annos

124 1076 246 1132 tarnensi
275 1075 378 1148 legatis
412 1074 564 1146 provinciae
595 1075 746 1141 Numidica,
772 1073 941 1131 Maximiano
990 1074 1082 1131 decim
1096 1075 1187 1129 aeatis
1202 1092 1261 1130 sun
1276 1076 1543 1132 nonadmittantur.

126 1169 294 1243 Aquiregni,
309 1169 435 1224 Jocundo
450 1169 633 1236 Suffitulensi,
646 1174 673 1224 et
688 1168 813 1224 llilau'no
828 1169 942 1223 llerrco
1025 1170 1057 1222 V.
1086 1169 1156 1223 ltem
1179 1170 1299 1239 placuit,
1324 1173 1355 1224 ut
1379 1169 1404 1224 si
1428 1170 1542 1240 quando
1564 1170 1670 1242 episcop

125 1262 253 1319 colorum
274 1263 375 1333 legatis
396 1262 549 1333 provincias
568 1262 740 1331 bizancenae,
754 1262 861 1318 Novato
874 1261 940 1317 Siti·
990 1261 1178 1333 aliquemsibi
1192 1263 1402 1335 soliproprium
1416 1263 1621 1318 crimenfuisse
1633 1280 1670 1319 co:

124 1356 208 1425 tensi,
231 1360 260 1411 et
280 1356 375 1411 Leone
399 1357 516 1428 Optensi
539 1356 641 1427 legatis
662 1355 816 1427 provinciae
838 1355 939 1412 Nauri·
990 1360 1076 1426 atque
1090 1354 1246 1427 illeneget,
1264 1374 1319 1411 non
1335 1360 1416 1428 putet
1439 1356 1475 1411 ad
1498 1357 1633 1428 injuriam
1654 1374 1669 1412 s

122 1450 210 1506 taniae
232 1450 382 1518 Sitifensis,
397 1450 504 1505 Nivello
531 1449 696 1518 Rusurensi,
712 1448 864 1505 Laurentio
887 1450 942 1504 lco·
991 1465 1091 1520 scopus
1112 1449 1266 1520 pertinere,
1280 1450 1357 1521 quod
1377 1450 1418 1504 illi
1439 1451 1492 1505 soli
1513 1466 1570 1507 non
1590 1449 1669 1505 credi

125 1545 266 1612 sitano,et
275 1544 447 1599 Numeriano
459 1543 651 1615 Nusgumensi
664 1543 777 1614 legatis,
788 1542 941 1614 provincia
992 1543 1125 1615 scrupulo
1139 1543 1264 1615 propria
1279 1544 1458 1599 conscientie
1470 1560 1499 1599 se
1513 1544 1584 1599 dixit
1599 1560 1670 1615 nega

124 1637 298 1694 Mauritaniae
321 1636 508 1706 cesariensis,
522 1636 558 1690 ab
580 1635 719 1691 universis
730 1635 846 1691 concilio
862 1635 940 1707 judi·
992 1637 1213 1704 communicare,
1231 1637 1369 1708 quamdiu
1390 1638 1640 1693 excommunicato
1656 1653 1670 1692 n

125 1730 204 1786 cibus
218 1729 333 1785 delectis
351 1729 508 1785 astantibus
526 1728 693 1785 diaconibus
714 1729 897 1795 consedisset,
914 1715 979 1786 ctB
990 1729 1179 1785 manicaverit
1193 1746 1259 1785 suus
1272 1731 1421 1802 episcopus
1434 1731 1527 1786 cidem
1539 1731 1670 1803 episcopo

125 1823 294 1897 quibusdam
309 1824 431 1895 peractis
450 1824 533 1879 multi
555 1822 678 1894 episcopi
693 1827 860 1879 cateromm
874 1839 939 1894 pcr-
990 1841 1047 1878 non
1057 1824 1285 1879 communicetur
1295 1824 1445 1895 episcopis,
1455 1827 1487 1878 ut
1495 1824 1586 1895 magis
1596 1840 1670 1880 caver

122 1919 298 1990 agendorum
310 1934 404 1972 moras
416 1934 445 1973 se
457 1922 711 1988 conquaererentur
726 1916 865 1972 sustinere
882 1933 941 1971 non
990 1933 1053 1989 pus,
1070 1934 1106 1972 ne
1121 1918 1197 1972 dicat
1208 1916 1238 1972 in
1254 1934 1428 1988 quemquam
1450 1917 1527 1990 quod
1547 1919 1609 1973 aliis
1630 1919 1670 1974 do

123 2029 217 2084 posse,
230 2014 259 2066 et
279 2013 313 2067 ad
333 2012 463 2082 proprias
487 2010 619 2066 ecclesias
641 2010 821 2076 festinarent,
836 2009 942 2081 placuit
991 2010 1160 2066 convincere
1180 2027 1236 2064 non
1254 2016 1354 2081 potest.
1377 2013 1410 2066 Et
1432 2011 1661 2083 subscripsemnt

125 2106 257 2161 universo
284 2105 413 2171 concilio,
434 2109 465 2159 ut
489 2105 524 2158 ab
546 2104 679 2157 omnibns
704 2103 881 2175 eligerentur
905 2103 941 2157 de
992 2104 1277 2175 episcopusecclesiae
1292 2105 1532 2176 Carthaginensis,
1546 2105 1671 2161 Faustini

127 2198 247 2269 singulis
259 2197 419 2268 quibusque
434 2195 596 2267 provinciis,
612 2195 662 2266 qui
677 2202 794 2267 propter
806 2195 862 2250 alia
876 2212 940 2266 per·
991 2197 1059 2250 tinae
1070 2196 1224 2267 provinciae
1237 2197 1342 2262 Piceni,
1356 2197 1486 2269 Alippius
1498 2198 1670 2269 Tagastensis

126 2290 238 2362 agenda
249 2290 418 2356 residerent,
428 2294 456 2344 ct
469 2289 575 2343 facturn
590 2294 632 2342 est
645 2293 676 2342 ut
692 2288 721 2343 hi
731 2288 940 2360 adessentquo·
992 2289 1143 2360 provincias
1155 2290 1306 2355 Numidiae,
1321 2291 1495 2361 hrrgustinus
1509 2292 1647 2363 llipponae
1661 2292 1670 2346 l

126 2401 191 2440 rum
204 2382 423 2454 subscriptiones
437 2398 485 2438 eos
500 2381 623 2437 adfuisse
638 2385 786 2436 testantur.
992 2382 1100 2452 legatus
1124 2382 1266 2437 Numidiae
1295 2384 1457 2454 provincia,
1485 2383 1628 2438 Possidius
1659 2401 1670 2440 r

160 2479 223 2534 Cia.
237 2478 257 2532 l.
276 2476 451 2548 placuitque,
473 2474 613 2548 quoniam
634 2475 829 2546 superioribus
848 2475 941 2530 conci·
992 2476 1167 2532 eclanensis
1193 2477 1301 2547 legatus
1328 2476 1481 2547 provinciae
1509 2477 1662 2546 Numidiae,

128 2573 231 2627 tiorum
245 2569 365 2626 decretis
376 2570 412 2626 de
426 2569 554 2641 personis
564 2586 627 2641 quae
638 2568 821 2625 admittendae
831 2569 942 2624 suntad
993 2568 1129 2624 Sitifensis
1141 2570 1252 2640 legatus
1276 2571 1427 2641 provinciae
1447 2571 1585 2641 ejusdem,
1600 2572 1656 2626 Leo

124 2665 331 2720 accusationem
355 2663 523 2718 clericorum
547 2663 609 2733 jam
632 2662 816 2718 constitutum
837 2667 889 2730 est,
914 2665 944 2718 et
992 2663 1103 2732 legatus
1125 2663 1278 2734 provinciae
1301 2664 1475 2720 Mauritania
1503 2664 1652 2734 Sitifensis,

127 2776 192 2830 quae
204 2774 333 2829 personae
346 2773 405 2812 non
423 2757 613 2812 admittantur
628 2758 691 2827 jam
709 2772 875 2827 expressum
890 2760 942 2825 est,
994 2755 1058 2810 nius
1078 2755 1302 2827 Uzipparitanus,
1326 2758 1463 2812 liufranus
1489 2757 1634 2825 itacensis,
1658 2758 1670 2821 t

126 2852 234 2907 idcirco
254 2850 405 2906 definimus
431 2866 498 2905 eum
521 2850 575 2904 rite
594 2848 632 2905 ad
655 2849 864 2905 accusationem
884 2866 944 2905 non
995 2848 1064 2904 deus
1082 2849 1220 2917 Verensis,
1235 2850 1378 2904 Candidus
1400 2851 1564 2905 abiritanus
1585 2852 1670 2907 Germ

125 2944 250 3011 admitti,
267 2943 315 3015 qui
336 2947 522 3014 posteaquam
541 2943 801 2999 excommunicatus
813 2943 900 2998 fuerit
913 2942 944 2998 in
993 2958 1068 3011 rum,
1083 2942 1266 2998 Gallunianus
1287 2944 1435 3011 Uticensis,
1448 2944 1589 3000 Jocundus
1608 2944 1670 3002 sna

125 3040 187 3109 ipsa
207 3037 301 3093 adbuc
324 3036 621 3093 excommunicatione
645 3037 823 3106 constitutus,
838 3037 894 3094 sive
908 3038 945 3092 sit
996 3038 1077 3106 gatus
1106 3036 1259 3108 provincias
1286 3037 1456 3106 bizancena,
1485 3039 1626 3094 Hilarinus
1649 3040 1670 3095 li

126 3131 257 3200 clericus,
274 3131 331 3186 sive
344 3130 441 3197 laicus,
455 3147 585 3185 accusare
600 3131 729 3186 voluerit.
956 3083 1082 3183 Cleusis
1111 3129 1221 3200 legatus
1246 3131 1398 3200 provinciae
1425 3131 1598 3199 Bizancenae,
1623 3133 1670 3188 Nu

163 3227 196 3281 ll.
211 3227 280 3280 ltem
294 3223 410 3296 placuit,
424 3229 456 3278 ut
470 3240 571 3279 omnes
586 3225 711 3279 serviret
727 3224 836 3296 proprii
848 3225 944 3280 liberti
993 3220 1189 3277 Suffetuleusis
1215 3223 1326 3294 legatus
1346 3224 1497 3294 provinciae
1529 3225 1668 3280 Bizancen

127 3318 162 3374 ad
178 3318 388 3373 accusationem
402 3333 461 3374 non
476 3318 673 3386 admittantur,
688 3320 731 3373 rel
754 3335 943 3391 omnesquae
992 3314 1105 3369 mianus
1129 3315 1299 3387 aquiregnis
1328 3318 1436 3387 legatus
1458 3318 1611 3388 provincia
1636 3318 1670 3374 Bi

128 3414 164 3468 ad
185 3411 344 3467 accusanda
365 3410 477 3481 publica
498 3411 620 3466 crimina
641 3411 719 3484 leges
739 3412 860 3485 publicae
884 3429 943 3468 non
992 3408 1112 3463 Nirellus
1136 3408 1304 3465 Rusurensis
1328 3412 1437 3481 legatus
1456 3412 1606 3482 provinciae
1621 3412 1669 3468 Cas

128 3504 294 3575 admittunt,
307 3521 406 3560 omnes
421 3505 499 3560 enim
512 3505 641 3561 infamias
654 3507 771 3562 maculis
784 3507 901 3578 aspersi,
912 3506 944 3562 id
992 3502 1161 3558 Laurentius
1170 3504 1324 3559 Icositanus
1333 3505 1444 3575 legatus
1454 3506 1607 3576 provincias
1617 3506 1670 3562 Cau

127 3602 179 3668 cst,
196 3599 348 3655 histriones
361 3615 393 3653 ac
407 3599 630 3670 turpitudinibus
652 3600 786 3672 subjectas
804 3616 942 3672 personae,
992 3595 1182 3650 Numerianus
1204 3597 1408 3669 Nusgumensis
1422 3600 1533 3670 legatus
1548 3599 1670 3670 provinci

126 3691 254 3747 breretici
267 3692 364 3762 etiam,
378 3691 436 3746 sive
457 3692 572 3765 pagani,
587 3692 644 3748 sive
663 3693 765 3762 ludaei,
779 3692 828 3748 sed
845 3697 943 3749 tamen
992 3693 1110 3763 riensis,
1143 3694 1290 3765 Philippus
1322 3697 1472 3767 presbyter
1501 3697 1631 3753 Ecclesia
1661 3698 1670 3752 l

126 3785 260 3841 omnibus
272 3786 375 3859 quibus
388 3786 526 3841 accusatio
538 3786 705 3858 denegatur,
720 3787 750 3841 in
773 3787 864 3842 causis
879 3804 944 3859 pro·
993 3787 1102 3841 Asellus
1114 3788 1262 3860 presbyter
1274 3789 1385 3860 legatus
1398 3791 1527 3846 Ecclesia
1543 3792 1670 3847 Romana

125 3879 195 3950 priis
208 3881 360 3936 accusandi
375 3880 491 3935 licentia
504 3896 563 3935 non
575 3879 720 3950 neganda.

522 4110 722 4177 INClPlUN'f
749 4112 947 4178 CAPITULA
977 4115 1144 4181 CONClLll
1175 4119 1417 4184 MILEVITANI.

164 4243 189 4294 l.
209 4240 314 4294 Contm
327 4239 497 4311 Pelagianos
517 4241 565 4312 qui
588 4240 687 4297 dicunt
698 4241 786 4298 eliam
800 4243 862 4298 sine
875 4260 940 4314 pec·
1026 4249 1053 4301 8.
1071 4246 1152 4311 Quod
1179 4264 1196 4302 a
1223 4249 1327 4305 sanctis
1358 4249 1499 4305 veraciter
1529 4248 1665 4305 dicitur:

126 4336 189 4388 cato
202 4333 277 4387 mori
292 4332 416 4405 potuisse
431 4333 532 4389 Adam.
991 4338 1075 4395 nobis
1089 4339 1185 4396 debita
1198 4348 1304 4398 nostra.

161 4430 188 4482 2·
209 4426 533 4499 0¹¹⁰dj¹1¹i⁸AP⁰⁸i⁰li
555 4428 750 4486 “Nimium
771 4430 857 4486 eiiam
880 4408 981 4502 par-D
1027 4456 1052 4507 9.
1073 4454 1150 4517 Quod
1165 4455 1200 4509 ad
1214 4471 1381 4511 communes
1403 4473 1500 4512 causas
1521 4456 1654 4513 Ecclesia

125 4519 183 4576 vuli
199 4520 248 4593 qui
263 4521 334 4576 nihil
351 4521 941 4592 peccatiadhuccommiseruntomnesin
994 4546 1146 4606 concilium
1176 4550 1346 4620 congregari
1380 4553 1519 4621 oporteat,
1545 4551 1575 4605 in
1602 4549 1670 4621 pri„

126 4619 307 4687 peccatorum
321 4616 487 4672 remissione
500 4616 835 4690 veraciterbaptizentur.
994 4639 1086 4693 causis
1099 4640 1222 4711 speciale
1239 4642 1461 4715 uniuscujusque
1475 4643 1640 4715 provincia

163 4711 189 4763 3.
210 4708 292 4773 Quod
304 4709 396 4781 gralia
418 4711 466 4767 [lei
489 4727 546 4765 non
563 4712 656 4766 solum
676 4717 790 4783 peccata
814 4713 941 4782 dimittit,

126 4800 274 4857 sedetiam
286 4803 401 4874 acq‘uvat
413 4821 449 4859 ne
464 4805 691 4861 committantur.

162 4894 189 4949 b.
209 4894 291 4959 Quod
302 4913 356 4968 per
368 4897 488 4968 gratiam
504 4897 551 4954 uel
567 4898 690 4953 sciamus
703 4898 771 4971 quid
791 4898 884 4955 facere
897 4900 944 4954 dc·

124 4987 245 5043 beamus
258 4992 287 5043 el
302 4989 422 5060 diligere
437 4994 468 5045 ut
480 4992 627 5046 faciamus.

162 5084 187 5136 5.
208 5082 288 5150 Quod
303 5082 394 5153 gratia
407 5083 458 5137 Dei
471 5090 589 5154 praestet
603 5091 635 5140 ut
646 5086 689 5140 lex
709 5084 871 5156 impleatur,
886 5104 942 5142 non

128 5174 209 5241 (sicut
224 5175 264 5229 ait
277 5175 415 5246 Pelagius)
431 5177 510 5232 facile
530 5178 611 5249 quasi
635 5179 695 5233 sine
712 5179 804 5250 gratia
825 5179 876 5234 Dei
892 5180 942 5235 dif-
1030 5162 1073 5214 ¹2·
1094 5161 1127 5214 Ui
1147 5176 1246 5230 Pfe⁰⁰⁸
1268 5164 1296 5214 et
1316 5162 1458 5216 ⁰r³ti⁰¹¹0³
1482 5164 1670 5235 ⁰⁰¹¹¹P⁰³stffii

1031 4751 1073 4802 lo.
1094 4749 1129 4803 Ut
1150 4749 1280 4820 epistolas
1292 4752 1328 4806 ad
1343 4751 1495 4806 concilium
1518 4751 1670 4808 evocanda!

993 4842 1135 4912 politanus
1148 4843 1314 4912 subscribat,
1333 4850 1361 4898 et
1375 4843 1488 4917 dirigat.

1030 4957 1072 5009 ll.
1094 4956 1129 5010 Ut
1150 4954 1184 5010 de
1216 4957 1356 5011 hereticis
1378 4962 1406 5012 et
1427 4958 1590 5013 infidelibus
1620 4959 1670 5032 qui

993 5047 1113 5102 concillo
1129 5048 1309 5103 constituitur
1321 5067 1337 5103 a
1351 5051 1478 5122 principe
1494 5051 1670 5122 impleretur,

9 5320 16 5331 ,
125 5269 227 5323 tlemus
240 5269 330 5340 possit
342 5269 464 5340 impleri,
992 5253 1065 5308 batus
1080 5253 1187 5308 fuerint
1199 5253 1229 5307 iu
1242 5255 1371 5327 concilio)
1382 5272 1441 5310 uon
1455 5257 1593 5312 dicantur.

159 5366 186 5419 o.
207 5362 284 5432 Quod
303 5363 387 5435 juxta
407 5363 579 5420 sententiam
598 5365 716 5421 loannis
738 5366 940 5438 evangelista:
1030 5358 1073 5410 ¹3·
1093 5356 1130 5411 Ui
1158 5355 1330 5427 P⁰⁵t0f50fes
1362 5357 1551 5413 Psstsslfflfibsss
1583 5359 1670 5431 PPW

124 5454 214 5511 Nemo
227 5457 264 5512 sit
283 5456 333 5528 qui
348 5473 409 5511 esse
423 5445 510 5529 possit
524 5457 585 5514 sine
600 5464 725 5530 peccato.
992 5449 1190 5520 preferantur,
1203 5464 1255 5503 nec
1269 5450 1434 5506 inconsultis
1449 5452 1618 5523 primatibus
1632 5469 1670 5511 eit

159 5554 185 5606 7.
206 5550 290 5615 Quod
310 5550 464 5623 unicuique
486 5552 574 5607 etiam
595 5553 672 5625 justo
693 5569 752 5608 non
772 5553 866 5610 solum
888 5571 941 5627 pro
993 5559 1080 5615 ³8⁰?ss
1093 5546 1279 5615 Pffflsumaflt·

122 5639 302 5711 aliis,sedct
315 5662 367 5717 pro
382 5646 643 5720 semetipsodiccre
660 5649 810 5721 oporteatt
825 5648 941 5706 Dimitte
1030 5649 1071 5704 14.
1104 5651 1139 5705 Ut
1176 5651 1302 5722 episcopi
1337 5669 1389 5723 pro
1425 5658 1555 5726 tempore
1591 5672 1670 5714 coust

120 5732 203 5787 nobis
215 5735 310 5792 debita
327 5742 437 5799 nostra.
993 5759 1051 5797 suae
1065 5742 1173 5799 litteras
1186 5744 1221 5799 ab
1236 5744 1443 5802 ordinatoribus
1460 5749 1593 5805 habeant.
