3870 6150
429 252 431 257 ’
522 299 524 303 ⁷
596 255 834 329 omaarsmou
851 262 1047 329 comneno.
1159 268 1162 273 ’
1607 278 1661 335 ιιι

103 376 170 435 ioue
183 376 327 452 corrigere
341 393 489 451 rogamus,
506 395 558 436 nec
570 394 700 453 nuquam
715 380 793 453 prius
805 380 947 468 placere,
959 381 1037 452 leges
1051 378 1128 436 enim
1142 380 1238 437 seculi
1250 380 1427 438 accusatores
1439 380 1595 454 presentes
1606 386 1661 440 eni·

103 476 146 546 pta
156 489 258 530 eorum
267 473 316 546 qui
327 478 497 530 accusantur
510 488 626 530 causam
642 474 792 544 discutere,
845 478 927 546 gunt,
940 479 971 530 et
984 488 1043 529 nen
1063 475 1235 547 perscripta
1257 475 1397 532 absentes.
1421 477 1503 534 Unde
1524 480 1660 536 canonica

109 570 291 640 querelarum
303 568 497 624 institutiones
512 568 603 623 vocati
616 567 751 624 canonice
759 568 794 623 ad
844 570 962 624 Petrum
974 569 1127 624 constituta
1140 584 1199 625 nen
1210 570 1363 640 semel,sed
1372 569 1525 642 sepissime
1535 573 1660 629 clamant

103 661 794 734 ureniant,etpresensperpresentamagnoseat
844 678 897 717 neo
920 662 1123 735 accusationes,
1136 678 1189 718 nec
1213 662 1378 719 testimonia
1401 665 1458 720 ulla
1481 682 1533 737 per
1557 665 1661 738 scripta

103 768 126 824 r,
133 759 165 810 et
173 754 318 828 intelligat
327 772 391 828 quae
399 755 425 811 ei
434 755 618 828 objiciuntur.
628 755 794 821 Quodhene
843 771 926 828 posse
939 755 1070 827 prolerri,
1080 771 1133 811 nec
1149 755 1184 810 de
1199 756 1260 811 aliis
1274 757 1397 830 negotiis
1410 758 1573 831 quicunque
1583 759 1661 814 testi·

103 848 263 921 apientiam
278 847 437 904 Salomonis
450 849 555 905 dicitur
574 866 580 904 :
602 870 616 898 α
634 849 794 921 Antequam
844 849 1088 915 moniumdieant‚
1102 849 1153 904 uisi
1167 850 1203 904 de
1217 850 1331 922 hisque
1342 851 1553 922 subpraesantia
1561 869 1660 909 aonam

103 957 111 997 s
131 957 169 997 ne
190 942 395 1014 reprehendas,
418 942 548 1015 intellige
569 930 659 1014 prius,
673 945 702 998 et
724 946 794 997 tunc
841 957 906 998 esse
920 947 1086 999 noscantur.
1101 942 1240 999 Similiter
1251 949 1280 999 et
1293 944 1342 1016 qui
1356 944 1444 999 alium
1460 961 1591 1001 accusare
1602 948 1659 1003 ele·

116 1039 277 1108 antequam
300 1036 426 1092 audieris
449 1051 486 1092 ne
502 1035 681 1108 respondeas
699 1037 792 1107 (Beati.
844 1037 928 1109 gerit,
943 1053 1068 1109 presens
1079 1053 1130 1109 par
1141 1054 1170 1092 se
1186 1043 1282 1093 etnon
1297 1037 1448 1110 paralium
1463 1045 1585 1110 accuset,
1596 1040 1662 1096 scri·

115 1148 131 1180 n
144 1130 180 1184 Et
199 1129 266 1185 licet
287 1129 433 1202 aptissima
454 1130 492 1185 sit
514 1130 726 1186 contrariorum
748 1145 793 1186 re-
843 1132 1659 1206 ptioneeidelicetpremissenequeullusunquamjudi·

103 1221 138 1291 ie,
151 1227 348 1279 verumtamen
361 1229 473 1296 oportet
485 1223 530 1280 his
542 1223 592 1297 qui
602 1224 670 1280 elati
683 1223 793 1279 suntad
844 1228 934 1296 cetur,
955 1230 1112 1298 antequam
1134 1225 1277 1298 legitimos
1302 1233 1479 1283 accusatores
1506 1232 1662 1301 presentes

103 1316 336 1373 seminationem
351 1317 484 1373 ordinem
499 1317 605 1374 servari
630 1318 666 1374 ah
684 1317 729 1373 his
742 1318 794 1391 qui
843 1319 959 1387 habeat,
972 1319 1123 1391 locumque
1138 1319 1313 1375 defendendi
1325 1321 1448 1393 accipiat
1466 1321 1502 1376 ad
1518 1321 1662 1378 abluenda

103 1426 134 1467 m
144 1412 235 1467 lleum
245 1411 416 1484 perscnrtari
427 1411 555 1484 deputati
561 1417 642 1482 snut,
652 1415 794 1484 quatenos
843 1413 974 1471 erimine.
985 1413 1150 1470 comodum
1161 1429 1274 1486 qnoque
1288 1420 1330 1470 eal
1340 1431 1376 1470 ne
1385 1415 1424 1470 ita
1437 1414 1588 1488 quisquam
1599 1417 1665 1472 suh·

109 1506 277 1578 operatione
290 1512 463 1579 cooperante
479 1506 668 1576 inveniamus,
682 1511 711 1562 et
724 1522 792 1562 con·
842 1512 933 1579 repat,
950 1507 1092 1579 iaciatque
1104 1507 1188 1563 citius
1200 1506 1277 1580 quod
1297 1525 1354 1563 non
1374 1509 1449 1563 licet.
1472 1509 1661 1581 Omnipotens

103 1614 113 1654 ι
132 1599 225 1654 ileum
243 1600 291 1672 qui
307 1600 376 1655 dicit
392 1616 399 1654 ε
418 1621 432 1649 a
446 1599 499 1656 Ubi
517 1598 573 1655 duo
588 1603 655 1655 sunt
669 1601 712 1654 vel
735 1603 793 1655 tres
842 1602 917 1657 Deus
929 1601 1193 1656 hecvosetcuncta
1207 1599 1301 1657 diviua
1315 1601 1452 1657 mandata
1465 1606 1494 1657 et
1507 1604 1662 1675 apostolica

102 1692 144 1748 ati
157 1692 188 1747 in
199 1694 317 1748 nomine
331 1693 457 1763 meo,ihi
466 1707 531 1748 sum
545 1693 574 1749 in
587 1693 682 1750 medio
692 1708 792 1749 eorum
842 1694 1187 1768 precepta-custodientes
1201 1694 1231 1750 ia
1243 1694 1352 1750 cunctis
1366 1695 1477 1752 actibus
1490 1697 1589 1752 vestris
1601 1714 1659 1753 ooe·

103 1802 179 1857 mu,
191 1787 249 1858 20).
267 1808 281 1837 n
298 1788 366 1842 Nam
393 1792 422 1842 et
444 1785 581 1843 Dominus
603 1792 702 1843 noster
712 1774 830 1850 lesusB
841 1788 919 1845 lestis
931 1788 1039 1844 brachii
1047 1788 1217 1844 vextensione
1228 1792 1371 1860 protegat,
1386 1792 1472 1861 atque
1487 1790 1525 1845 ad
1538 1791 1659 1846 ooelestis

108 1880 212 1936 ludam
222 1880 317 1937 iurem
330 1898 392 1937 esse
402 1881 518 1952 sciehat,
527 1880 578 1936 sed
590 1880 725 1953 quoniam
735 1896 793 1937 non
842 1881 1107 1938 remunerationem
1121 1882 1220 1954 patrie
1243 1897 1308 1937 cum
1332 1882 1482 1955 multiplici
1496 1883 1660 1939 animarum

103 1973 259 2031 entialiter
281 1981 437 2044 accusatus,
453 1974 519 2030 ideo
530 1990 590 2030 non
612 1979 655 2030 est
674 1974 791 2047 ejectus.
838 1975 938 2032 lroctu
950 1973 1101 2047 perducat,
1116 1980 1217 2031 Amen.
1229 1975 1300 2030 llata
1314 1991 1344 2031 ur
1355 1974 1422 2031 ldus
1434 1976 1546 2049 Aprdlis,
1562 1976 1659 2033 Siricio

103 2067 166 2124 ullo
184 2069 270 2125 mode
290 2085 377 2142 agere
394 2073 518 2142 oportet,
532 2070 610 2142 quod
632 2069 679 2125 ille
703 2068 794 2126 noluit
844 2068 1028 2126 etArdobure
1041 2070 1074 2124 lv
1089 2085 1130 2125 oc.
1146 2067 1318 2125 consulibus.

287 2432 576 2528 INGlPlUNT
627 2356 888 2527 uacuum
936 2431 1123 2526 stulcll
1176 2431 1360 2524 PAPAE.

103 2633 215 2689 Arianis
229 2634 374 2691 catholicis
388 2651 446 2691 non
462 2636 648 2709 baptizandis.
841 2649 1022 2708 cognoscere.
1038 2636 1073 2690 Et
1084 2635 1151 2708 qrria
1164 2651 1278 2692 necesse
1293 2651 1346 2690 nos
1360 2634 1461 2689 eratin
1472 2633 1533 2706 ejus
1546 2633 1657 2689 laborm

103 2732 202 2799 preter
210 2729 316 2784 Pascha
329 2733 357 2784 et
366 2728 551 2786 Pentecosten
565 2730 723 2802 baptismus
732 2744 791 2785 uon
839 2745 982 2802 curesque
994 2728 1147 2785 succedere
1161 2729 1207 2784 cui
1219 2744 1271 2801 per
1281 2729 1329 2786 lici
1339 2729 1463 2800 gratiam
1471 2728 1657 2784 successimus

103 2836 144 2876 nr.
840 2824 871 2880 in
883 2824 1033 2891 honorem,
1047 2823 1123 2879 lacto
1138 2827 1171 2878 ut
1185 2821 1336 2895 oportebat
1356 2822 1490 2895 primitus
1502 2837 1574 2878 mee
1587 2821 1655 2894 pro-

105 2915 242 2987 epostatia
256 2916 290 2971 ah
306 2917 426 2974 Ecclesia
440 2918 616 2991 separandis.
840 2917 975 2974 rectionis
986 2916 1105 2989 iudicio,
1116 2916 1152 2972 ad
1164 2916 1276 2990 singule
1284 2921 1370 2990 prout
1385 2915 1522 2973 Dominus
1530 2916 1657 2991 aspirare

103 3008 219 3064 uliceat
232 3009 349 3066 alterius
368 3028 503 3084 sponsam
522 3012 552 3067 in
571 3011 790 3068 matrimonium
839 3012 1034 3084 dignatusest,
1042 3010 1240 3067 consultationi
1250 3013 1307 3066 tue
1316 3026 1484 3083 responsum
1491 3014 1657 3083 competens

839 3122 897 3162 non
909 3121 1060 3178 negamus,
1070 3104 1140 3178 quia
1152 3104 1238 3161 officii
1253 3104 1344 3161 nostri
1356 3103 1587 3161 consideratione
1597 3120 1657 3161 nou

105 3194 152 3252 his
163 3196 214 3269 qui
224 3203 370 3271 acceptam
385 3199 584 3271 penitentiam
596 3200 714 3257 minime
728 3215 787 3256 ser·
798 3149 827 3224 C
840 3201 884 3255 est
894 3198 975 3255 nobis
986 3197 1177 3266 dissimulare,
1188 3215 1247 3254 non
1259 3203 1303 3254 est
1311 3203 1407 3254 tacere
1416 3197 1542 3267 libertas,
1553 3197 1657 3270 quihus

103 3292 122 3346 t·.
839 3294 932 3365 major
945 3291 1053 3349 cunctis
1066 3291 1237 3348 Christiane
1250 3290 1397 3363 religionis
1415 3291 1491 3348 zelus
1505 3291 1655 3347 incumbit.

104 3385 253 3441 monachis
263 3391 291 3442 et
299 3385 460 3459 uirginibus
471 3388 648 3461 propositum
663 3403 720 3444 nau
733 3405 790 3445 ser·
838 3387 989 3442 Portemus
994 3402 1082 3443 onera
1087 3385 1216 3442 omnium
1226 3385 1276 3457 qui
1284 3390 1449 3457 gravantur,
1457 3383 1656 3456 quinimohec

839 3484 933 3552 portat
945 3481 976 3535 ia
991 3479 1084 3548 nohis,
1098 3478 1197 3535 heatus
1210 3478 1353 3550 apostolus
1366 3479 1475 3547 Petrus,
1492 3476 1609 3550 quinos
1625 3478 1656 3534 ia

103 3571 239 3629 ministris
252 3574 504 3631 incontinentibus.
646 3565 652 3579 “
839 3573 973 3630 omuibus
986 3573 1027 3645 (ut
1037 3571 1214 3645 confidimus)
1225 3570 1481 3628 administrationis
1495 3571 1656 3644 protegitet

103 3665 287 3724 desdehcant
303 3670 341 3724 ad
364 3669 513 3726 clericatus
536 3669 664 3727 ollloium
688 3685 788 3743 perve-
837 3671 936 3723 tuetur
949 3667 1089 3724 heredes.
1157 3677 1158 3681 ’

873 3762 939 3818 (lar.
954 3761 974 3816 l.
988 3760 1085 3816 Prima
1099 3760 1196 3833 itaque
1208 3758 1321 3833 pagine
1340 3762 1397 3815 tura
1416 3759 1512 3814 fronte
1534 3758 1655 3830 signasti

108 3853 154 3910 his
168 3855 217 3928 qui
233 3855 378 3929 grandevi
392 3854 428 3912 ad
443 3873 551 3914 sacram
563 3858 697 3915 militiam
719 3875 785 3915 con·
837 3855 997 3930 baptizatos
1010 3853 1045 3910 ab
1056 3853 1152 3927 impiis
1164 3851 1277 3908 Arianis
1300 3851 1440 3924 plurimos
1453 3850 1490 3907 ad
1503 3849 1591 3909 fldem
1604 3867 1652 3908 ea-

103 3965 133 4004 rr.
837 3950 971 4006 tholioam
983 3948 1129 4017 festinare,
1143 3950 1172 4003 et
1185 3945 1326 4020 quosdam
1339 3946 1375 4002 de
1393 3945 1528 4002 iratribus
1549 3946 1654 4003 uaeris

103 4043 229 4100 solericis
244 4043 293 4118 qui
308 4046 344 4101 ad
356 4044 495 4102 secundas
510 4046 625 4120 nuptias
639 4051 788 4104 transeunt
837 4061 887 4102 eos
898 4045 993 4102 denuo
1004 4040 1148 4116 baptizare
1161 4041 1244 4110 velle,
1257 4039 1336 4114 quod
1350 4055 1408 4096 non
1429 4039 1505 4111 licet,
1520 4055 1585 4096 cum
1600 4041 1654 4098 laec

103 4142 207 4195 rantur.
836 4138 899 4195 llari
912 4143 942 4196 et
954 4137 1099 4212 apostolus
1114 4139 1199 4207 vetet,
1215 4139 1245 4191 at
1262 4149 1385 4191 canones
1406 4133 1655 4202 contradicente

103 4249 108 4285 ι
122 4230 237 4288 leminis
259 4246 324 4305 que
346 4250 410 4289 cnm
434 4234 542 4291 clericis
555 4235 681 4292 debeant
704 4234 784 4292 hahi-
834 4236 902 4305 post
914 4235 1055 4289 cassatum
1069 4228 1251 4286 ariminense
1264 4228 1420 4284 concilium
1434 4227 1522 4284 missa
1532 4226 1570 4283 ad
1583 4244 1650 4302 pro·

833 4327 942 4383 vincias
961 4324 1163 4383 eveneraude
1182 4323 1331 4380 memorie
1352 4322 1564 4396 predecessore
1587 4338 1652 4379 mae

103 4439 107 4473 ι
121 4420 328 4477 monachorum
340 4423 521 4495 promotione
534 4423 570 4478 ad
582 4423 701 4480 clerum.
836 4421 946 4477 Liberio
956 4420 1102 4494 generalia
1110 4419 1225 4474 decreta
1235 4416 1406 4490 prohibeant
1416 4433 1423 4472 ι
1435 4416 1512 4488 quod
1523 4431 1577 4471 nos
1586 4431 1651 4473 cum

103 4539 105 4563 ι
118 4514 226 4571 clericis
239 4520 273 4571 ut
285 4516 483 4588 penitentiam
505 4533 556 4589 par
574 4517 784 4590 impositionem
792 4524 825 4602 fl
834 4513 993 4571 Noratiauis
1004 4511 1123 4585 aliisque
1136 4509 1285 4580 hereticis,
1295 4510 1367 4564 sicut
1378 4513 1421 4564 est
1429 4508 1459 4563 in
1469 4508 1577 4580 synodo
1586 4524 1654 4564 con·

103 4609 268 4665 scerdotum
281 4610 428 4683 accipiant.
835 4609 976 4676 stitutum,
990 4623 1044 4681 per
1056 4604 1266 4661 invocationem
1279 4603 1370 4657 solum
1386 4601 1651 4674 septiformisSpiri·

103 4701 321 4774 rpoenitentihus
333 4706 361 4760 et
372 4703 497 4777 bigamis
509 4705 718 4762 seuriduarum
729 4722 787 4762 rna-
830 4699 1101 4775 ·tus,etepiscopalis
1110 4714 1215 4754 manus
1224 4696 1437 4770 impositionem
1443 4695 1650 4754 catholicorum

120 4810 180 4852 nou
203 4797 408 4869 permittantur
428 4800 462 4854 ad
486 4799 633 4856 clericatus
655 4800 786 4856 ordinem
836 4794 987 4854 conventui
1001 4793 1151 4864 sociamus,
1165 4791 1242 4864 quod
1259 4789 1345 4847 etiam
1360 4793 1437 4845 totus
1454 4789 1556 4846 Oriens
1569 4791 1650 4848 Occi·

836 4891 963 4963 densque
983 4886 1117 4958 custodit,
1135 4903 1153 4943 a
1169 4901 1226 4958 quo
1246 4884 1363 4939 tramite
1384 4899 1434 4939 vos
1454 4899 1570 4957 quoque
1588 4887 1652 4957 post

103 5006 203 5078 pm,
224 5006 316 5063 spici,
336 5022 417 5079 papae
441 5009 480 5064 ad
505 5011 659 5068 emm-„m
683 5012 784 5066 Tam,
836 4985 897 5041 hec
911 4982 1031 5040 minime
1044 4979 1177 5038 convenit
1187 4979 1312 5050 deviare,
1322 4977 1345 5033 si
1359 4994 1418 5034 non
1431 4977 1651 5036 vultisanostro

223 5094 358 5135 conensem
370 5082 530 5151 episcopam.
835 5078 955 5150 cassegio
966 5074 1095 5150 synodali
1111 5072 1236 5147 separari
1247 5071 1400 5130 sententia.

103 5184 127 5227 rs
153 5171 277 5229 Cunaro
305 5173 507 5229 Tarraconensi
544 5175 675 5247 episcopo
709 5176 784 5232 salo·
871 5173 902 5230 11.
915 5170 1048 5245 Sequitur
1061 5170 1098 5226 de
1112 5167 1252 5225 universis
1263 5166 1500 5240 baptizandorum
1513 5165 1650 5238 tempori·

827 5268 897 5336 hus,
911 5269 999 5340 prout
1009 5263 1161 5337 unicuique
1175 5261 1287 5318 lihitum
1300 5260 1396 5330 luerit,
1412 5259 1608 5333 improbabilis
1620 5263 1649 5316 et

103 5360 165 5417 sed
183 5359 358 5418 decessorem
381 5367 512 5418 nostrum
527 5365 633 5420 sancte
657 5363 787 5420 recorda·
835 5359 1014 5418 emendanda
1027 5353 1377 5430 conlusio,queanostris
1391 5352 1647 5422 consaoerdotihas,

103 5468 222 5510 rasasaun
233 5456 420 5512 fraternitatis
432 5461 490 5513 tae
503 5456 604 5513 relatio
614 5457 677 5529 jam
692 5472 740 5514 me
754 5456 785 5514 in
829 5455 913 5528 quod
924 5452 1058 5510 commoti
1073 5451 1203 5520 dicimus,
1214 5464 1274 5507 nou
1286 5448 1399 5506 ratione
1411 5445 1589 5504 auctoritatis
1600 5445 1649 5503 ali·

103 5547 173 5604 ssius
183 5549 381 5620 constitutum,
392 5551 460 5623 quia
470 5552 510 5607 sic
525 5550 661 5607 Dominus
672 5551 785 5607 ordina-
830 5548 924 5622 cujus,
941 5547 989 5605 sed
1003 5547 1063 5603 sola
1073 5544 1236 5603 temeritate
1248 5541 1444 5617 presumitur,
1456 5543 1489 5596 ut
1502 5538 1647 5613 pastinac

103 5639 153 5698 ult.
167 5642 260 5708 Quem
274 5659 340 5699 cum
352 5645 381 5699 in
396 5650 536 5701 conventu
548 5645 670 5700 fratrum
684 5644 786 5700 solliei-
834 5642 924 5699 libere
936 5641 1072 5699 natalitiis
1089 5639 1204 5710 Christi,
1217 5653 1269 5694 seu
1285 5631 1480 5708 apparitionis,
1495 5648 1607 5690 necnon
1619 5638 1649 5690 et

103 5738 787 5812 musfiantaimenimnsquereprehensioueet
833 5738 1036 5812 apostolarum,
1046 5750 1098 5791 seu
1108 5735 1270 5806 martyrum
1283 5726 1480 5786 testivitetihus
1490 5727 1649 5785 innumere

103 5844 145 5888 »ae
153 5835 224 5888 saut
237 5819 334 5906 digna,
346 5838 455 5906 quante
468 5839 632 5909 optaremus
641 5832 786 5890 laudanda
834 5832 877 5907 (ut
886 5829 997 5905 essens)
1003 5829 1101 5904 plebes
1107 5824 1240 5900 baptismi
1249 5820 1418 5898 armenum
1427 5826 1650 5901 consequantur,
