3870 6150
664 252 805 310 APPEND.
825 249 869 309 AD
887 249 968 308 SAEC.
988 248 1031 308 tx.
1046 277 1081 291 -·
1099 246 1221 307 lstoonl
1239 246 1450 307 haemonis

512 420 538 495 l
697 428 814 502 ITEM
846 428 1076 501 uPlSTOLA
1109 425 1232 500 SIXTl
1265 426 1418 497 PAPAE.

253 585 351 641 Surus
365 582 534 639 uniuersalis
551 581 712 655 apostolicae
732 582 863 639 Ecclesiae
880 582 1029 655 episcopus
1040 582 1133 669 Abos
1156 581 1254 654 possit.
1279 580 1322 636 Ab
1347 580 1400 636 hac
1421 579 1500 635 enim
1518 581 1615 634 sancta
1642 577 1722 648 Sada,
1748 593 1766 631 a
1790 579 1896 633 sanctis

216 676 347 735 omnibns
358 675 497 750 episcopis
507 675 538 731 in
551 675 672 732 Domino
683 676 814 731 salutem.
1079 674 1212 747 apostolis
1222 674 1306 742 tueri,
1318 673 1432 730 defendi
1441 672 1591 729 etliberuri
1602 671 1728 745 episcopi
1732 671 1808 743 jussi
1818 677 1896 743 sunt,

250 772 405 844 Cognoscat
424 771 519 826 restra
544 768 698 841 sapientia,
729 767 886 824 charissimi
909 769 1027 838 fratres,
1077 771 1111 824 ut
1124 769 1196 825 sicut
1209 784 1310 825 eornm
1329 767 1514 839 dispositione
1531 764 1682 821 ordinante
1696 764 1822 821 Domino
1834 765 1894 838 pri·

214 865 282 938 quia
295 863 325 920 in
338 864 392 919 hac
410 865 508 918 sancta
526 861 594 919 sede
613 861 768 934 apostolica
787 862 901 917 anobis
915 864 944 918 et
961 861 1027 918 reli·
1077 862 1164 918 mitus
1184 865 1251 917 sunt
1269 860 1424 930 constituti,
1447 858 1487 915 sic
1503 858 1590 931 hujus
1610 862 1715 914 sanctae
1734 857 1828 928 Sedis,
1843 874 1894 914 cu·

213 957 278 1032 quis
292 956 433 1030 episcopis
452 955 617 1028 caeterisque
637 955 750 1011 Domini
765 955 957 1011 sacerdotibus
971 958 1027 1009 sta-
1074 955 1123 1029 J'us
1133 955 1309 1039 dispositioni
1319 970 1422 1011 eorum
1432 969 1531 1009 causas
1541 951 1689 1024 etjudicia
1698 954 1893 1021 servaverunt,

212 1054 308 1107 tntum
322 1053 375 1119 est,
387 1053 420 1105 ut
431 1065 510 1105 sacra
521 1065 586 1104 vasa
595 1064 653 1105 non
662 1049 698 1104 ab
711 1048 774 1104 aliis
787 1064 876 1121 quam
886 1064 903 1103 a
912 1047 1027 1103 sacratis
1078 1039 1380 1120 protectione,‘futuris
1389 1047 1566 1119 temporibus
1575 1044 1677 1101 sintab
1687 1044 1824 1101 omnibus
1832 1061 1895 1118 per·

213 1142 391 1215 Dominoque
410 1141 510 1198 dicatis
528 1144 740 1199 contrectentur
757 1141 933 1198 hominibus.
951 1141 1028 1196 lndi·
1077 1141 1255 1197 versitatibus
1277 1157 1391 1213 semper
1413 1139 1506 1196 liberi.
1530 1139 1608 1196 Unda
1629 1137 1781 1211 culpantur
1795 1138 1828 1194 hi
1846 1138 1894 1212 qui

214 1253 304 1311 gnum
312 1236 392 1292 valde
402 1240 445 1292 est
453 1240 486 1291 ut
492 1251 571 1291 sacra
581 1235 694 1291 Domini
701 1252 767 1291 vasa
784 1251 962 1308 quaecunque
972 1234 1030 1290 sint
1077 1234 1158 1291 aliter
1170 1234 1246 1290 circa
1257 1234 1359 1290 iratres
1372 1233 1494 1306 egerint,
1504 1248 1593 1304 quam
1602 1232 1688 1304 hcp'us
1697 1227 1771 1288 sedis
1779 1231 1896 1288 rectori·

212 1328 350 1387 humanis
359 1329 456 1386 usibus
466 1329 601 1399 serviant,
609 1333 659 1385 aut
670 1328 706 1384 ab
716 1324 778 1384 alir's
788 1327 1028 1401 quamaDomino
1077 1326 1130 1382 bus
1143 1327 1255 1399 placere
1267 1327 1466 1399 cognoverint.
1482 1325 1531 1381 llis
1547 1325 1645 1382 taliter
1653 1324 1841 1381 consideratis
1850 1327 1893 1379 at·

212 1421 416 1480 amaranthus
430 1421 514 1495 eique
528 1422 626 1477 dicatis
641 1424 801 1478 tractentur
813 1420 889 1476 viris.
909 1421 949 1476 Nc
974 1437 1027 1491 pro
1078 1436 1133 1493 que
1142 1436 1207 1475 cum
1218 1419 1335 1492 reliquis
1342 1418 1482 1492 episcopis
1489 1418 1609 1474 decretis
1615 1423 1754 1491 tanqmm
1763 1416 1894 1474 omnium

213 1516 318 1573 talibus
324 1515 596 1588 praesumptionibus
606 1513 695 1571 iratus
702 1515 839 1571 Dominus
848 1499 963 1587 plagam
971 1514 1027 1568 im·
1095 1529 1177 1569 uram
1190 1516 1334 1585 gerentes,
1357 1516 1475 1586 propter
1491 1511 1567 1568 sedis
1581 1511 1704 1584 propriae
1717 1511 1831 1584 apicem
1846 1512 1894 1568 de·

211 1613 302 1683 ponat
313 1608 419 1681 populo
433 1624 494 1676 suo,
508 1611 537 1665 et
551 1608 582 1663 hi
596 1607 684 1664 etiam
701 1608 751 1681 qni
765 1624 823 1664 non
837 1612 1030 1680 peccaverunt
1059 1525 1232 1874 (cernimus,
1245 1609 1278 1662 ut
1298 1622 1385 1662 nemo
1402 1604 1570 1678 pontiilcnm
1595 1604 1722 1677 aliquem
1737 1603 1798 1660 suis
1810 1603 1896 1660 rebus

214 1703 290 1758 mala
301 1702 448 1774 patiantur
457 1690 507 1758 aut
518 1703 649 1773 pereant,
663 1701 729 1774 quia
744 1701 920 1772 peritjustus
931 1700 1028 1773 saepis·
1078 1699 1439 1772 exspoliatnmepiscopnm
1449 1703 1498 1755 ant
1507 1715 1525 1755 a
1534 1698 1897 1771 sedepulsumexcommu·

215 1795 285 1852 sime
299 1811 353 1867 pro
367 1792 468 1867 impio.
483 1794 638 1862 Attendite,
655 1794 769 1863 iratres,
787 1811 823 1850 na
840 1795 909 1851 talis
919 1794 986 1851 uiris
997 1794 1028 1849 in
1078 1793 1184 1861 uicere,
1199 1792 1389 1864 autjudicare
1407 1795 1573 1865 presumat,
1589 1790 1658 1865 quia
1676 1807 1736 1847 non
1750 1793 1797 1847 est
1808 1789 1894 1864 priui-

213 1888 344 1945 Ecclesiis
355 1887 524 1960 permittatis
538 1886 670 1959 deinceps
681 1887 755 1958 fieri,
770 1903 806 1944 ne
821 1903 890 1960 grex
904 1887 1029 1961 pretioso
1037 1875 1186 2265 {legium
1203 1902 1259 1958 quo
1273 1885 1426 1959 exspoliari
1446 1885 1536 1958 possit
1549 1886 1610 1957 jam
1627 1884 1762 1940 nudatus.
1781 1884 1813 1941 Si
1833 1883 1895 1958 quis

215 1981 352 2055 sangnine
370 1979 476 2037 Christi
497 1980 662 2053 redemptus
683 1980 714 2036 in
733 1980 925 2053 precipitium
944 1981 1029 2053 (quod
1078 1982 1175 2035 antem
1198 1979 1279 2036 aliter
1299 1994 1386 2051 agere
1406 1977 1630 2051 presumpserit,
1651 1978 1724 2034 sciat
1743 1993 1894 2034 censuram

213 2076 295 2146 absit)
310 2078 391 2144 ruat,
405 2076 522 2146 propter
539 2075 617 2147 quod
631 2073 766 2130 assumite
777 2077 952 2130 armaturam
967 2074 1028 2145 Dei,
1078 2071 1164 2144 hrijus
1182 2072 1262 2129 Sedis
1280 2089 1346 2128 cum
1364 2072 1498 2128 omnibus
1517 2071 1653 2129 membris
1674 2071 1733 2127 suis
1752 2071 1893 2128 sibinen

214 2171 246 2224 nt
259 2167 371 2241 possitis
383 2166 514 2223 resistere
525 2166 571 2221 his
583 2165 634 2239 qui
650 2165 849 2222 contradicunt
865 2167 986 2237 veritati,
1001 2170 1031 2224 et
1078 2168 1183 2233 turam,
1207 2169 1236 2221 et
1252 2164 1324 2222 sicut
1344 2165 1444 2238 egerit,
1467 2165 1506 2220 ita
1525 2164 1652 2237 recipiet.
1678 2163 1708 2220 Si
1721 2163 1798 2221 hene
1811 2163 1892 2233 bene,

213 2261 325 2317 induite
338 2275 388 2315 vos
400 2258 488 2315 lorica
497 2258 626 2329 justitiae,
645 2259 760 2314 calceati
772 2260 859 2331 pedes
870 2259 900 2316 in
915 2275 1029 2332 praeps·
1079 2273 1165 2330 grave
1177 2274 1271 2330 grave.
1284 2258 1579 2331 Sipessimepessime,
1591 2257 1729 2330 moniam
1739 2257 1895 2330 dignnsoet

213 2353 323 2409 ratione
331 2351 477 2423 Evangelii
486 2351 572 2423 pacis.
584 2350 613 2407 Si
623 2351 758 2424 quisvero
766 2355 892 2409 vestrum
901 2352 1030 2425 pulsatus
1079 2352 1225 2423 operarius
1237 2353 1367 2408 mercede
1376 2369 1435 2408 sua.
1449 2353 1513 2422 Nos,
1524 2351 1635 2422 iratres,
1650 2349 1766 2406 nullum
1777 2350 1894 2424 perdere

214 2446 343 2503 fueritin
354 2444 450 2517 aliqua
465 2444 636 2500 adversitate
649 2444 768 2500 licenter
777 2444 851 2500 hanc
867 2449 991 2501 sancmm
1001 2449 1031 2502 ct
1077 2445 1216 2513 volumus,
1234 2444 1282 2501 sed
1292 2445 1353 2517 ipse
1363 2443 1459 2517 perdit
1468 2460 1498 2501 se
1507 2444 1558 2516 qui
1567 2444 1613 2516 pie
1624 2444 1809 2501 considerata
1820 2460 1895 2501 arer-

191 2527 645 2614 'aposlolicamappelletSedem
658 2538 803 2595 etadeam
813 2538 1030 2612 quasiadoaput
1071 2537 1123 2606 tit,
1138 2541 1167 2592 et
1183 2538 1233 2610 qui
1253 2538 1456 2610 Apostolorum
1475 2541 1505 2593 et
1521 2536 1607 2611 hujus
1628 2540 1733 2593 sanctae
1748 2537 1830 2594 Sedis
1850 2537 1894 2595 dc·

213 2633 369 2702 suffugium
384 2632 497 2703 habeat,
516 2648 554 2687 na
569 2631 707 2687 innocens
726 2632 888 2703 damnetur,
908 2636 957 2688 aut
975 2634 1027 2688 Ec·
1060 2558 1156 2719 'creta
1169 2630 1293 2687 libenter
1302 2630 1397 2687 violat.
1410 2631 1465 2689 Sed
1475 2647 1561 2699 nunc,
1581 2631 1694 2701 iratres,
1707 2631 1891 2688 commenda-

214 2727 300 2783 clesia
309 2742 359 2782 sua
371 2725 717 2797 detrimentumpatiatur.
729 2724 756 2780 Si
769 2730 865 2781 autern
878 2725 903 2781 ei
913 2741 1028 2782 necasse
1078 2739 1142 2779 mus
1153 2740 1203 2780 vos
1218 2740 1317 2780 omnes
1338 2724 1473 2795 Domino,
1496 2729 1524 2780 et
1542 2723 1628 2779 verbo
1641 2724 1743 2796 gratiae
1760 2725 1833 2797 ejus,
1847 2723 1893 2797 qul

213 2819 300 2875 inerit
317 2834 440 2890 eamque
463 2818 607 2889 appellare
630 2817 750 2874 minime
777 2834 862 2874 arrsus
884 2818 980 2886 luerit,
1001 2821 1030 2874 at
1078 2820 1170 2889 potest
1184 2817 1319 2888 perticere
1332 2821 1361 2874 et
1380 2817 1449 2873 dare
1468 2817 1664 2875 hereditatam
1682 2834 1750 2873 cum
1764 2817 1893 2874 omnibus

214 2915 330 2968 vocatus
342 2915 440 2967 tamon
457 2911 492 2965 ab
508 2911 561 2965 hac
581 2914 679 2966 sancta
705 2911 895 2979 Sedelucrit,
909 2927 968 2967 non
980 2928 1027 2966 re·
1078 2910 1196 2979 sanclis;
1211 2911 1271 2984 ipse
1291 2915 1388 2966 autem
1403 2912 1476 2967 Dens
1493 2911 1570 2982 pacis
1586 2912 1615 2965 ct
1630 2909 1835 2968 consolationis
1847 2909 1893 2967 dci

215 3003 285 3056 nuat
297 3000 405 3070 venire,
421 2998 471 3055 sed
485 2999 645 3069 confestim,
667 3001 699 3054 ut
713 2998 738 3055 ei
749 3000 912 3056 nuntiatum
930 3000 1027 3069 fuerit,
1077 3003 1154 3059 vobis
1162 3002 1286 3076 idipsum
1296 3020 1395 3076 sapere
1405 3004 1435 3059 in
1444 3005 1624 3073 alterutrum,
1636 3009 1667 3060 ut
1680 3003 1760 3060 vobis
1773 3004 1892 3060 invicem

213 3092 444 3159 venireiestinet,
458 3095 486 3146 et
500 3107 598 3147 causas
606 3107 660 3164 pro
674 3091 900 3164 quibusvocatus
909 3097 952 3148 cst
963 3109 1029 3164 pru·
1078 3096 1256 3163 succurratis,
1272 3101 1300 3151 et
1311 3112 1369 3151 non
1382 3096 1441 3152 sitis
1453 3097 1544 3168 divisi,
1557 3099 1589 3152 nt
1602 3096 1767 3166 unanimes,
1776 3114 1835 3154 uno
1845 3110 1891 3154 cre

214 3187 316 3242 denter
328 3184 468 3257 disponat,
482 3187 568 3256 atque
582 3183 605 3239 si
629 3200 743 3240 necesse
761 3184 869 3256 aliquid
885 3185 1029 3257 corrigere
1078 3193 1174 3244 etuno
1185 3188 1501 3245 cordchonoritlcemus
1512 3189 1618 3246 eumin
1628 3189 1894 3247 concordiaetcon·

213 3278 309 3346 luerit,
323 3294 390 3333 cnm
403 3277 448 3332 his
461 3292 533 3348 quos
546 3276 592 3332 hic
602 3277 711 3349 primos
723 3276 874 3348 invenerit,
889 3278 1013 3350 corrigat
1018 3297 1026 3349 ;
1038 3325 1066 3400 C
1078 3280 1216 3337 solatione
1237 3281 1368 3352 fratrum,
1393 3283 1442 3354 qni
1463 3286 1566 3354 potens
1586 3286 1631 3339 est
1645 3280 1823 3342 confirmare
1843 3298 1892 3340 noe

214 3369 414 3427 adEcclesiom
424 3375 609 3425 tamensuam
617 3385 677 3425 non
686 3369 764 3441 prius
773 3373 933 3426 revertatur
941 3386 1028 3442 quam
1078 3374 1235 3429 secundum
1261 3375 1449 3446 Evangelium
1476 3376 1553 3448 ejus,
1576 3377 1659 3447 juxta
1686 3375 1893 3434 revelationem

214 3463 316 3520 littaris
324 3462 486 3535 apostolicis
495 3461 539 3518 vol
548 3462 679 3518 formatis
692 3462 979 3535 plenitrrinstmctus
989 3469 1029 3520 at·
1078 3467 1205 3539 mysterii
1217 3468 1328 3535 salerni,
1342 3468 1517 3541 temporibus
1534 3469 1642 3525 scilicet
1658 3469 1818 3542 perpetuis,
1832 3469 1891 3544 qui·

214 3572 270 3630 que
284 3558 431 3629 purgatus,
448 3556 473 3610 si
489 3555 577 3611 luerit
591 3555 677 3611 unde.
694 3556 730 3611 Et
745 3558 897 3628 postquam
911 3557 1028 3613 domum
1076 3560 1131 3616 bus
1142 3560 1220 3617 vobis
1232 3576 1352 3617 munera
1370 3562 1533 3618 futurorum
1552 3563 1725 3635 gaudiorum
1745 3562 1893 3636 largienda

213 3665 344 3706 acuemus
351 3647 447 3720 luerit,
457 3651 631 3722 cognoscant
639 3647 725 3704 vicini
739 3648 783 3705 sui
792 3649 913 3721 qualiter
920 3649 967 3705 hic
976 3667 1029 3706 sua
1077 3657 1154 3709 sunt.
1167 3654 1239 3711 Data
1250 3670 1328 3711 nono
1341 3655 1440 3712 Kalen.
1453 3655 1567 3728 Aprilis,
1580 3655 1704 3714 Adriano
1720 3660 1750 3714 et
1765 3657 1841 3715 Vero
1852 3671 1892 3713 oc.

212 3743 391 3816 aliorumque
404 3758 488 3800 eausa
498 3741 959 3815 discussaluerit,quatenuseam
967 3743 1029 3800 abe·
1078 3748 1187 3803 consul.

212 3852 269 3911 qne
279 3837 374 3911 aliqrra
383 3836 569 3910 ambiguitate
580 3834 713 3892 nuntiare
725 3840 754 3893 et
763 3834 922 3909 praedicare
934 3837 1027 3894 omni·

212 3984 1891 4025 *ΨΜ-*Ἥ

463 4140 752 4229 INCIPIUNT
791 4141 1048 4232 DECRETA
1081 4146 1433 4240 TELESPHORI
1467 4155 1640 4244 PAPAE.

214 4310 263 4382 Dc
288 4309 406 4397 ‘ejuoio
420 4319 542 4398 septem
558 4312 840 4378 hebdomadorum
853 4323 929 4379 onte
941 4315 1082 4398 Pascha,
1096 4327 1129 4382 ct
1140 4319 1180 4384 de
1199 4323 1377 4388 missorum
1390 4324 1602 4391 celebratione
1616 4327 1651 4391 in
1670 4334 1763 4393 nocte
1780 4337 1893 4395 sarelo

161 4457 165 4463 .
279 4394 384 4491 notulis
401 4394 546 4470 Domini,
566 4402 681 4476 atquo
701 4402 843 4479 tempore
864 4394 927 4459 olii
942 4395 1055 4463 dicbus
1072 4401 1179 4466 masa
1194 4401 1402 4480 celebrentur,
1423 4413 1454 4468 ct
1473 4405 1513 4470 de
1533 4407 1760 4490 episcoporum
1780 4409 1893 4492 desen·

254 4493 353 4542 sm·
694 4553 786 4624 (Anno
799 4555 912 4614 Domini
928 4560 989 4632 tal,
1001 4560 1145 4620 Antonino
1159 4563 1208 4619 Pio
1224 4563 1416 4637 imperatore.)

249 4823 426 4883 charissimis
457 4824 591 4882 iratribus
618 4830 646 4882 ct
677 4825 864 4883 dilectissimis
891 4827 1028 4902 episcopis
1077 4833 1154 4888 ctum
1168 4832 1276 4896 Pascha
1291 4834 1496 4893 omnasclerici
1510 4836 1541 4893 in
1554 4840 1661 4894 sortem
1674 4838 1786 4896 Domini
1800 4839 1894 4897 vocati

214 4918 409 4977 Tnnsraonos
422 4919 557 4976 nomana
572 4917 649 4975 urbis
665 4919 893 4994 archiepiscopus
907 4895 1095 4981 salutemDa
1118 4941 1202 4982 carne
1217 4926 1365 4998 jejunaot3
1386 4929 1454 5001 quia
1481 4930 1553 4986 sicut
1578 4931 1697 4989 discreta
1721 4931 1812 4990 debet
1832 4948 1895 4992 ena

214 5012 245 5070 in
254 5013 387 5071 Domino.
1076 5019 1132 5075 uita
1145 5019 1341 5078 clericoruma
1355 5021 1497 5079 laicorum
1517 5025 1739 5094 conversatione,
1755 5026 1842 5084 itaet
1863 5028 1896 5087 in

250 5106 399 5164 Credimus
410 5108 537 5162 sanctam
548 5103 636 5162 iidem
651 5110 776 5164 vestram
792 5107 822 5164 in
835 5111 1028 5182 apostolorum
1073 5112 1183 5184 jejunio
1206 5112 1292 5170 debet
1310 5114 1372 5171 lieri
1393 5114 1534 5187 discretio,
1560 5123 1589 5174 ct
1609 5119 1682 5175 sicut
1703 5118 1766 5175 laici
1788 5125 1820 5177 et
1837 5137 1895 5179 sse·
1926 5165 1931 5177 .

215 5200 372 5259 eruditione
393 5200 551 5268 fundatam,
574 5199 646 5256 hanc
663 5203 762 5259 tenere
779 5203 808 5257 et
824 5202 898 5259 hanc
914 5204 1028 5276 populis
1077 5206 1184 5263 cularcs
1214 5206 1346 5265 homines
1374 5210 1478 5266 nolunt
1509 5226 1557 5268 eos
1590 5212 1719 5286 recipere
1745 5214 1777 5270 in
1808 5230 1896 5272 acca·

213 5294 516 5368 universisexponere,
534 5309 598 5366 qua
614 5293 772 5352 videliceta
785 5297 944 5353 constitutis
957 5314 1026 5370 apo·
1077 5299 1233 5357 sationibus
1261 5304 1290 5358 et
1316 5302 1549 5361 infamationibus
1578 5307 1654 5377 suis,
1688 5307 1730 5363 ita
1756 5323 1812 5364 nec
1838 5309 1897 5366 cle·

213 5390 364 5459 stolorum,
378 5404 535 5461 eorumque
546 5404 741 5447 successorum
753 5389 834 5446 nulla
847 5389 1026 5447 rationedis-
1076 5392 1128 5448 rici
1146 5393 1251 5451 debent
1271 5411 1320 5453 eos
1337 5397 1463 5470 recipere
1489 5397 1518 5454 in
1543 5399 1795 5473 impulsationibus
1813 5400 1895 5474 suis—3

213 5484 309 5554 sentit,
331 5499 384 5558 per
401 5497 474 5556 qnos
490 5481 601 5555 justum
618 5487 661 5540 est
684 5487 802 5541 ceteros
819 5484 936 5540 erudiri.
954 5485 1027 5551 Dua·
1076 5487 1213 5558 qnoniam
1239 5488 1269 5545 in
1293 5491 1426 5547 omnibns
1443 5492 1562 5549 discreta
1577 5494 1662 5552 debet
1681 5509 1797 5568 semper
1814 5510 1896 5570 esse,

213 5583 332 5650 propter
344 5576 506 5649 cognoscite
520 5591 537 5630 a
549 5575 632 5630 nobis
644 5579 674 5633 et
686 5593 704 5633 a
715 5576 824 5633 cunctis
842 5577 980 5652 episcopis
993 5579 1026 5635 in
1076 5585 1105 5638 et
1116 5587 1267 5657 scgregata
1279 5584 1345 5655 vite,
1360 5591 1389 5642 et
1406 5588 1584 5646 conversatio
1603 5577 1768 5646 clericorum
1789 5605 1824 5646 ac
1835 5604 1894 5647 ete·

213 5669 288 5725 hanc
301 5670 427 5725 sanctam
442 5666 659 5739 etapostolicam
669 5669 768 5724 &dem
781 5673 959 5742 congregatis
968 5677 1023 5730 sta·
1075 5676 1216 5735 cularium
1232 5679 1381 5738 laicorum.
1399 5683 1442 5750 Et,
1465 5682 1538 5740 sicut
1551 5682 1582 5739 hi
1605 5683 1730 5756 amplius
1749 5687 1818 5741 sunt
1837 5699 1894 5756 ap*

213 5765 308 5821 tntum
321 5778 393 5835 esse,
402 5765 552 5837 utseptem
564 5758 864 5836 hebdomadasplenas
878 5767 944 5823 anta
958 5780 1024 5825 san·
1074 5769 1170 5843 plicati
1182 5771 1284 5830 divinis
1295 5774 1428 5848 cultibus,
1447 5781 1476 5833 et
1486 5775 1640 5833 familiares
1657 5774 1770 5832 Domini
1784 5774 1893 5832 dicun<
