3870 6150
188 275 222 333 79
633 272 776 333 ᾹΡΡΕΝΙ).
797 279 842 332 ΑΙ)
861 277 942 334 SAEC.
959 280 1002 334 ll.
1019 306 1053 317 -
1069 279 1191 334 lstbout
1209 277 1422 335 athenionis
1838 275 1873 333 8⁰

186 381 313 437 humana
327 378 479 439 tormidine
490 398 608 454 peccare
617 389 758 455 metuont,
769 386 819 457 qui
828 385 1004 458 divinajudi·
1012 397 1043 471 Α
1052 401 1118 442 cum
1131 385 1184 441 ista
1196 391 1275 442 extra
1288 402 1342 443 nos
1351 386 1417 453 sint,
1430 385 1478 440 illa
1493 400 1560 441 vero
1576 385 1605 440 in
1621 384 1712 440 nobis.
1723 383 1875 440 Sententia

188 474 296 531 cianou
309 475 1003 550 formidant:deterioresquippesuntquidocto·
1054 495 1168 551 quoque
1194 479 1283 538 Cham
1309 479 1359 534 filii
1384 479 1442 534 Noe
1467 478 1648 546 damnantur,
1677 478 1727 551 qui
1753 494 1873 533 suorum

188 584 254 625 rom
268 568 366 636 vitam,
380 584 533 642 moresque
544 573 745 642 corrumpunt,
756 571 800 628 his
812 572 862 644 qui
876 572 1005 629 substan-
1055 571 1204 628 doctorum
1221 572 1264 628 vel
1279 571 1498 644 praepositorum
1514 570 1628 643 culpam
1649 571 1785 643 produnt,
1802 573 1875 627 sicut

188 661 243 716 tias
252 660 383 729 aliorum,
391 661 556 734 praediaque
567 662 714 735 diripiunt,
725 663 779 735 ipsi
789 667 885 720 autern
896 680 930 721 ea
940 681 1005 737 quae
1054 664 1144 720 Cham
1163 664 1213 736 qui
1232 665 1321 736 patris
1338 664 1471 735 pudenda
1488 680 1546 721 non
1566 665 1688 735 operuit,
1709 663 1759 719 sed
1782 665 1874 736 magis
1907 686 1914 701 ·

188 757 339 824 erhanos,
357 753 424 811 licet
439 758 536 811 nostra
549 756 614 823 sint,
629 756 772 827 auferunt,
786 757 876 813 nostri
891 772 1005 830 quoque
1054 756 1209 812 deridenda
1237 758 1415 814 monstrarit.
1449 758 1550 813 hoctor
1575 762 1673 814 autam
1700 759 1743 813 vel
1776 760 1875 829 pastor

188 847 360 904 detractores
382 852 411 903 et
428 864 542 904 morum
562 852 741 921 corruptores
759 853 924 907 nostrorum
945 851 1004 906 sive
1055 849 1200 917 Ecclesia,
1226 850 1250 904 si
1271 867 1289 904 a
1309 849 1366 907 fide
1387 849 1605 918 exorbitaverit,
1629 851 1684 906 erit
1706 867 1724 906 a
1745 850 1875 907 fidelibus

186 941 237 1012 qui
256 940 388 997 adversus
408 957 461 996 nos
481 945 640 1011 armantur,
654 941 768 1014 proprie
786 943 913 1016 nosipsos
933 943 1006 1000 deci·
1054 942 1251 1014 corrigendus,
1276 943 1327 998 sed
1352 959 1403 1014 pro
1423 943 1553 1015 reprobis
1569 942 1698 999 moribus
1718 943 1812 1015 mags
1833 948 1876 1000 est

186 1034 278 1106 piant.
305 1035 340 1090 Et
361 1032 425 1090 ideo
444 1033 521 1105 juste
548 1034 668 1092 infames
689 1040 766 1104 sunt,
791 1039 820 1092 et
842 1037 945 1094 merito
969 1037 1005 1092 ab
1055 1036 1220 1093 tolerandus
1230 1052 1319 1108 quam
1331 1035 1556 1108 distringendus,
1568 1036 1636 1106 quia
1648 1040 1773 1091 rectores
1782 1034 1877 1092 Eccle-

186 1126 311 1184 Ecclesia
325 1129 451 1183 extorres
464 1126 547 1182 fiunt.
1054 1128 1130 1183 sina
1144 1128 1202 1183 Deo
1210 1128 1358 1199 judicandi
1372 1133 1447 1196 sunt,
1459 1128 1532 1183 sicut
1543 1128 1585 1184 ait
1599 1129 1760 1199 Propheta:
1773 1130 1875 1184 «Deus

221 1221 274 1275 Pro
285 1218 472 1292 meritisergo
483 1219 573 1291 plebis
585 1235 659 1293 saepe
673 1225 800 1293 pastores
812 1222 1005 1292 depraventur
1052 1221 1129 1277 stetit
1148 1221 1178 1276 in
1198 1237 1344 1292 synagoga
1362 1221 1498 1287 deornm,
1523 1221 1553 1275 in
1573 1220 1784 1278 medicantem
1804 1223 1876 1278 deos

185 1311 328 1381 Ecclesia,
341 1316 374 1369 ιιι
391 1312 544 1384 proclivius
558 1317 691 1369 corruant
704 1314 754 1387 qui
768 1317 937 1385 sequuntur.
953 1315 1004 1370 Ga-
1055 1313 1190 1385 dijudicat
1212 1314 1295 1384 (Psoi.
1318 1329 1410 1381 cxxxi,
1435 1316 1474 1385 l),
1501 1336 1515 1363 ε
1541 1314 1616 1371 ιιιιιιε
1639 1319 1752 1386 oportet
1772 1330 1877 1371 unum·

186 1405 245 1478 pite
260 1404 392 1462 videlicet
404 1406 614 1478 languescente,
627 1406 738 1462 lucilius
751 1407 860 1479 reliqua
877 1407 1005 1463 membra
1054 1422 1197 1479 quemque
1217 1405 1344 1474 fidelem,
1360 1407 1383 1461 si
1403 1406 1507 1463 viderit
1526 1412 1576 1463 ant
1598 1407 1765 1480 cognoverit
1778 1407 1876 1479 plebes

186 1499 311 1571 corporis
325 1498 501 1567 inficiuntur,
514 1504 547 1554 ιιι
559 1499 697 1571 scripturn
711 1504 773 1556 est:
790 1522 804 1550 α
815 1499 905 1556 Omne
920 1505 1006 1572 caput
1055 1515 1118 1554 sues
1128 1499 1264 1555 adversus
1273 1504 1422 1570 pastorem
1433 1516 1516 1556 suum
1526 1503 1695 1570 tumescere,
1705 1500 1875 1558 aetolorum

186 1591 365 1663 languidum,
389 1594 419 1647 et
438 1607 524 1647 omne
543 1607 593 1647 cor
615 1607 747 1660 moerens,
769 1609 786 1646 a
806 1592 903 1664 planta
923 1592 1005 1664 pedis
1055 1591 1262 1649 detractoribus
1276 1609 1385 1661 vacare,
1398 1593 1453 1648 hoc
1468 1571 1569 1649 vitium
1583 1609 1637 1665 pro
1653 1593 1759 1652 viribus
1771 1593 1875 1651 exstir-

186 1700 276 1756 usquc
298 1684 335 1739 ad
356 1683 491 1740 verticem
511 1683 630 1756 capitis,
651 1701 710 1740 non
734 1688 776 1741 est
796 1685 825 1740 in
847 1701 881 1741 eo
901 1685 1005 1741 sanitas
1053 1700 1125 1758 pare
1137 1685 1349 1757 prudenterque
1362 1686 1505 1756 corrigere
1520 1688 1639 1758 satagat,
1648 1702 1699 1743 nec
1712 1687 1754 1742 cis
1766 1685 1798 1743 in
1814 1687 1875 1758 qui·

186 1778 260 1847 (lsai.
284 1794 303 1847 1,
323 1780 359 1849 ιι).
377 1799 392 1827 a
409 1776 589 1849 Quapropter
604 1778 788 1834 manifestum
802 1781 846 1834 est
858 1755 1042 1836 diabolumB
1053 1778 1220 1852 buscunque
1239 1778 1361 1852 negotiis
1379 1779 1502 1848 misceri,
1523 1779 1547 1834 si
1565 1778 1769 1851 incorrigibiles
1786 1795 1876 1853 appa-

188 1870 247 1943 (qui
265 1869 338 1926 sicut
351 1868 395 1926 leo
413 1870 530 1942 rugiens
544 1869 653 1938 circuit,
669 1887 803 1941 quaerens
817 1886 903 1943 quem
917 1871 1006 1943 possit
1054 1871 1167 1928 ruerint
1176 1873 1331 1942 antequam
1341 1888 1393 1927 sno
1406 1870 1627 1928 reconcilientur
1639 1871 1757 1939 doctori,
1768 1887 1878 1944 praesn·

72 1979 75 1984 ·
187 1962 331 2034 devorare)
357 1961 489 2019 cordibus
511 1962 638 2034 plebium
663 1964 801 2035 suadere,
825 1969 857 2020 ut
878 1964 1007 2020 doctores
1055 1968 1125 2034 mat,
1142 1964 1280 2035 quoniam
1298 1967 1357 2019 tam
1376 1964 1536 2023 sacerdotes
1555 1979 1642 2036 quam
1660 1963 1763 2037 reliqui
1775 1963 1879 2020 lideles

186 2061 272 2128 atque
302 2058 431 2128 pastores
464 2072 529 2111 suos
564 2056 768 2113 detractoribus
800 2058 933 2130 irrogent
962 2059 1007 2114 vel
1055 2072 1155 2113 omnes
1177 2056 1283 2112 debent
1304 2057 1409 2113 habere
1430 2073 1573 2113 summam
1592 2072 1692 2113 curam
1710 2057 1746 2113 de
1764 2056 1813 2111 his
1829 2055 1879 2127 qui

187 2150 322 2205 accusent
351 2150 382 2203 ut
410 2148 539 2219 plebibus
567 2149 831 2221 languescentibus,
857 2152 903 2206 vel
932 2152 1008 2206 mala
1055 2153 1189 2223 pereunt,
1214 2156 1354 2223 quatenus
1371 2166 1473 2207 corum
1490 2150 1703 2221 redargutione,
1718 2153 1768 2205 aut
1786 2151 1878 2206 corri-

187 2240 354 2312 agentihus,
379 2256 437 2295 non
467 2240 629 2298 tenentibus
655 2241 818 2313 pastoribus
844 2241 926 2300 frena
957 2259 1006 2298 co·
1057 2242 1334 2316 ganturapcccatis,
1349 2248 1399 2299 aut
1412 2243 1436 2298 si
1454 2243 1663 2316 incorrigibiles
1678 2243 1879 2317 apparuerint,

187 2349 253 2389 rum
276 2332 423 2390 lasciviant
441 2336 527 2406 atque
546 2333 578 2389 in
601 2333 661 2389 ima
683 2338 778 2391 ruant.
797 2335 917 2392 llultnm
939 2351 1006 2391 vero
1057 2334 1093 2392 ab
1107 2333 1229 2393 Ecclesia
1242 2338 1421 2409 separentur.

188 2425 783 2486 distantdamnamorumedarnnisrerum
793 2427 1004 2500 temporalium,

316 2714 373 2783 DE
400 2713 626 2786 SUBJECTIS
648 2714 722 2798 QUI
746 2714 868 2786 AMICI
892 2713 1004 2785 SUNT
1027 2712 1205 2784 INIMICIS
1229 2712 1531 2786 EPISCOPORUM
1554 2714 1745 2785 SUORUbl.

223 2906 270 2963 Ait
287 2921 356 2979 ergo
373 2905 473 2962 beatus
491 2906 625 2980 princeps
642 2909 838 2980 apostolorum
854 2909 954 2964 Petrus
973 2906 1144 2994 decetiam
1166 2906 1258 2962 omnis
1281 2905 1383 2976 fidelis,
1405 2923 1441 2963 ne
1463 2906 1625 2979 derogando
1645 2906 1720 2979 quod
1741 2906 1772 2961 in
1792 2907 1879 2962 domo

188 3003 286 3056 sancto
299 2999 509 3072 predecessore
521 3003 620 3056 nostm
632 3000 779 3058 Clemente
791 3001 922 3074 plebibus
936 3016 1008 3073 prae·
1058 2999 1226 3072 cirjusquam
1241 2999 1346 3071 agitur,
1364 2999 1419 3055 alia
1439 2999 1540 3055 domus
1558 3015 1610 3071 per
1629 3015 1695 3055 eum
1713 3005 1879 3071 cognoseat,

188 3091 323 3160 dicando,
334 3092 449 3164 quando
462 3091 583 3149 docebat
595 3109 641 3149 ees
656 3093 779 3166 qualiter
790 3094 815 3150 ei
827 3092 945 3149 obedire
957 3093 1007 3148 de·
1058 3092 1109 3148 scd
1128 3092 1259 3148 omnium
1278 3091 1504 3149 Christianorum
1526 3092 1626 3149 domos
1649 3091 1731 3163 qnasi
1748 3093 1881 3165 proprias

187 3185 1009 3258 berent,enmqueobservareintercaetera,ait:Siinimi·
1057 3185 1144 3240 amet.
1168 3186 1256 3240 Nemo
1280 3185 1357 3240 enim
1377 3185 1466 3241 invito
1489 3184 1614 3240 auditori
1640 3184 1761 3240 libenter
1779 3185 1879 3253 retem,

187 3295 238 3334 cus
251 3281 294 3335 cst
305 3278 388 3334 alicui
401 3295 454 3350 pro
468 3279 577 3334 actibus
590 3279 658 3347 suis,
668 3295 719 3335 vos
732 3279 820 3336 nolite
835 3283 1007 3353 exspectare,
1058 3277 1150 3348 sitque
1174 3277 1399 3349 uniuscujusque
1422 3276 1565 3344 studium,
1586 3293 1645 3332 non
1667 3277 1760 3333 solum
1783 3279 1881 3334 oculos

188 3375 221 3428 ut
237 3371 296 3444 ipse
316 3371 395 3427 vobis
415 3372 499 3442 dicat,
515 3389 581 3427 cum
599 3372 649 3428 illo
664 3373 753 3428 nolite
771 3372 857 3428 amici
872 3388 942 3440 esse,
960 3371 1009 3429 sed
1059 3373 1149 3424 castos
1164 3385 1287 3439 servare,
1303 3370 1350 3426 sed
1372 3373 1401 3425 ει
1423 3369 1560 3441 linguam.
1577 3371 1632 3424 Vos
1646 3372 1752 3437 ειιιειιι,
1771 3371 1879 3426 charis-

186 3465 345 3537 prudenter
352 3464 501 3521 observare
513 3464 632 3532 debetis,
642 3469 670 3521 et
679 3465 820 3521 voluntati
831 3465 893 3537 ejus
901 3465 1008 3537 absque
1058 3462 1133 3534 simi,
1148 3462 1197 3535 qui
1211 3462 1280 3518 estis
1296 3462 1349 3518 sub
1366 3462 1514 3535 disciplina
1530 3463 1644 3518 Domini
1664 3463 1820 3530 constituti,
1840 3464 1880 3520 sic

187 3557 445 3613 communicatione
458 3557 661 3628 obsecundare,
674 3563 703 3615 et
716 3563 844 3615 avertere
856 3575 907 3614 vos
916 3559 950 3614 ab
964 3574 1007 3625 eo,
1058 3570 1106 3610 vos
1125 3555 1267 3623 exhibete,
1283 3558 1315 3610 ut
1329 3556 1388 3611 veri
1406 3555 1532 3611 ministri
1546 3560 1574 3610 et
1589 3555 1800 3626 dispensatores
1813 3572 1880 3628 my·

187 3650 233 3706 cui
245 3651 341 3723 ipsum
351 3650 461 3706 sentitis
470 3652 633 3720 adversum,
643 3651 692 3707 sed
703 3667 755 3707 nec
765 3651 842 3723 loqui
852 3651 897 3706 his
906 3651 1008 3725 quibus
1058 3648 1210 3704 steriorum
1236 3649 1314 3720 ejus,
1338 3651 1369 3703 ut
1395 3664 1454 3704 non
1478 3648 1656 3720 vituperetur
1684 3647 1881 3705 ministerium

185 3743 247 3815 ipse
259 3760 318 3799 non
333 3744 480 3816 loquitur:
498 3747 530 3800 ut
548 3745 742 3818 unusquisque
755 3746 804 3817 qui
818 3744 865 3800 hic
879 3744 910 3800 in
924 3745 1009 3816 culpa
1057 3744 1194 3810 vestrum,
1209 3756 1245 3795 ne
1258 3741 1310 3797 ilat
1322 3741 1352 3795 iu
1368 3741 1446 3796 vobis
1461 3741 1533 3796 sicut
1548 3741 1764 3812 scriptumest:
1780 3764 1796 3791 ι(
1810 3742 1881 3798 Ecce

188 3839 242 3908 est,
256 3836 326 3895 dum
341 3837 419 3909 cupit
433 3837 563 3894 omnium
575 3838 669 3893 rirnm
683 3838 820 3894 amicitias
833 3838 918 3907 terre,
932 3837 1008 3893 lesti—
1058 3834 1130 3888 sicut
1144 3833 1264 3904 populus
1276 3833 1315 3888 sic
1331 3834 1462 3889 sacerdos
1475 3833 1549 3904 (lsai.
1565 3850 1641 3900 xxiv,
1657 3834 1695 3904 2).
1710 3853 1724 3885 o
1741 3833 1789 3891 Sic
1801 3835 1881 3891 euim

187 3935 241 3987 net
253 3930 336 3986 citius
348 3931 523 3987 reconciliari
538 3930 565 3986 ci
579 3931 630 4002 qui
642 3931 774 3985 omnibus
790 3933 902 4001 preest,
915 3933 944 3983 et
957 3945 1009 4000 per
1058 3942 1105 3980 vos
1123 3929 1287 3996 vestrosque
1305 3931 1334 3981 et
1353 3930 1469 3981 cunctos
1487 3926 1630 3998 corrigite,
1650 3931 1683 3982 ιιι
1695 3926 1808 3983 nemini
1828 3945 1881 3984 no

187 4022 241 4079 hoc
256 4024 356 4080 redeat
369 4022 406 4077 ad
424 4024 556 4091 salutem,
570 4038 637 4077 curn
655 4022 770 4077 obedire
784 4022 899 4092 coeperit
912 4021 1007 4076 moni-
1058 4018 1154 4086 ceatis,
1171 4021 1312 4090 quatenus
1327 4023 1356 4075 et
1370 4019 1405 4074 eh
1420 4019 1588 4075 horninibus
1602 4019 1708 4075 bonam
1722 4019 1880 4093 acquiratis

185 4115 223 4169 tis
239 4114 430 4187 praesidentis.
447 4115 474 4170 Si
495 4130 560 4170 vero
580 4114 644 4186 quis
661 4114 769 4170 amicus
786 4113 874 4170 luerit
887 4112 933 4169 his
948 4114 1008 4186 qui·
1058 4109 1241 4184 famam18
1257 4116 1288 4166 et
1304 4128 1321 4166 a
1336 4113 1394 4167 lieo
1409 4112 1548 4168 mercedis
1562 4112 1716 4185 praemium
1728 4112 1757 4167 in
1771 4117 1881 4169 reterrm

185 4205 239 4260 bus
254 4207 315 4278 ipse
333 4204 443 4260 amicus
457 4222 515 4260 non
535 4211 587 4276 est,
604 4209 634 4261 ει
646 4207 723 4261 Ιοειιε
740 4206 828 4263 luerit
842 4207 887 4262 his
905 4206 1009 4280 quibus
1057 4204 1231 4260 beatitudine
1245 4204 1393 4275 percipere
1406 4204 1583 4260 mereamini.
1601 4203 1670 4260 Etsi
1684 4205 1752 4275 quid
1766 4205 1879 4262 adversi

186 4297 247 4370 ipse
264 4314 324 4353 non
345 4297 481 4369 loquitur,
506 4315 577 4354 unus
604 4302 673 4355 est:
696 4303 725 4356 et
746 4301 806 4371 ipse
827 4317 860 4356 ex
881 4300 937 4355 illis
958 4297 1094 4382 quiDde
1113 4298 1221 4353 unitate
1240 4297 1373 4353 Ecclesiae
1392 4297 1535 4366 acciderit,
1552 4297 1686 4353 radicitus
1700 4303 1876 4370 amputetur,

187 4391 379 4447 exterminare
395 4390 447 4446 Dei
466 4391 618 4448 Ecclesiam
638 4393 753 4461 volunt,
775 4393 941 4465 etreliqua.
962 4394 1008 4449 llis
1059 4394 1090 4446 ut
1102 4389 1151 4445 uei
1164 4390 1287 4445 Ecclesia
1297 4390 1463 4462 fructusque
1473 4406 1620 4445 servorum
1632 4390 1877 4448 maneantincou-

187 4484 306 4558 aliisque
314 4484 535 4557 quamplurimis
541 4485 716 4542 documentis
724 4485 1008 4559 lacileunusquisque
1059 4499 1148 4538 cussa.
1160 4485 1304 4554 «Propter
1315 4482 1402 4555 quod,
1413 4483 1581 4551 charissimi,
1593 4486 1791 4556 exspectantes
1804 4487 1881 4540 sata·

186 4578 331 4635 advertere
352 4582 454 4650 potest,
474 4578 597 4651 qualiter
617 4579 744 4647 obedire,
763 4583 792 4635 et
810 4579 1007 4651 obtemperare
1059 4576 1117 4647 gite
1129 4575 1306 4631 immaculati
1319 4575 1345 4632 ei
1357 4575 1478 4631 inveniri
1491 4575 1521 4629 in
1532 4591 1610 4646 pace,
1624 4581 1653 4632 et
1663 4575 1778 4632 Domini
1789 4576 1881 4632 nostri

187 4671 271 4726 debet
285 4670 445 4743 praepositis
458 4671 526 4739 suis,
540 4671 787 4745 etqualitercirca
802 4688 851 4727 eos
864 4671 1009 4743 agendum
1058 4670 1123 4724 Jesu
1149 4667 1253 4723 Chrish'
1277 4667 1526 4740 longanimitatem
1549 4668 1673 4723 salutem
1696 4667 1881 4725 arbitremini

185 4763 232 4830 sit,
253 4764 355 4836 quibus
370 4763 423 4836 ipsi
443 4769 492 4820 aut
507 4764 591 4820 amici
609 4769 676 4821 sunt
695 4769 746 4820 aut
764 4763 883 4819 inimici.
901 4764 928 4820 si
945 4765 1009 4836 quis
1059 4762 1097 4831 (Π
1112 4762 1184 4817 Patr.
1208 4777 1248 4828 ιιι,
1272 4761 1326 4832 ll).
1343 4781 1357 4811 »
1379 4762 1502 4816 «Estote
1523 4776 1591 4832 crgo
1612 4761 1777 4832 prudentes,
1794 4763 1881 4834 atqrre

186 4856 265 4912 euim
287 4857 349 4913 hrec
376 4861 518 4928 precepta
540 4874 600 4914 non
627 4857 831 4926 observaverit,
856 4857 945 4913 hostis
966 4860 1010 4913 εει
1060 4853 1174 4926 vigilate
1188 4853 1219 4908 iu
1233 4853 1418 4920 orationibus,
1434 4856 1500 4909 ante
1516 4853 1613 4908 omnia
1634 4856 1731 4910 autem
1748 4858 1882 4910 mutuam

188 4948 293 5004 animae
305 4965 375 5016 suae,
388 4953 417 5005 et
429 4966 490 5004 non
507 4954 621 5005 mnium
640 4949 764 5017 intumis,
778 4949 826 5005 sed
847 4953 877 5004 et
895 4965 1007 5005 excom·
1060 4947 1090 5002 in
1113 4945 1321 5018 vobismetipsis
1348 4946 1513 5002 charitatem
1536 4947 1702 5002 continuam
1723 4946 1880 5014 habentes,

189 5041 1010 5114 manicatusatqncalienusebEcclesiaefficitur,quoniam
1060 5037 1883 5111 quiacharitasoperitmultitudinempeccatorum‚hospi-

190 5150 306 5191 necesse
316 5137 359 5190 est
368 5134 476 5190 eavitia
485 5134 734 5192 ferroabscinderc
744 5151 808 5208 quae
816 5134 877 5190 aliis
887 5135 1010 5191 medica-
1059 5133 1130 5187 tales
1158 5131 1278 5188 invicem
1307 5131 1367 5188 siue
1397 5133 1634 5188 murmuratione.
1660 5132 1881 5203 Unusquisque,

187 5227 314 5283 minibus
329 5243 386 5282 non
399 5232 543 5283 sanantur.
556 5230 658 5284 Pareat
670 5228 867 5300 unusquisque
879 5245 896 5282 a
908 5228 1011 5283 lacera·
1061 5224 1134 5280 sicut
1150 5224 1260 5297 accepit
1278 5224 1410 5297 gratiam,
1425 5224 1455 5280 in
1475 5224 1646 5281 altemirum
1664 5224 1741 5280 illam
1760 5224 1884 5280 admini-

189 5321 277 5389 tione,
296 5320 339 5377 vel
353 5319 525 5377 demetiano
537 5320 644 5392 lingue
661 5337 731 5389 suae,
745 5323 898 5392 animique
910 5336 945 5377 ne
959 5323 1009 5375 aut
1062 5322 1193 5385 suentes,
1204 5316 1277 5372 sicut
1287 5317 1355 5372 boni
1365 5316 1575 5388 dispensatores
1587 5316 1771 5374 multiformis
1780 5317 1882 5389 gratiae

186 5414 329 5487 linguam,
340 5417 389 5469 aut
402 5429 486 5470 aures
501 5413 605 5469 habeat
615 5415 787 5487 prurientes,
802 5413 895 5482 idest,
910 5429 946 5469 ne
960 5419 1009 5469 aut
1062 5411 1132 5480 Ilei3
1151 5410 1175 5465 si
1195 5409 1258 5482 quis
1276 5408 1401 5482 loquitur
1419 5410 1499 5482 quasi
1520 5426 1665 5467 sermones
1686 5410 1753 5479 bei,
1774 5409 1797 5464 si
1816 5410 1882 5482 quis

186 5507 248 5562 aliis
270 5508 403 5579 deroget,
426 5505 619 5579 detrahatque
640 5522 840 5579 quoscunque,
864 5511 914 5561 aut
937 5505 1009 5562 alios
1062 5503 1206 5559 ministret
1233 5505 1370 5574 tanquam
1396 5517 1429 5558 er
1457 5502 1561 5559 virtute
1587 5519 1676 5576 quam
1701 5501 1883 5558 administrat

184 5598 283 5656 audiat
314 5601 485 5674 derogantes
510 5602 554 5657 vel
585 5600 786 5668 detrahentes,
816 5598 1013 5671 custodiatque
1062 5597 1144 5663 Deus,
1160 5593 1236 5651 utin
1249 5594 1600 5652 omnibusbonorilicctur
1615 5596 1699 5668 Deus,
1714 5611 1766 5668 per
1783 5596 1882 5650 iesum

188 5691 314 5763 quisque
328 5710 474 5751 sermones
494 5711 568 5764 suos,
585 5697 614 5750 et
631 5694 701 5750 sciat
716 5693 784 5766 quia
801 5692 965 5765 quicunque
979 5692 1014 5748 de
1063 5688 1215 5757 Christum,
1231 5687 1277 5743 cui
1291 5691 1333 5744 est
1351 5688 1444 5760 gloria
1456 5692 1485 5744 et
1497 5689 1649 5761 imperium
1666 5689 1696 5744 in
1709 5687 1814 5744 saecula
1828 5703 1881 5743 sre-

183 5781 249 5839 aliis
277 5782 422 5857 loquitur,
449 5804 501 5843 sua
529 5788 669 5845 sententia
697 5786 884 5860 judicabitur,
912 5786 1015 5841 Caveat
1063 5781 1203 5838 culorum.
1217 5786 1307 5838 Amen
1321 5780 1345 5852 (l
1357 5782 1429 5838 Petr.
1444 5798 1480 5851 iv,
1492 5781 1529 5853 7.)
1545 5803 1559 5831 o
