3870 6150
53 258 125 313 ll53
677 252 916 311 DECREThLlUll
935 255 1127 312 COLLECTIO.
1676 263 1743 317 ¹154

53 370 144 421 suut:
162 388 176 415 a
191 366 296 420 Euutes
310 365 463 436 predicate
480 364 670 438 Evangelium
687 364 791 437 regui:
809 380 874 435 gra·
886 365 955 450 Ain
971 364 1033 419 talis
1054 365 1217 420 commercii
1239 368 1317 421 lucro
1339 383 1405 422 cum
1427 369 1487 421 tota
1508 366 1677 437 plaudimus
1692 371 1744 424 Ec-

52 458 91 513 tis
108 458 269 531 accepistis,
279 459 367 531 gratis
377 460 444 517 date
454 459 562 530 (blattis.
573 476 602 530 x,
612 464 639 529 7,
651 456 697 532 8)»
710 458 877 531 inpartibus
926 457 1018 514 alesia.
1039 459 1108 513 Hinc
1124 459 1190 530 jure
1203 460 1256 515 tibi
1272 461 1344 516 sacri
1357 460 1436 532 pallii
1452 460 1606 517 direximus
1627 478 1743 531 munus,

51 552 256 624 hesperiarum
281 553 318 608 ad
342 553 585 610 illuminationem
608 553 768 610 Germanie
782 555 877 625 gentis
926 552 1003 625 quod
1017 552 1092 607 beati
1107 553 1182 609 Petri
1200 555 1320 625 apostoli
1338 554 1507 610 auctoritate
1528 556 1686 628 suscipiens
1699 557 1743 612 in·

51 646 83 700 in
98 647 201 702 umbra
215 647 314 702 mamis
333 648 461 704 sedentis
474 648 548 721 (luc.
564 664 584 717 1,
598 646 643 719 79)
659 647 783 719 dirigere
799 665 874 720 pre·
926 646 1033 718 duaris,
1045 648 1131 719 atque
1146 647 1223 703 iuter
1238 649 1465 722 archiepiscopos
1477 651 1617 705 unusDeo
1631 655 1744 706 auctore

52 740 190 808 vidimus,
203 741 316 796 lucrum
341 741 407 797 iude
427 747 462 798 ut
482 745 634 815 apportare
655 741 783 810 deberes,
797 741 876 813 qnasi
926 740 1107 813 precipimus
1121 745 1154 796 ut
1166 742 1318 798 censearis.
1333 742 1463 808 Qualiter
1475 742 1554 799 euim
1566 758 1599 800 eo
1611 744 1702 800 utaris
1711 761 1744 800 ex

52 849 153 890 servus
163 834 211 890 ille
226 835 261 891 de
276 835 394 907 negotio
410 836 521 903 talenti,
536 837 608 891 sicut
620 835 758 908 scriptum
774 838 827 904 est,
841 835 875 888 ti-
926 835 1059 890 mandate
1070 835 1226 906 apostolico
1237 836 1405 892 informatus
1415 838 1625 909 cognosces,ita
1635 842 1666 893 ut
1676 838 1743 894 dum

53 927 111 982 dus
119 927 152 984 iu
166 928 263 984 futuro
284 929 392 984 auctori
406 930 509 985 asserit
521 931 579 985 Deo
593 929 702 985 iecisse.
716 929 797 994 Quod
809 930 876 1001 qnia
926 929 1078 984 missarum
1093 929 1232 985 solemnia
1246 931 1334 1001 geris,
1345 932 1389 986 vel
1401 932 1565 1003 episcopum
1580 934 1608 988 te
1621 932 1733 1005 contige

53 1038 87 1076 ex
101 1021 273 1077 obedientie
290 1039 410 1079 munere
434 1023 627 1079 ministerium
641 1022 720 1078 verbi
734 1023 877 1078 cernimus
926 1023 963 1078 rit
977 1040 1153 1090 consecrare,
1167 1024 1215 1078 illo
1232 1025 1431 1080 tantummodo
1447 1030 1575 1097 tempore
1595 1042 1628 1082 eo
1644 1026 1743 1082 utaris.

52 1114 180 1183 adolere,
196 1119 224 1170 et
237 1116 449 1188 predicationis
461 1117 606 1189 preconio
621 1116 760 1188 populum
774 1115 874 1170 inside-
927 1117 998 1183 Quia
1011 1134 1078 1172 vero
1094 1118 1202 1185 turbas,
1215 1118 1325 1173 Domini
1343 1119 1437 1190 gratia
1450 1119 1478 1172 in
1495 1118 1603 1174 eisdem
1617 1121 1746 1192 partibus

53 1210 124 1278 lem,
138 1214 171 1264 ut
186 1209 347 1278 innotuisti,
364 1210 527 1266 audivimus
542 1210 678 1280 converti,
693 1209 806 1266 Domini
824 1227 875 1281 po·
927 1211 963 1266 ad
974 1214 1081 1266 rectam
1097 1211 1184 1266 tidem
1199 1213 1343 1267 asseruisti
1359 1229 1520 1282 conversas,
1532 1213 1654 1284 nequire
1664 1218 1692 1270 te
1702 1230 1746 1270 oc·

54 1302 155 1357 tenue
168 1302 275 1374 gratias
288 1303 455 1371 relerentes,
471 1308 503 1359 ut
517 1304 577 1375 ipse
590 1320 607 1359 a
618 1320 675 1377 qua
686 1303 793 1359 bouum
807 1320 875 1375 pro-

53 1395 132 1452 cedit
147 1396 213 1465 (Jac.
229 1412 248 1463 1,
267 1398 320 1466 tl),
336 1398 364 1452 et
386 1396 421 1451 ad
442 1397 619 1469 agnitionem
637 1398 697 1452 vult
713 1413 814 1452 amnes
828 1413 876 1451 ve-

52 1490 118 1544 nire
130 1489 259 1545 veritatis
274 1493 297 1559 tl
310 1493 378 1546 lim.
393 1507 423 1560 n,
439 1490 478 1562 l),
493 1490 544 1545 tibi
564 1496 704 1562 optamus,
717 1496 750 1546 ut
771 1507 874 1562 coope-

927 1321 1042 1360 currere
1054 1304 1188 1360 omnibus
1201 1321 1234 1360 ea
1245 1321 1309 1377 quar
1323 1306 1422 1360 salutis
1434 1309 1501 1361 sunt
1510 1306 1746 1378 impenderc,aut

926 1398 1071 1469 intimare,
1086 1415 1151 1453 cum
1161 1398 1222 1469 jam
1239 1399 1323 1471 louge
1338 1399 1450 1471 lateque
1466 1400 1557 1471 gratia
1571 1399 1673 1456 Christi
1683 1401 1745 1472 ejus

927 1493 997 1548 tides
1017 1493 1047 1548 in
1071 1493 1125 1547 illis
1151 1492 1279 1563 partibus
1302 1496 1488 1565 propagetur,
1510 1494 1693 1566 precipimus
1716 1501 1746 1550 ut

53 1586 135 1639 retur
149 1587 179 1638 et
192 1601 209 1638 a
223 1583 349 1639 tenebris
361 1584 397 1640 ad
407 1585 502 1640 lucem
518 1584 657 1657 populum
671 1584 750 1640 illum
761 1600 818 1639 sue
828 1601 877 1655 po·
923 1587 1005 1657 juxta
1018 1603 1162 1642 sacrorum
1178 1602 1321 1641 canonum
1335 1589 1451 1656 statuta,
1466 1586 1514 1641 ubi
1528 1587 1681 1644 multitudo
1696 1604 1744 1644 ex·

53 1676 154 1732 tentiae
169 1676 357 1749 inspiratione
371 1678 489 1734 reducat
501 1679 526 1749 (l
536 1681 608 1734 Pete.
622 1696 650 1746 ιι,
663 1679 698 1748 9).
715 1678 784 1733 llinc
797 1677 874 1733 enim
926 1680 1013 1735 crevit
1023 1679 1159 1749 fidelium,
1171 1696 1203 1735 ex
1213 1680 1313 1752 vigore
1325 1680 1488 1751 apostolice
1502 1680 1576 1736 sedis
1587 1680 1691 1736 debeas
1702 1697 1746 1737 or-

53 1769 133 1825 vobis
142 1786 254 1825 merces
263 1771 535 1843 copiosacredimus,
547 1772 624 1844 quod
633 1771 669 1826 ab
680 1751 914 1843 omnipotenteB
926 1773 1026 1830 dinare
1039 1774 1200 1845 episcopos3
1212 1774 1259 1846 pia
1273 1777 1370 1829 tamen
1381 1774 1635 1846 contemplatione,
1646 1778 1745 1831 utnon

54 1863 176 1919 Domino
190 1864 348 1921 ascribatur
362 1866 391 1920 in
412 1866 488 1921 coelis
500 1866 608 1932 (blattis.
623 1882 650 1934 v,
669 1867 719 1936 lt.)
736 1886 750 1914 α
766 1866 875 1920 Beuum
926 1868 1040 1923 vilescat
1057 1866 1178 1940 dignitas
1193 1867 1381 1940 episcopatus.
1397 1867 1597 1939 Presbyterum
1620 1884 1745 1941 namque

55 1957 133 2012 euim
168 1961 326 2028 certamen,
354 1980 367 2006 a
393 1959 415 2014 si
438 1959 667 2031 perseveraveris,
692 1959 781 2031 possis
811 1977 876 2015 cum
927 1978 1011 2034 quem
1028 1961 1172 2033 preterito
1194 1961 1338 2017 asseruisti
1357 1978 1434 2017 anno
1458 1961 1495 2016 ad
1516 1979 1567 2037 nos
1588 1962 1743 2031 advenisse,

53 2052 191 2124 Apostolo
206 2052 321 2109 dicere:
337 2074 350 2104 «
364 2053 486 2124 Certavi,
502 2070 618 2109 cursum
632 2055 837 2122 consummavi,
846 2053 876 2108 fi·
927 2060 1080 2127 nostroque
1100 2054 1210 2126 judicio
1234 2055 1321 2110 tuisse
1335 2072 1351 2110 a
1366 2057 1425 2111 suis
1444 2055 1560 2111 nefariis
1583 2055 1742 2112 absolutum

56 2145 123 2201 dem
137 2146 249 2203 servavi
263 2148 299 2218 tll
317 2151 386 2204 lim.
401 2164 438 2217 iv,
453 2150 489 2217 7).
505 2149 586 2204 »Sed
609 2152 640 2203 ut
659 2164 796 2205 coronam
810 2164 876 2220 per·
926 2148 1083 2204 actionibus
1098 2150 1207 2217 credas,
1224 2165 1315 2221 neque
1336 2148 1417 2204 nobis
1433 2148 1622 2206 confessiones
1635 2149 1745 2222 aliquas

55 2239 143 2310 cipias
158 2239 263 2296 laboris
276 2241 382 2298 insiste.
397 2242 548 2298 Pollicetur
562 2242 640 2298 euim
656 2244 730 2298 Deus
746 2258 874 2315 perseve·
926 2242 1002 2307 tecit,
1017 2259 1068 2297 nec
1084 2243 1206 2310 anobis,
1221 2248 1254 2299 ut
1268 2260 1334 2298 suos
1349 2244 1460 2315 expleat
1481 2243 1587 2311 libitus,
1602 2243 1745 2300 absolutus

56 2334 185 2390 rantibus
199 2335 229 2390 in
246 2335 302 2392 fine
317 2320 449 2407 salutem,
465 2341 558 2393 necte
572 2336 658 2391 mine
672 2341 809 2404 terreant,
824 2353 876 2392 nec
927 2342 977 2404 est,
992 2336 1039 2391 sed
1055 2337 1077 2390 si
1093 2353 1159 2392 eum
1172 2336 1262 2392 errori
1277 2337 1415 2405 deditum,
1430 2337 1505 2392 hunc
1525 2337 1684 2410 apostolice
1699 2356 1743 2394 se·

57 2428 194 2499 dejiciant
205 2433 341 2498 terrores,
353 2430 403 2486 sed
416 2430 503 2486 fixam
517 2431 546 2485 in
561 2432 618 2486 Deo
631 2435 732 2486 tenem
743 2431 875 2486 tlduciam
926 2430 969 2485 dis
983 2431 1090 2503 vigore,
1107 2435 1138 2485 ut
1148 2432 1231 2503 juxta
1253 2434 1417 2487 sanctorum
1437 2448 1581 2487 canonum
1595 2448 1743 2487 censuram

56 2521 182 2578 veritatis
192 2524 310 2580 verbum
325 2524 472 2580 denuntia.
484 2525 544 2580 Erit
552 2525 630 2580 euim
641 2541 674 2579 ex
684 2525 827 2597 adjutorio
838 2526 877 2581 di·
927 2524 1051 2595 corrigas
1072 2525 1261 2595 precipimus,
1276 2530 1304 2579 et
1325 2524 1469 2592 emendes,
1484 2525 1526 2580 vel
1547 2525 1569 2579 si
1592 2542 1663 2597 quos
1685 2525 1744 2581 tor·

56 2616 284 2689 vinoperiectio,
298 2622 412 2674 tantum
426 2619 581 2675 sitbonum
591 2619 620 2673 iu
635 2619 781 2674 voluntate
792 2635 874 2691 epus.
926 2624 999 2672 tasse
1012 2618 1081 2672 tates
1096 2617 1247 2673 inveneris.
1266 2618 1313 2673 ltle
1333 2619 1422 2688 euim,
1436 2619 1586 2691 presbyter
1606 2623 1679 2687 sum,
1695 2620 1743 2675 ait.

56 2711 150 2782 lgitnr
159 2716 281 2783 quantos
291 2713 431 2769 aberrare
442 2712 624 2784 converteris,
637 2713 809 2785 syllabarum
817 2719 877 2769 tua·
927 2711 1180 2767 commendatitias
1195 2712 1271 2784 apud
1283 2711 1375 2767 lilium
1389 2714 1518 2767 nostrum
1531 2712 1664 2768 Carolum
1675 2713 1746 2768 litte-

56 2821 122 2860 rum
147 2807 287 2861 recensito
310 2809 386 2862 textu
409 2807 603 2880 cognovimus,
618 2807 676 2863 leti
697 2807 800 2863 uberes
819 2808 876 2863 Deo
927 2822 974 2860 ras
990 2805 1115 2877 expetiit.
1139 2806 1251 2860 Nullam
1274 2805 1316 2861 illi
1337 2805 1423 2860 aliam
1443 2806 1636 2862 concessimus
1654 2807 1745 2868 licen-

57 2899 163 2970 gratias
172 2904 299 2970 agentes,
307 2901 342 2956 de
352 2902 431 2957 lucro
441 2902 603 2957 animarum
619 2901 805 2957 exsultamus.
815 2904 878 2957 Por·
928 2900 1008 2970 tiam,
1023 2916 1109 2972 quem
1124 2898 1205 2954 vitari
1218 2900 1242 2954 si
1256 2915 1342 2972 prave
1358 2906 1542 2956 conversatur
1551 2916 1617 2956 cum
1630 2899 1747 2973 reliquis

57 3009 155 3064 repro
169 2992 300 3067 episcope
315 2994 364 3050 illo
378 2995 426 3068 qui
439 3012 515 3051 nunc
530 3012 618 3068 usque
632 2995 739 3050 desidia
755 2995 877 3067 quadam
927 2994 1069 3062 volumus,
1081 2994 1255 3066 eosdemque
1270 3011 1341 3066 quos
1354 3012 1371 3049 a
1384 2995 1505 3066 paganis
1519 2994 1675 3066 baptizatos
1685 3012 1746 3052 esse

56 3087 88 3142 in
102 3087 204 3142 eadem
220 3091 305 3159 geute
328 3089 539 3160 predicationis
554 3090 671 3145 verbum
690 3088 876 3144 disseminare
928 3087 1082 3154 asseruisti,
1100 3087 1123 3141 si
1139 3088 1177 3143 ita
1199 3088 1320 3143 habetur
1334 3091 1368 3142 ut
1389 3087 1485 3143 denua
1505 3087 1632 3160 baptizes
1646 3089 1676 3143 iu
1692 3106 1745 3144 uo-

57 3181 235 3252 ueglexerat,
245 3189 273 3237 et
286 3199 362 3238 nunc
376 3183 430 3238 sibi
443 3187 567 3255 partem,
576 3185 658 3256 quasi
671 3183 700 3237 iu
711 3183 876 3255 parochiam
928 3181 1004 3237 niine
1017 3180 1160 3236 Trinitatis
1173 3179 1359 3236 mandamus.
1377 3182 1488 3236 Interea
1500 3187 1642 3254 agrestem
1656 3182 1745 3238 cabal-

57 3274 315 3345 detendat,tlarolo
328 3277 566 3334 excellentissimo
581 3278 639 3333 silio
650 3282 759 3347 nostro,
770 3281 800 3332 ut
810 3294 876 3332 eum
927 3277 986 3330 lum
1009 3275 1170 3347 aliquantos
1191 3274 1346 3345 adjunxisti
1372 3275 1532 3343 comedere,
1547 3276 1698 3347 plerosque
1718 3281 1765 3336 et.

56 3373 223 3441 compescat
234 3370 400 3439 suadentes,
416 3373 544 3445 paternis
558 3372 659 3427 litteris
671 3372 834 3444 scripsimus
849 3376 878 3426 et
928 3369 1124 3425 domesticum.
1140 3369 1196 3423 tloc
1207 3385 1391 3442 nequaquam
1406 3368 1468 3423 lieri
1479 3369 1622 3441 deinceps,
1632 3371 1747 3425 sanctis·

56 3463 210 3532 credimus,
224 3466 301 3537 quod
317 3465 370 3521 hoc
382 3466 473 3520 vetari
493 3467 651 3538 precipiat.
665 3468 728 3540 lpse
741 3483 808 3522 vero
824 3484 875 3539 op·
927 3465 1009 3532 sime,
1020 3463 1105 3529 sinas,
1116 3463 1215 3530 trater,
1227 3462 1276 3518 sed
1286 3462 1390 3535 quibus
1400 3463 1527 3534 potueris
1544 3463 1601 3518 Deo
1616 3463 1745 3535 juvante,

56 3561 190 3629 portame,
203 3557 369 3631 importune
381 3561 537 3632 predicare
551 3577 616 3633 que
627 3565 694 3616 suut
704 3561 877 3629 salutis,non
928 3558 1020 3614 modis
1035 3574 1086 3630 per
1101 3556 1199 3612 emnia
1221 3572 1377 3628 compesce,
1392 3562 1420 3613 et
1440 3556 1558 3628 dignam
1573 3557 1614 3613 eis
1629 3557 1746 3614 indicito

57 3650 172 3707 desinas
185 3652 224 3723 (ll
237 3655 305 3708 lim.
322 3670 358 3723 iv,
372 3655 411 3725 t).
428 3654 517 3725 lgitur
536 3655 690 3727 Thuringis
712 3661 739 3710 et
761 3655 875 3710 Germa·
927 3651 1133 3724 penitentiam.
1145 3650 1555 3723 Immundumestenimatque
1566 3651 1745 3708 exsecrabile.

56 3745 114 3799 nie
127 3745 234 3817 populo
249 3762 281 3802 ea
298 3764 362 3819 que
376 3747 412 3802 ad
426 3747 531 3803 anime
555 3748 710 3821 respiciunt
725 3748 876 3805 utilitatem
927 3747 981 3801 Pro
995 3744 1168 3801 obeuntibus
1191 3744 1299 3817 quippe
1322 3746 1497 3801 consuluisse
1520 3745 1706 3817 dignosceris,
1723 3747 1745 3800 si

58 3838 217 3894 etsalntem
233 3840 356 3897 scrihere
371 3858 429 3898 uon
446 3842 605 3911 omisimus,
614 3843 688 3897 inter
698 3842 754 3897 alia
767 3846 799 3897 ut
809 3859 875 3898 con·
927 3841 1010 3896 liceat
1025 3839 1182 3895 oblationes
1204 3838 1317 3895 offerre.
1334 3839 1437 3895 Sancta
1459 3839 1497 3894 sic
1519 3843 1595 3894 tenet
1612 3839 1745 3909 Ecclesia,

58 3936 172 3988 struant
184 3934 327 4006 episcopia
343 3943 371 3991 et
388 3937 527 3992 Ecclesiae
543 3936 667 3993 condant
681 3936 875 4008 injungentes.
928 3935 1092 4007 utquisque
1109 3950 1160 4004 pro
1180 3933 1238 3988 suis
1253 3933 1372 3988 mortuis
1385 3949 1450 3989 vere
1467 3932 1632 3988 Christianis
1646 3931 1748 3989 offerat

57 4027 121 4097 lpse
134 4027 212 4082 euim
227 4029 276 4099 qui
294 4046 352 4085 non
366 4032 426 4085 vult
439 4035 562 4087 mortem
575 4031 741 4102 peccatoris,
756 4031 807 4087 sed
820 4048 877 4086 ma·
928 4028 1191 4099 oblationes,atque
1202 4026 1352 4099 presbyter
1362 4042 1460 4082 eorum
1471 4025 1745 4082 memoriamfaciat.

59 4120 153 4193 gis-ut
173 4127 364 4193 convertatur,
379 4127 407 4180 et
426 4125 499 4181 vivat
513 4125 618 4195 (Ezecb.
642 4142 735 4194 xxxin,
754 4128 807 4197 Η),
824 4126 877 4181 erit
927 4125 961 4178 Et
975 4123 1106 4195 quamvis
1124 4137 1225 4177 omnes
1247 4120 1370 4193 peccatis
1390 4120 1600 4191 subjaceamus,
1615 4122 1748 4193 congruit

59 4214 196 4270 omuibus
205 4215 322 4272 daturus
334 4217 546 4274 incrementum
558 4219 583 4290 (l
591 4221 650 4277 Gor.
665 4234 706 4288 ιιι,
718 4220 753 4289 7).
766 4220 877 4274 Deusta
928 4223 959 4272 ut
972 4218 1103 4274 sacerdos
1116 4233 1168 4289 pro
1181 4215 1302 4272 mortuis
1318 4213 1466 4270 catholicis
1479 4214 1650 4271 memoriam
1663 4215 1748 4272 iaciat

56 4309 877 4384 incolumemcustodiatDatapridieNenasDecemb.im-
928 4317 955 4366 et
985 4312 1152 4378 intercedat,
1181 4327 1239 4366 neu
1273 4312 1368 4366 tamen
1400 4325 1453 4382 pro
1484 4308 1590 4381 impiis,
1617 4311 1747 4382 quamvis

56 4407 178 4474 perante
190 4402 444 4476 dominopiissimo
457 4407 587 4477 Augusto
601 4407 696 4463 Leone
708 4409 877 4463 aDeocoro·
926 4406 1077 4461 Christiani
1100 4405 1217 4472 tuerint,
1233 4405 1288 4461 tale
1310 4404 1378 4475 quid
1400 4419 1486 4474 agere
1508 4402 1615 4459 licebit.
1631 4404 1702 4460 Nam
1718 4410 1747 4461 et

56 4500 135 4565 nate,
146 4513 251 4571 magno
263 4499 447 4572 imperatore,
459 4518 535 4557 auno
547 4503 581 4568 8;
596 4501 647 4558 sed
656 4506 684 4559 et
692 4502 876 4558 Constantino
885 4502 916 4576 Ι)
926 4517 974 4556 ees
987 4500 1035 4572 qui
1049 4515 1078 4553 se
1094 4497 1225 4552 dubitent
1239 4497 1324 4552 luisse
1338 4496 1495 4570 baptizatos
1507 4513 1543 4551 an
1557 4512 1625 4563 nou,
1636 4497 1678 4552 vel
1695 4499 1745 4569 qui

56 4593 874 4668 magnoimperatcreejusillio,annoquintojndictieneti.
927 4593 1124 4666 apresbytero
1137 4591 1194 4645 lovi
1215 4595 1367 4657 mactante,
1383 4594 1412 4644 et
1431 4589 1626 4645 immolatitias
1645 4607 1744 4648 carues

75 4688 202 4758 Epistola
216 4689 338 4759 &aporii
356 4705 439 4760 pope
450 4692 488 4746 od
506 4692 676 4758 bonifacium
694 4695 856 4763 episcopum.
927 4691 1068 4752 vescente,
1084 4689 1117 4739 ut
1139 4683 1350 4755 rebaptizentur
1364 4683 1557 4754 precipimus.
1571 4683 1742 4756 Progeniem

94 4781 339 4838 Revereudissimo
366 4788 394 4838 et
425 4784 598 4840 sanctissimo
623 4784 705 4840 tratri
731 4786 876 4841 Βοιιιιιειο
927 4799 994 4838 vero
1007 4779 1088 4836 s'uam
1110 4793 1254 4850 quemque
1270 4791 1360 4846 usque
1375 4775 1411 4830 ad
1430 4776 1580 4847 septimam
1595 4778 1745 4837 observare

58 4874 228 4948 coepiscopo
242 4877 277 4932 ad
291 4877 530 4935 illuminationem
555 4879 645 4951 gentis
658 4878 818 4934 Germanie
833 4879 876 4933 vel
927 4875 1107 4933 deceruimus
1128 4870 1358 4944 generationem.
1383 4871 1426 4938 Et,
1447 4869 1468 4922 si
1489 4870 1622 4940 valueris,
1643 4873 1743 4945 devita,

59 4969 283 5042 circumquaque
307 4971 338 5026 in
362 4972 463 5027 umbra
486 4973 585 5028 mortis
606 4972 783 5028 morantibus
803 4972 875 5044 (Luc.
926 4986 963 5026 ne
985 4967 1106 5040 amplius
1134 4965 1179 5020 cui
1206 4963 1342 5019 mulieres
1367 4962 1491 5019 obierint
1513 4964 1622 5020 duabus
1643 4966 1745 5024 debeat

59 5063 289 5134 i,79),geutibus
300 5065 331 5120 in
339 5080 437 5122 errore
447 5066 606 5122 constitutis
614 5066 650 5122 ab
659 5067 711 5121 hac
721 5065 877 5138 apostolica
926 5062 1062 5136 copulari.
1077 5061 1117 5115 De
1130 5059 1176 5114 his
1189 5074 1256 5113 vero
1274 5057 1393 5113 dicimus
1409 5058 1459 5130 qui
1472 5061 1593 5130 patrem,
1609 5065 1741 5128 matrem,

59 5156 110 5211 Dei
121 5157 244 5213 Ecclesia
255 5158 539 5229 direct0,Gnas0mos
552 5177 804 5217 servasservorum
816 5161 874 5215 Dei.
927 5159 1056 5225 tratrem,
1071 5158 1120 5209 aut
1139 5168 1268 5208 sororem
1291 5151 1459 5218 occiderint,
1474 5155 1507 5207 ut
1525 5157 1582 5207 toto
1599 5152 1663 5207 vite
1683 5170 1742 5209 sue

95 5251 197 5322 llagna
217 5269 267 5307 uas
289 5252 388 5308 habuit
411 5254 575 5325 gratulatio,
591 5254 672 5310 tectis
695 5254 877 5310 sanctissime
927 5255 1167 5323 temporecorpus
1180 5246 1406 5318 nonsuscipiant
1419 5245 1742 5302 Domiuicumnisitem-

57 5345 249 5401 fraternitatis
269 5352 326 5402 tue
348 5347 460 5416 titteris,
476 5365 541 5404 eum
557 5350 585 5403 in
600 5349 649 5417 eis,
664 5349 771 5405 relecta
793 5348 875 5418 serie,
927 5361 995 5419 pore
1019 5342 1111 5398 exitus
1134 5357 1186 5413 pro
1199 5340 1309 5396 viatico.
1331 5340 1498 5395 abstineant
1517 5337 1604 5392 etiam
1626 5355 1666 5408 se,
1681 5346 1741 5396 eta

55 5439 161 5495 luisset
179 5444 324 5512 repertum
347 5442 461 5497 Domini
476 5444 565 5497 nestri
585 5444 649 5498 lesu
669 5442 877 5514 christigratia
927 5439 1020 5496 carnis
1041 5436 1226 5501 comestione,
1241 5439 1269 5489 et
1292 5436 1361 5506 potu
1382 5431 1450 5497 vini,
1465 5430 1553 5485 donec
1573 5430 1739 5504 advixerint,

54 5532 202 5607 plurimos
211 5538 263 5589 tea
276 5535 436 5606 gentilitate
450 5541 478 5592 et
490 5552 585 5592 errore
594 5536 630 5591 ad
640 5553 713 5591 vere
723 5535 790 5590 tidci
800 5535 878 5608 agni·
924 5533 1056 5605 jejunent
1069 5531 1235 5597 secundam,
1244 5534 1374 5600 quartam
1390 5527 1417 5579 et
1432 5526 1541 5577 sextam
1554 5523 1650 5591 terias,
1659 5530 1740 5584 utsic

55 5627 172 5684 fiunem
179 5629 363 5685 convertisse.
373 5630 452 5694 Quod
463 5630 530 5702 quia
540 5629 820 5684 diviuaiustitutione
831 5631 878 5685 do·
928 5627 1035 5701 possint
1044 5625 1198 5681 detinentes
1210 5621 1319 5677 diluere
1328 5616 1511 5673 commissum
1524 5618 1625 5672 scelus.
1633 5619 1700 5676 h'am
1712 5628 1741 5678 et

54 5737 161 5778 cemur
174 5721 205 5777 in
220 5722 372 5794 parabolis,
387 5724 432 5780 cui
445 5724 570 5797 quinque
585 5724 689 5779 talenta
702 5723 809 5779 credita
819 5724 878 5779 tae·
927 5709 1739 5787 bocinteraliadiscrimenagiinpresentibusillisdixisti,

54 5818 136 5885 rant,
149 5814 206 5872 alia
221 5815 348 5889 quinque
363 5817 449 5872 luisse
464 5819 606 5874 lucratum
619 5819 726 5890 (uacet.
740 5834 805 5887 xxv,
821 5820 875 5888 20),
928 5813 1131 5889 quodquidam
1146 5827 1177 5865 ex
1189 5805 1323 5863 fidelibus
1338 5804 1373 5858 ad
1392 5803 1602 5862 immolandum
1623 5812 1741 5883 paganis

264 5914 401 5982 Parnoi.
427 5913 540 5983 mxx.
1504 5906 1542 5969 31
