3870 6150
681 299 916 357 undaurnimat
934 301 1129 356 contactio.
1295 334 1301 346 ·
1711 307 1743 362 7⁸

56 424 175 482 porum,
193 411 245 462 aut
262 405 557 479 metropolitanomm,
580 411 609 461 et
624 423 682 463 non
699 407 876 479 patriarcha·
886 409 1022 496 Acitudo
1044 410 1210 482 pertineret.
1236 411 1305 465 Nam
1333 416 1361 466 ct
1387 412 1462 468 inter
1482 411 1580 468 beatos
1603 416 1745 484 apostolos

56 518 131 570 nrm,
153 505 206 555 aut
225 500 383 572 primatum
400 503 516 556 utantur
537 499 711 568 nominibus,
733 501 798 572 quia
814 502 876 558 hac
927 502 1062 573 quiedam
1078 502 1133 558 fuit
1151 501 1293 559 discretio.
1310 505 1344 560 Et
1360 504 1428 560 licet
1449 521 1547 562 omnes
1567 512 1661 562 essent
1678 524 1745 580 apo·

57 595 159 651 cadem
173 598 203 650 et
213 594 292 666 legas
305 592 401 649 seculi
412 593 442 648 iu
461 593 519 648 suis
532 593 677 650 continent
689 594 875 666 principibus,
926 595 1002 664 stoli,
1017 597 1100 652 Petro
1115 600 1242 651 amena
1258 596 1378 652 Domino
1396 601 1439 654 est
1452 614 1629 665 concessum,
1647 605 1677 656 et
1691 600 1746 674 ipsi

56 689 118 744 aliae
135 694 236 744 autem
254 686 356 758 prima
372 685 497 742 civitates
515 702 586 757 quas
604 686 681 742 vobis
704 688 877 760 conscriptas
926 687 1001 743 inter
1024 704 1054 742 se
1078 687 1202 761 idipsum
1225 688 1393 757 voluerunt,
1416 694 1451 745 ut
1473 691 1592 763 reliquis
1611 692 1746 749 omuibus

57 781 219 854 inquodam
226 779 592 849 tomomittimus,asanctis
599 780 730 852 apostolis
736 780 877 838 etabeato
926 784 1062 852 praesset
1075 781 1220 852 apostolis,
1235 785 1263 837 at
1277 782 1397 854 Gephas,
1411 782 1494 839 idest
1509 788 1602 856 caput,
1618 788 1647 841 et
1662 786 1745 858 prin·

56 875 212 943 Clemente,
229 873 287 930 sive
299 890 318 928 a
329 872 423 943 nobis,
436 872 572 944 primates
583 873 783 946 praedicatores
795 891 876 931 accc·
927 875 1034 947 cipium
1046 879 1156 932 teneret
1170 875 1350 947 apostolatus.
1366 876 1419 941 Qui
1435 880 1464 932 et
1480 877 1610 933 eamdem
1622 878 1745 935 formam

55 975 172 1041 parunt.
186 969 251 1023 llaec
266 982 333 1024 vero
347 969 522 1022 sacrosancta
536 967 667 1022 Romana
680 970 709 1023 et
723 967 878 1040 apostolica
927 967 984 1023 suis
1004 968 1212 1025 successoribus
1237 973 1266 1024 et
1288 968 1407 1040 reliquis
1428 969 1566 1041 episcopis
1592 972 1746 1028 tenendam

40 1027 877 1132 ibcdcsianonabapostolis,sedabipsollominoSalvatore
927 1060 1054 1118 tradidit.
1070 1063 1105 1118 Et
1117 1079 1176 1117 non
1189 1062 1282 1118 solum
1298 1061 1352 1117 hoc
1369 1062 1400 1117 in
1416 1063 1491 1118 Novo
1505 1063 1686 1119 Testamenta
1704 1068 1748 1121 est

39 1134 48 1229 ἔ
55 1158 154 1211 nostru
167 1153 324 1225 primatum
338 1152 471 1222 obtinuit,
487 1155 515 1208 et
528 1151 717 1208 eminentiam
731 1153 878 1224 potestatis
927 1154 1122 1221 constitutum,
1134 1154 1183 1210 sed
1197 1154 1285 1211 etiarn
1295 1155 1325 1209 in
1335 1154 1430 1210 Veteri
1440 1155 1503 1211 luit.
1516 1155 1596 1212 Unde
1610 1156 1748 1229 scriptum

40 1240 299 1327 {superuniversas
310 1245 457 1315 Ecclesias,
469 1247 604 1301 actatum
613 1245 765 1302 Christiani
779 1247 877 1319 populi
928 1252 992 1305 est:
1010 1270 1024 1298 κ
1038 1250 1146 1320 Moyses
1164 1253 1192 1304 et
1205 1247 1302 1304 Aaron
1320 1246 1351 1302 in
1369 1247 1563 1304 sacerdotibus
1582 1249 1643 1321 ejus
1663 1249 1746 1320 (Psoi.

39 1376 44 1429 ᾗ
56 1357 179 1414 gregem
193 1341 323 1396 assecuta
334 1342 386 1409 est,
398 1339 471 1395 sicut
482 1338 544 1412 ipse
555 1339 640 1395 beato
653 1341 736 1394 Petro
749 1340 876 1411 apostolo
928 1359 1026 1412 xcvnr,
1050 1341 1092 1412 6),
1120 1363 1134 1392 o
1159 1340 1189 1396 id
1214 1345 1257 1396 est
1279 1340 1366 1412 primi
1390 1341 1466 1396 inter
1488 1357 1536 1397 eos
1563 1342 1691 1398 fuerunt.
1714 1344 1749 1400 Et

55 1434 150 1490 dixit:
168 1454 184 1484 ι
198 1434 239 1488 Τιι
258 1447 289 1488 es
303 1434 413 1499 Petrus,
428 1437 456 1488 at
470 1448 557 1504 super
574 1432 649 1488 hanc
661 1437 772 1504 petram
786 1433 876 1488 redifl-
927 1433 1057 1507 quamvis
1076 1434 1117 1489 ita
1139 1432 1301 1488 ordinatum
1322 1432 1418 1502 fuerit,
1442 1449 1527 1489 nemo
1549 1437 1648 1490 tamen
1669 1435 1748 1506 qnod

55 1527 123 1583 mbo
134 1524 292 1582 Ecclesiam
305 1540 410 1593 meam,
425 1529 454 1580 at
468 1528 558 1596 portae
569 1523 654 1580 inferi
667 1540 726 1580 non
738 1525 877 1597 praevale·
927 1543 1012 1582 suum
1026 1530 1077 1594 est,
1090 1528 1209 1597 quaerat,
1221 1525 1271 1581 sed
1280 1525 1357 1598 quod
1370 1526 1498 1597 alterius,
1510 1527 1586 1582 unde
1598 1528 1638 1583 ait
1646 1528 1748 1584 beatus

54 1620 127 1675 bunt
140 1619 277 1675 adversus
295 1634 369 1688 eam,
386 1621 415 1674 at
429 1617 480 1672 tibi
496 1617 568 1673 dabo
587 1619 678 1673 claves
691 1619 775 1690 regni
789 1619 876 1675 coelo·
927 1621 1068 1693 apostolus
1086 1621 1188 1675 Paulus
1207 1635 1214 1674 :
1235 1637 1250 1671 ιι
1268 1619 1469 1691 Unusquisque
1489 1619 1599 1692 placeat
1616 1621 1748 1692 proximo

55 1729 131 1768 rum.
149 1713 185 1768 Et
203 1726 382 1784 quaecunque
401 1710 534 1783 ligaveris
554 1726 640 1782 super
658 1714 777 1781 terram,
794 1716 878 1768 amnt
928 1730 979 1769 suo
994 1714 1024 1768 in
1043 1714 1151 1768 bonum
1172 1712 1208 1767 ad
1227 1711 1443 1768 edificationem
1458 1713 1542 1783 (Rom.
1562 1730 1607 1780 xv,
1624 1716 1661 1785 t).
1681 1735 1696 1763 n
1715 1716 1750 1770 Et

56 1807 146 1877 ligata
170 1810 200 1861 et
226 1806 256 1861 in
279 1805 367 1874 coelo,
392 1809 422 1861 ct
449 1820 627 1877 quascunque
650 1805 766 1860 solveris
792 1782 1001 1878 superBsicut
1017 1805 1079 1878 ipsc
1101 1804 1228 1861 Salvator
1245 1805 1302 1860 suis
1323 1804 1363 1860 ait
1378 1804 1543 1877 discipulis:
1559 1807 1640 1872 «Qui
1657 1807 1749 1879 major

58 1903 177 1965 terram,
192 1903 279 1954 erunt
299 1898 437 1954 solutast
456 1898 486 1952 in
506 1899 576 1954 coelo
595 1897 702 1967 (Mettis.
718 1915 774 1967 xvi,
792 1900 844 1970 ta).
862 1920 876 1949 ιι
928 1904 971 1956 est
982 1903 1120 1965 vestrum,
1133 1898 1189 1953 erit
1200 1898 1333 1953 minister
1344 1900 1437 1952 vester
1447 1897 1555 1967 (Maon.
1569 1915 1648 1968 xxnr,
1666 1901 1719 1970 tt),
1732 1921 1746 1950 n

56 1992 192 2048 Adhibita
205 1995 249 2047 est
264 1991 354 2047 etiam
366 1991 486 2047 societas
500 1991 530 2047 in
548 1991 647 2047 eadem
667 1993 795 2048 Romana
807 1992 878 2049 urbe
928 1997 956 2049 et
974 1992 1094 2064 reliqua.
1115 1992 1150 2045 Et
1167 1990 1234 2046 licet
1254 2006 1340 2062 super
1359 1989 1403 2045 his
1422 1991 1519 2063 aliqua
1538 1990 1612 2046 dicta
1628 1991 1746 2060 luerint,

56 2085 214 2141 beatissimi
222 2084 341 2157 apostoli
351 2085 431 2141 Pauli
440 2084 513 2141 vasis
525 2084 808 2158 electionis,quiuno
819 2086 876 2155 die,
928 2087 1089 2158 repetentes
1103 2087 1202 2140 tamen
1216 2082 1331 2154 saepius,
1343 2083 1530 2139 admonemus
1544 2088 1577 2140 ut
1588 2098 1702 2156 semper
1716 2084 1746 2140 in

56 2194 115 2233 uno
133 2193 249 2251 quoque
271 2181 417 2251 tempore,
437 2177 559 2251 gloriosa
579 2181 687 2245 morta,
707 2194 773 2234 cum
793 2179 878 2234 beato
929 2177 1072 2245 omnibus,
1086 2179 1115 2233 et
1127 2176 1439 2232 abomnihusvitentur
1451 2175 1590 2232 elationes
1602 2176 1707 2233 mentis
1719 2181 1748 2234 et

58 2273 148 2338 Petro,
159 2271 214 2328 sub
225 2270 354 2343 principe
369 2272 480 2328 Nerone
494 2271 647 2344 agonizans
659 2277 811 2328 coronatus
824 2275 876 2340 est,
927 2269 1063 2342 corporis.
1074 2270 1109 2326 Et
1123 2272 1231 2342 quanto
1242 2269 1335 2340 major
1347 2268 1542 2341 unusquisque
1553 2269 1745 2340 videturesse,

59 2364 322 2420 etambosanctam
335 2366 493 2420 itomanam
504 2364 876 2433 Ecclesiamconsecrarunt,
927 2366 1008 2420 tanto
1031 2363 1068 2418 sit
1085 2361 1231 2430 humilior,
1253 2362 1325 2417 sicut
1346 2361 1484 2418 Dominus
1506 2360 1632 2418 Salvator
1651 2365 1749 2418 noster

59 2457 175 2530 aliisque
187 2457 323 2512 omnibns
339 2457 467 2526 urbibus,
486 2457 514 2512 in
531 2457 663 2513 universo
677 2457 798 2525 mundo,
813 2474 877 2513 eam
927 2474 987 2514 uon
1007 2457 1084 2513 venit
1104 2454 1270 2523 ministrari,
1290 2454 1340 2510 sed
1359 2453 1533 2510 ministrare.
1557 2456 1600 2523 Et,
1619 2455 1641 2510 si
1660 2457 1748 2512 frater

59 2566 104 2606 stra
116 2549 275 2623 prasentia
293 2555 379 2623 atque
396 2551 560 2606 venerando
576 2550 724 2622 triumpho
739 2550 875 2623 praetule-
927 2551 1029 2622 aliquis
1041 2552 1253 2621 praeoccupatus
1265 2547 1353 2605 fuerit
1364 2548 1395 2602 in
1404 2547 1499 2620 aliquo
1513 2547 1625 2616 delicto,
1637 2564 1685 2603 vos
1697 2549 1747 2620 qni

60 2648 132 2699 runt.
152 2646 197 2713 Et,
215 2643 282 2699 licet
293 2659 345 2714 pro
358 2643 492 2699 omnibus
505 2643 618 2699 assidua
629 2643 704 2714 apud
719 2643 876 2699 Dominum
927 2642 1086 2715 spirituales
1105 2641 1181 2710 estis,
1201 2640 1334 2696 instruite
1356 2656 1423 2695 eum
1442 2640 1473 2695 in
1493 2639 1594 2713 spiritu
1611 2640 1744 2697 lenitatis.

60 2736 187 2791 omnium
201 2739 366 2792 sanctorum
377 2735 515 2791 fundatur
527 2735 631 2804 oratio,
642 2734 687 2790 his
700 2738 796 2792 umen
811 2752 876 2792 ver·
927 2735 954 2793 Si
973 2751 1038 2807 quas
1055 2750 1121 2791 vero
1139 2733 1203 2789 aliae
1221 2749 1315 2789 causae
1334 2732 1504 2790 difficiliores
1517 2732 1594 2789 inter
1608 2750 1656 2789 vos
1676 2738 1747 2789 ortae

61 2829 97 2883 bis
117 2829 225 2884 Paulus
243 2828 422 2885 beatissimus
442 2829 586 2900 apostolus
605 2828 740 2884 Romanis
760 2829 877 2901 proprio
926 2828 1042 2896 fuerint,
1057 2828 1093 2883 ad
1110 2827 1196 2899 hujus
1213 2829 1318 2882 sancta
1333 2826 1410 2882 Sedis
1427 2825 1538 2898 apicem
1552 2841 1601 2882 eas
1613 2825 1693 2898 quasi
1711 2827 1747 2882 ad

63 2922 251 2995 chirographo
263 2921 424 2994 pollicetur,
442 2921 559 2979 dicens:
576 2922 694 2976 «Testis
712 2921 789 2978 enim
805 2922 877 2978 mihi
927 2925 1011 2993 caput
1034 2920 1154 2987 referte,
1180 2923 1212 2975 ut
1230 2919 1385 2991 apostolico
1408 2919 1600 2975 tenniucntur
1617 2919 1746 2991 judicio,

53 3019 99 3081 gest
115 3017 203 3082 Deos,
227 3014 274 3071 cui
295 3015 388 3071 servio
406 3014 437 3070 in
456 3013 557 3086 spiritu
581 3029 647 3070 meo
670 3014 700 3069 in
721 3014 877 3087 Evangelio
926 3014 994 3086 quia
1010 3013 1050 3068 sio
1071 3012 1227 3069 Dominum
1247 3014 1316 3069 velle
1335 3011 1372 3068 ab
1392 3027 1483 3084 eoque
1504 3013 1544 3068 ita
1561 3012 1747 3070 constitutum

53 3086 106 3171 {itii
137 3109 222 3180 ejus,
262 3108 340 3180 quod
370 3107 432 3163 sine
465 3106 675 3163 intermissione
704 3107 877 3165 memoriam
928 3123 989 3163 esse
1016 3105 1165 3163 antedictis
1191 3104 1363 3163 testimoniis
1393 3105 1563 3162 declaratur.
1590 3107 1654 3162 Haec
1676 3122 1745 3163 varo

65 3202 140 3258 vestri
170 3200 247 3257 facio
272 3216 386 3274 semper
415 3201 446 3256 in
474 3199 652 3257 orationibus
683 3200 755 3257 meis
786 3200 875 3273 (Rom.
927 3199 1080 3272 apostolica
1099 3199 1185 3257 Sedes
1205 3199 1292 3255 cardo
1313 3202 1341 3255 et
1362 3201 1448 3271 caput
1468 3198 1576 3256 factum
1597 3204 1639 3257 est
1658 3216 1676 3254 a
1694 3200 1748 3257 lto·

66 3311 79 3359 v,
93 3297 128 3365 9).
146 3314 161 3345 ι
928 3293 1028 3364 ιιιίιιο,
1054 3296 1083 3350 et
1105 3309 1164 3349 nou
1191 3293 1226 3348 ab
1249 3291 1304 3349 alio
1333 3292 1505 3361 constituta,
1534 3297 1564 3350 et
1588 3293 1661 3350 sicut
1681 3309 1745 3350 car·

335 3366 372 3420 ⁰⁶
389 3363 450 3420 ³⁶&
468 3367 598 3421 RWMM·
929 3386 995 3442 dine
1008 3386 1113 3442 ostium
1128 3385 1248 3458 regitur.
1263 3384 1309 3442 Sic
1323 3385 1411 3457 hujus
1430 3387 1534 3442 sanctae
1553 3386 1633 3444 Sedis
1648 3390 1746 3443 aucto·

91 3479 187 3535 Prima
210 3494 281 3552 ergo
304 3479 385 3535 sedes
411 3482 454 3535 est
474 3479 580 3536 coelcsti
607 3478 745 3536 beneflcio
770 3480 877 3536 Roma·
928 3479 1012 3536 ritate
1038 3495 1138 3535 omnes
1163 3478 1315 3549 Ecclesiae,
1339 3478 1458 3535 Domino
1485 3478 1670 3552 disponente,
1697 3494 1744 3536 re-

65 3588 102 3628 na
125 3571 275 3641 mamis,
299 3587 387 3643 quam
411 3571 459 3641 (ut
478 3575 668 3628 memoratum
691 3572 745 3644 est)
771 3571 877 3628 beatis·
929 3576 1045 3644 guntur.

65 3665 121 3721 dmi
136 3667 251 3734 Petrus,
264 3666 293 3720 et
310 3664 424 3734 Paulus,
444 3680 496 3720 sno
513 3664 650 3736 martyrio
667 3670 876 3722 consecramnt.
962 3667 1144 3720 Accusatores
1164 3668 1261 3720 autem
1284 3667 1314 3720 at
1338 3669 1424 3721 testes
1443 3680 1504 3722 osse
1529 3682 1588 3722 non
1609 3671 1745 3739 possunt,

65 3757 103 3814 Sic
123 3759 230 3826 Roma,
254 3773 320 3830 quae
341 3757 421 3829 prius
444 3760 505 3813 erat
529 3757 735 3814 cacodaemonis
758 3757 878 3814 artificio
927 3756 1055 3829 quiante
1069 3757 1238 3813 hesternum
1256 3756 1333 3812 diem
1352 3761 1402 3812 aut
1417 3757 1625 3814 nudiustertius
1638 3758 1746 3815 inimici

63 3851 189 3906 annium
210 3866 344 3906 errorum
366 3852 459 3906 mater
480 3852 510 3905 et
529 3850 628 3917 altrix,
653 3849 776 3908 excussis
797 3856 876 3908 tene·
927 3849 1046 3918 luerim,
1070 3865 1106 3906 ne
1128 3849 1194 3904 irati
1217 3864 1319 3905 nocere
1342 3848 1473 3920 cupiant,
1498 3850 1541 3905 vel
1568 3849 1629 3906 last
1648 3850 1746 3907 ulcisci

63 3943 161 4012 bris,et
170 3943 254 3999 vanis
263 3943 496 4015 superstitionum
506 3943 607 3999 ritibus
616 3943 742 4016 abjectis,
751 3944 878 4001 tiliorum
927 3942 1022 3999 velint.
1050 3941 1206 4000 inoffensus
1231 3942 1320 4014 igitur
1346 3947 1544 3998 accusatorum
1570 3947 1599 3999 et
1629 3943 1745 3999 testium

62 4036 115 4107 liei,
133 4041 235 4094 exorto
249 4036 306 4093 sole
319 4036 449 4107 justitia,
465 4036 538 4092 lacta
556 4040 599 4093 est
615 4036 730 4110 copiosa
741 4054 877 4111 propaga·
926 4035 1043 4093 allectus
1061 4035 1233 4109 quarendus
1250 4039 1302 4103 est,
1322 4039 1351 4092 et
1370 4051 1430 4091 non
1448 4039 1605 4108 suspectus.
1624 4036 1745 4092 Causam

61 4130 123 4186 trix.
927 4129 1138 4186 enimrestrem
1149 4127 1746 4200 alienonolitecommitterejudici0‚valda

302 4200 340 4254 ΒΘ
355 4199 417 4254 “de
434 4199 636 4256 Alexandrina·
927 4221 1005 4279 enim
1015 4221 1147 4294 iniquum
1156 4227 1199 4278 est
1207 4224 1240 4277 ut
1246 4221 1358 4278 omissis
1365 4221 1614 4294 suis,aliiquilibet
1622 4221 1745 4278 aliorum

92 4313 225 4370 Secunda
250 4317 346 4368 autem
369 4314 448 4370 sedes
474 4314 550 4385 apud
575 4314 774 4371 Alexandriam
800 4314 878 4372 beati
928 4332 957 4372 se
970 4315 1061 4372 causis
1072 4315 1262 4383 immisceant,
1280 4315 1416 4388 quoniam
1430 4314 1516 4371 nullis
1530 4315 1560 4370 in
1578 4313 1647 4371 locis
1666 4315 1747 4388 spiri·

62 4407 133 4461 Petri
146 4405 270 4462 nomine
285 4422 303 4461 a
316 4406 408 4462 ldarco
422 4405 482 4477 ejus
498 4406 636 4479 discipulo
651 4413 737 4480 atque
752 4409 878 4481 Evange·
927 4408 1010 4465 taulis
1031 4424 1099 4464 cura
1115 4406 1218 4475 deficit,
1240 4406 1289 4463 sed
1309 4422 1338 4464 se
1360 4423 1412 4478 per
1433 4406 1540 4477 omnia,
1560 4423 1619 4480 qua
1640 4423 1746 4464 nomen

64 4499 123 4555 lista
135 4502 302 4555 consecrata
313 4503 365 4569 est,
379 4498 445 4570 quia
457 4499 517 4572 ipse
531 4499 603 4556 etin
618 4502 738 4573 AEgypto
751 4500 918 4584 priman
929 4501 1045 4557 Domini
1056 4500 1235 4573 predicatur,
1252 4498 1387 4556 extendit.
1399 4499 1581 4556 Studcndum
1595 4502 1638 4556 est
1652 4500 1744 4556 omni-

64 4591 179 4647 rerbum
206 4591 332 4646 veritatis
357 4591 483 4647 directus
505 4609 523 4646 a
551 4593 632 4649 Petro
658 4592 822 4666 predicavit
850 4600 879 4651 et
928 4594 990 4664 bus,
1009 4610 1046 4650 nc
1066 4592 1109 4664 (ut
1126 4592 1201 4664 sunt)
1221 4591 1417 4648 emulationes
1436 4590 1530 4660 malm,
1550 4591 1598 4648 sed
1615 4591 1671 4665 pias
1690 4593 1747 4651 siut

63 4682 217 4752 gloriosum
230 4682 353 4756 suscepit
365 4682 546 4756 martyrium.
563 4684 615 4741 Cui
629 4685 800 4743 venerabilis
813 4703 877 4743 sno·
928 4687 1063 4743 intervos
1078 4685 1252 4754 dilectiones,
1266 4684 1334 4756 quia
1345 4684 1376 4740 in
1391 4684 1445 4742 boc
1459 4701 1508 4740 vos
1522 4700 1622 4741 omnes
1633 4686 1747 4742 Domini

63 4775 144 4832 cessit
155 4775 276 4832 Abilius.
929 4779 1081 4851 discipulos
1093 4794 1154 4835 esse
1165 4795 1246 4835 veros
1257 4778 1398 4847 noverint,
1413 4777 1436 4834 si
1448 4778 1628 4836 dilectionem
1642 4778 1747 4837 habue-

318 4857 356 4911 02
369 4855 430 4912 ⁸⁶4³
444 4856 624 4913 mitthena·
929 4873 990 4930 ritis
1013 4872 1181 4929 adinvicem.
1205 4873 1245 4927 Ex
1277 4871 1357 4928 omni
1384 4887 1453 4945 ergo
1480 4888 1584 4945 genere
1607 4872 1748 4945 plurimos

96 4960 193 5016 Tertia
207 4963 304 5017 autem
314 4961 395 5017 sedes
407 4960 485 5034 apud
501 4961 682 5019 Antiochiam
695 4962 836 5035 ejusdem,
850 4965 881 5020 id
929 4966 1004 5020 Deus
1031 4965 1166 5038 dignatur
1195 4965 1354 5033 attrahere,
1380 4981 1452 5037 quos
1481 4966 1572 5022 exitus
1599 4966 1634 5022 de
1664 4970 1746 5039 pota-

65 5057 105 5108 ιιι
125 5053 201 5109 beati
223 5053 299 5109 Petri
320 5053 440 5126 apostoli
460 5053 583 5111 habetur
603 5055 793 5126 honorabilis,
813 5056 880 5128 quia
930 5060 1002 5114 state
1034 5058 1222 5114 tenebrarum
1261 5058 1412 5115 transierat
1456 5058 1486 5113 in
1532 5074 1657 5131 ragnum
1696 5057 1747 5115 tilii

66 5145 129 5216 illic,
142 5145 311 5219 priusquam
326 5146 446 5201 Romam
459 5146 578 5215 veniret,
591 5147 737 5219 habitavit,
755 5151 783 5205 et
796 5149 878 5221 lgna-
929 5149 1072 5207 charitatis
1090 5167 1165 5223 sua,
1186 5154 1215 5207 et
1234 5149 1270 5207 de
1289 5150 1362 5206 vasis
1379 5150 1431 5207 irae
1451 5150 1534 5208 saciat
1549 5168 1615 5208 vasa
1634 5151 1746 5208 miseri-

68 5237 134 5294 tium
148 5238 316 5311 episcopum
331 5238 487 5308 constitnit,
506 5242 535 5296 et
551 5239 609 5297 illic
626 5240 754 5313 primum
772 5257 881 5298 nomeu
930 5242 1045 5300 cordiae.
1082 5314 1084 5319 Ι

67 5329 288 5387 Christianorum
299 5331 419 5388 novella
432 5332 526 5405 gantis
538 5337 672 5389 exortum
684 5334 881 5407 estiteliquas
965 5335 1044 5392 Unde
1066 5335 1148 5391 nobis
1171 5351 1353 5409 summopere
1374 5336 1548 5392 studendum
1568 5341 1626 5404 est,
1649 5337 1681 5389 ut
1702 5350 1747 5389 co·

68 5436 140 5490 raro,
152 5427 184 5478 nt
194 5423 391 5496 praediximus,
404 5423 435 5479 in
448 5424 574 5496 quodam
585 5429 673 5494 tomo,
686 5426 881 5499 prolixitatem
930 5432 1091 5500 operatores
1098 5427 1187 5484 simus
1196 5429 1298 5502 mutia
1305 5428 1439 5502 Dei,quia
1447 5428 1484 5484 ad
1491 5429 1544 5485 hoc
1552 5426 1642 5484 vocati
1648 5441 1747 5480 sumus

68 5514 182 5572 nanta
197 5515 339 5588 epistolae,
350 5515 431 5572 vobis
444 5517 620 5589 conscriptas
633 5519 798 5576 direximus.
813 5519 882 5578 lnde
931 5522 1048 5593 ejusque
1068 5521 1202 5578 familiari
1226 5521 1368 5595 colloquio
1392 5520 1508 5590 sociati,
1535 5524 1564 5576 et
1590 5517 1749 5576 sacerdotes

68 5623 188 5683 eamque
202 5609 323 5666 etbeati
334 5609 460 5682 Apostoli
471 5611 547 5668 inter
560 5628 589 5668 se
602 5615 762 5670 statuerumt
773 5614 805 5668 ut
818 5613 880 5685 epi·
931 5613 1052 5684 sacrati,
1074 5616 1108 5670 ut
1127 5614 1286 5672 fructuosos
1305 5615 1348 5670 illi
1368 5614 1528 5686 manipulos
1550 5615 1748 5684 reportemus,

68 5703 141 5775 scopi
162 5703 344 5776 singularum
364 5703 470 5759 scirent
490 5704 629 5776 gentium,
648 5705 712 5778 quis
735 5705 882 5763 intereos
931 5711 1104 5779 cooperante
1115 5704 1749 5781 gratiaeiuaNecessesstenimutrectores

68 5794 175 5863 primm
187 5798 264 5853 asset
278 5811 286 5850 ι
300 5798 440 5869 quatanm
454 5796 490 5853 ad
502 5812 569 5855 eum
584 5797 677 5870 potior
690 5813 790 5856 eorum
804 5799 880 5856 solli·
933 5815 950 5855 a
973 5799 1092 5857 subditis
1111 5801 1280 5869 timeantur,
1303 5800 1339 5857 ab
1359 5798 1483 5872 ipsisque
1507 5799 1697 5874 corrigantur,
1718 5805 1750 5857 nt
