3870 6150
568 246 806 305 premittunt
825 247 1016 304 ontrario.
1579 254 1632 308 590

103 368 142 410 ier
153 370 240 426 quem
256 354 352 411 omnia
365 356 438 412 tacta
457 358 597 428 suntque
612 355 643 411 in
657 357 725 411 coelo
735 358 764 412 et
774 356 879 442 Adam
892 371 942 427 pro
955 355 1165 426 complemento
1178 357 1387 413 communionis
1396 357 1516 414 credunt
1524 360 1631 431 populo

103 462 157 514 rra,
178 449 228 520 qni
245 452 364 521 proptor
384 466 436 505 nos
450 455 478 505 ot
498 451 614 521 propter
633 451 763 505 nostram
814 447 1026 522 porrigendam,
1037 452 1065 504 et
1077 450 1153 521 quod
1164 451 1243 522 pejus
1251 451 1294 506 bis
1308 451 1442 507 omnibus
1449 454 1501 519 est,
1512 451 1628 524 quidam

103 540 240 597 ascendit.
251 543 287 598 rt
300 542 464 598 incarnatus
479 548 520 598 est
531 542 566 598 de
577 542 683 615 Spiritu
699 559 762 598 san-
813 541 995 598 sacerdotum
1010 542 1122 599 invasis
1135 543 1247 600 Domini
1257 543 1354 617 epulas
1366 544 1420 600 sibi
1428 548 1589 617 apponunt,
1600 550 1629 602 at

103 649 152 688 »ex
165 634 250 690 llario
274 635 396 708 virgine,
419 652 519 707 passus
533 636 584 691 sub
602 635 702 691 Pontio
716 636 763 692 Pi·
813 636 986 693 manducare
999 636 1029 693 in
1043 636 1084 691 eis
1096 641 1286 709 praesumunt,
1302 637 1421 710 quidam
1434 638 1521 694 etiam
1534 654 1570 694 ex
1581 656 1627 695 sa·

103 726 177 794 dtus,
204 727 286 783 tertia
313 728 359 785 die
385 729 555 796 resurrexit,
579 727 706 785 ascendit
733 730 763 785 in
813 729 1068 787 cordotibusretati
1084 732 1160 799 sunt,
1175 729 1252 802 quod
1272 730 1466 786 ecclesiastica
1479 735 1628 789 consuetu·

103 823 136 876 let
152 820 187 875 ad
206 821 352 878 dexteram
381 822 432 878 liei
455 823 554 890 Patris,
573 822 679 879 iterum
693 839 761 879 von·
812 821 887 878 diuis
898 822 999 879 ordino
1012 822 1215 895 praetermisso,
1228 823 1345 880 missam
1357 823 1510 898 sinepreee
1522 826 1625 882 oratio·

103 914 259 971 convivas
281 920 309 971 et
331 918 467 971 mortuos.
489 916 574 987 Cujus
601 916 684 988 regni
705 932 762 971 non
811 917 856 971 nis
868 916 993 972 studeant
1004 915 1110 983 dicero,
1121 919 1151 972 et
1160 916 1513 988 quodinsolemnitatibns
1524 921 1627 993 marty·

103 1005 242 1063 {redimus
252 1011 280 1063 et
287 1009 317 1063 in
326 1008 461 1081 Spiritum
472 1013 600 1066 sanctum
608 1008 762 1065 Dominum
811 1025 877 1065 rum
893 1007 1027 1082 reliquias
1042 1025 1094 1065 suo
1111 1009 1181 1064 collo
1196 1009 1391 1082 imponant,at
1405 1009 1435 1064 in
1445 1010 1553 1067 sellulis
1567 1028 1626 1068 non

103 1115 158 1169 sm,
172 1118 208 1156 ox
225 1103 306 1158 Patre
328 1105 357 1158 et
376 1103 445 1159 Filio
467 1102 682 1175 procedentem,
696 1120 762 1159 oum
812 1103 847 1158 ab
865 1102 927 1158 aliis
939 1118 968 1158 se
981 1101 1146 1175 portandos,
1161 1101 1215 1157 nisi
1228 1102 1264 1158 nb
1273 1101 1375 1158 albatis
1388 1100 1550 1159 diaconibus
1563 1120 1625 1160 ore-

103 1193 155 1250 ilio
170 1194 350 1251 adorandum
363 1200 392 1251 at
407 1196 634 1268 glorificandum.
656 1197 709 1262 Qui
722 1197 762 1253 lo·
810 1195 887 1252 dant.
898 1194 969 1251 illud
979 1210 1092 1268 quoque
1102 1194 1314 1268 quodplarique
1326 1196 1503 1252 sacerdotum
1515 1196 1624 1270 absque

103 1302 150 1359 per
160 1287 324 1361 prophetas.
338 1290 372 1344 Et
380 1305 469 1344 unam
485 1292 624 1358 sanctam,
639 1290 760 1346 catholi·
810 1287 972 1345 testimonio
985 1304 1051 1345 oum
1062 1287 1176 1344 leminis
1191 1293 1413 1359 commorantur,
1430 1292 1459 1345 ct
1471 1289 1547 1362 quod
1559 1291 1624 1363 qui·

103 1381 265 1453 postolicam
285 1381 448 1439 Ecclesiam.
470 1382 645 1439 confitemur
671 1399 759 1439 uuum
810 1381 876 1464 dam
893 1382 1008 1439 illorum
1022 1384 1176 1438 bonomtos
1197 1382 1298 1438 iratres
1314 1397 1379 1437 suos
1398 1381 1563 1438 verberibus
1584 1384 1626 1439 in·

103 1474 542 1548 mremissionempeccatorum.
556 1477 761 1548 Exspectamus
809 1475 936 1532 discretis
950 1475 1117 1548 subjiciunt.
1140 1477 1254 1532 Necnon
1272 1480 1300 1531 ct
1319 1475 1400 1543 illud,
1416 1475 1623 1549 quodquidam

103 1582 180 1623 >nom
194 1573 383 1624 mortuorum.
396 1570 431 1625 Et
450 1568 536 1624 vitam
550 1568 758 1626 futurisoeouli.
808 1568 933 1626 Simonis
953 1568 1108 1641 cupiditate
1135 1569 1252 1640 arrepti,
1280 1584 1352 1641 quos
1375 1569 1532 1629 ordinaturi
1558 1575 1626 1628 sunt

810 1660 905 1736 145
920 1662 972 1718 sub
985 1661 1115 1718 cendone
1127 1660 1274 1717 dimittant
1286 1660 1408 1734 qualiter
1418 1666 1569 1736 postquam
1581 1680 1624 1720 or·

103 1752 157 1826 rjus
183 1757 288 1810 sanctae
319 1755 388 1811 odei
418 1759 629 1812 sacramentum
655 1731 898 1812 relatusBdinau
912 1755 1034 1823 fuerint,
1056 1754 1207 1826 pecuniam
1226 1753 1338 1810 abillis
1361 1755 1622 1827 promissamacci·

103 1847 174 1902 ione
185 1848 316 1903 omnium
328 1854 490 1905 nostrorum
503 1865 583 1905 error
592 1848 759 1905 manifestus
808 1848 976 1922 piant.lllud
985 1863 1097 1921 quoque
1106 1847 1183 1920 quod
1190 1846 1328 1903 familiam
1334 1846 1623 1921 ecclesiaeinpropriis

103 1938 239 2008 diversus,
260 1942 310 2014 qui
324 1944 403 1997 tanta
422 1940 508 1998 debet
528 1941 684 2015 discipline
699 1947 758 1999 arte
806 1941 950 1998 laboribus
964 1943 1100 2014 quassant
1114 1940 1254 1996 damnum
1268 1939 1451 1997 eliominicis
1462 1941 1597 1998 iacientes
1612 1960 1619 2010 ;

103 2035 186 2090 nanta
195 2036 225 2089 ct
231 2035 415 2106 perversitate
424 2035 626 2108 comprobatur
632 2034 756 2092 infundi.
807 2050 872 2108 que
884 2034 992 2105 omnic,
1006 2049 1042 2090 no
1056 2033 1174 2091 contuso
1193 2033 1345 2090 videantur
1360 2048 1421 2090 esso
1437 2034 1557 2106 prolata,
1576 2034 1620 2091 di·

103 2124 155 2182 rim
174 2127 205 2182 in
225 2127 368 2184 sacrificiis
387 2129 501 2184 Domini
521 2128 606 2185 relati
628 2132 695 2184 sunt
713 2129 758 2186 lac
807 2128 905 2186 scretis
925 2127 1074 2186 titulorum
1094 2126 1242 2184 ordinibus
1258 2126 1617 2186 credimussubnsctsnds.

103 2218 203 2290 iberra,
224 2220 425 2279 eucharistiam
446 2237 559 2297 quoque
584 2221 650 2279 rino
662 2221 756 2280 madi·

558 2534 758 2604 INCIPIUNT
794 2533 1002 2605 CAPITULA.

103 2720 192 2792 pulsis
216 2722 349 2779 omnibus
368 2723 550 2794 opinionibus
572 2723 750 2797 superstitio·
837 2727 863 2780 5.
878 2723 917 2780 De
925 2722 1059 2780 damnata
1070 2721 1296 2796 presumptione
1305 2721 1499 2796 quorumdem
1508 2723 1616 2795 spisco-

103 2816 239 2871 stantum
255 2818 284 2872 et
309 2816 408 2872 vinunr
430 2833 505 2890 aque
529 2817 696 2890 permistum
720 2817 752 2874 in
800 2831 903 2889 porum
916 2816 968 2889 qui
985 2816 1016 2872 in
1029 2815 1224 2872 festivitatibus
1243 2817 1402 2888 martyrum
1417 2815 1454 2870 sd
1469 2815 1615 2874 ecclesiam

105 2903 253 2964 derantur.
799 2908 1135 2983 procedentes,1appensis
1147 2908 1218 2964 collo
1232 2906 1369 2981 reliquiis,
1383 2908 1574 2970 adiutoribus
1584 2909 1614 2966 in

103 3015 133 3055 sa
149 3000 269 3057 liomino
290 3006 399 3059 sacrata
422 3003 553 3060 humanis
573 3003 672 3062 usibus
690 3021 748 3063 ser·
799 3002 1075 3060 sellulisrectantur.

759 3098 786 3173 C
835 3099 862 3152 6.
876 3098 914 3152 [te
925 3097 1074 3152 honestata
1087 3096 1291 3152 honoratorum
1302 3097 1345 3151 est
1356 3093 1514 3171 disciplina.

103 3187 198 3243 mrdos
220 3188 281 3245 sine
301 3189 392 3245 orario
413 3189 531 3248 missam
553 3191 658 3249 audeat
670 3193 745 3250 cele·
830 3194 857 3245 7.
873 3190 913 3245 Ne
926 3189 1111 3262 promissione
1130 3203 1293 3258 munerum,
1308 3187 1425 3245 honoris
1448 3189 1541 3261 gratia
1561 3204 1609 3245 ve·

795 3281 953 3338 nundetur.

103 3372 233 3429 ccrdotes
259 3374 317 3430 siro
345 3376 508 3450 quicunque
532 3393 568 3433 ex
591 3379 667 3436 clero
685 3378 745 3437 sine
830 3378 857 3431 8.
869 3377 910 3431 Ne
921 3379 1043 3432 rectores
1056 3375 1181 3432 ecclesio
1193 3375 1273 3447 prius
1288 3374 1405 3448 propria
1418 3390 1506 3449 quam
1518 3377 1607 3433 eccle·

105 3481 174 3523 cum
186 3467 359 3539 quibuslibet
369 3469 485 3525 feminis
498 3471 635 3527 habitent.
794 3467 899 3525 sinstica
911 3467 978 3540 jura
989 3467 1117 3524 laborare
1127 3467 1285 3524 intendant.

103 3612 164 3669 tum
183 3629 268 3669 omns
282 3615 392 3672 crimen
406 3621 491 3689 etque
502 3622 652 3689 peecatum
666 3616 743 3675 obla·
793 3614 999 3687 complemento
1006 3613 1217 3670 communionis
1223 3613 1374 3670 intinctam
1380 3615 1499 3672 tradunt
1507 3618 1608 3673 eucha-

103 3703 198 3761 ridelis
218 3706 356 3776 deleatur,
381 3709 450 3782 quid
462 3710 498 3767 de
513 3716 613 3767 cetero
625 3728 677 3784 pro
691 3712 742 3769 de·
791 3707 902 3764 ristiam
920 3706 1042 3780 populis,
1062 3723 1115 3764 nec
1133 3708 1187 3763 hoc
1204 3708 1346 3781 prolatum
1367 3708 1560 3766 testimonium
1572 3727 1605 3767 er

103 3797 228 3870 piatione
242 3801 361 3856 Domino
377 3801 500 3871 debitur,
511 3804 626 3876 quarmo
638 3805 669 3860 in
683 3805 742 3878 ipsa
792 3799 942 3873 Evangelio
953 3800 1064 3873 recipit,
1081 3801 1130 3857 ubi
1143 3801 1278 3873 apostolis
1290 3816 1392 3874 corpus
1405 3818 1488 3858 suum
1501 3807 1531 3859 et
1542 3818 1605 3860 ssu·

103 3890 209 3949 »huone
224 3895 363 3950 erratur?
389 3895 555 3952 Audivimus
566 3898 642 3954 enim
655 3915 739 3972 quos·
791 3893 908 3967 fflrinem
918 3892 1136 3963 commendavit,
1151 3910 1279 3950 seorsum
1294 3894 1370 3950 enim
1385 3895 1477 3967 panis,
1488 3901 1518 3952 ot
1528 3911 1604 3953 seor-

103 3986 186 4041 iatica
199 3987 353 4044 ambitione
369 3988 500 4045 detentos
520 3995 617 4047 contra
631 3993 741 4048 divinos
789 4003 852 4042 sum
860 3986 1172 4044 caliciscommendatio
1178 3991 1365 4044 memoratur.
1374 3989 1445 4044 Nam
1451 3988 1603 4046 intinctum

113 4080 278 4151 apostolicas
293 4081 485 4138 institutiones
499 4083 541 4138 lac
558 4101 609 4156 pro
627 4084 692 4142 rino
709 4087 739 4141 in
788 4096 892 4153 panem
906 4080 969 4137 aliis
979 4080 1123 4139 Christum
1135 4080 1288 4154 praebuisse
1299 4097 1358 4137 non
1372 4081 1504 4153 legimus,
1520 4099 1602 4142 erce·

103 4171 192 4228 iflciis
212 4174 355 4244 dedicare,
379 4174 449 4231 ulios
468 4177 573 4249 quippe
588 4177 738 4235 intinctam
788 4176 837 4245 pto
850 4174 898 4228 illo
917 4178 1030 4231 tautum
1048 4175 1205 4247 discipulo,
1230 4190 1318 4246 quom
1337 4174 1458 4231 intincta
1477 4177 1604 4234 buccello

103 4267 738 4340 npopulisprocomplemeutocommunionis
787 4266 916 4338 magistri
926 4267 1099 4339 proditorem
1110 4266 1282 4338 ostenderet,
1292 4283 1351 4323 non
1361 4272 1602 4341 quaesaorameuti

103 4358 235 4432 pnosdam
248 4361 334 4416 etiam
347 4378 406 4417 non
421 4378 587 4435 expressum
601 4364 697 4420 vinum
707 4365 737 4420 in
787 4359 1272 4432 hujusinstitutionemmonstraret.
1282 4361 1352 4416 Nam
1359 4362 1437 4434 qnod
1446 4363 1481 4418 de
1490 4380 1602 4436 expres·

103 4451 260 4509 illominici
273 4455 488 4524 calicisofferre,
504 4457 552 4512 sed
569 4457 668 4514 oblatis
677 4460 775 4538 tan-1)
786 4468 817 4506 ³0
829 4453 923 4524 botro,
937 4454 967 4510 id
978 4456 1030 4524 est,
1043 4470 1161 4510 urorum
1176 4455 1274 4526 granis
1284 4457 1602 4529 populusoommuuica·

103 4562 117 4601 s
131 4547 354 4603 communicare.
371 4548 452 4613 Quod
464 4565 550 4622 quom
564 4551 601 4605 sit
612 4567 733 4624 evange.
785 4551 843 4615 tur,
855 4546 935 4602 ratde
947 4550 991 4603 est
1002 4547 1120 4603 omnino
1129 4547 1378 4605 contusum'Culix
1390 4549 1467 4605 enim
1477 4548 1601 4606 Domini-

103 4639 263 4710 apostolicae
276 4641 414 4697 doctrinae
430 4644 606 4699 contrarium
629 4650 657 4700 et
672 4661 737 4702 con.
785 4655 834 4694 cus
846 4639 1017 4712 [juxtaquod
1026 4640 1142 4712 quidam
1156 4639 1400 4714 doctoredisserit)
1412 4642 1477 4697 eino
1488 4647 1600 4716 alequa

103 4731 281 4789 eclesiastica
301 4734 460 4804 adversum,
485 4753 542 4791 non
562 4736 675 4794 difficile
700 4739 735 4794 ah
784 4732 936 4804 permistus
948 4732 1150 4803 debetofferri‚
1164 4732 1368 4806 quiavidemus
1381 4735 1499 4808 inaqm
1512 4753 1600 4810 popu-

103 4824 219 4881 rennos
241 4828 387 4898 probatur,
402 4847 419 4882 a
434 4846 490 4901 quo
504 4829 633 4885 ordinata
646 4846 737 4886 sacra·
783 4827 843 4881 lum
856 4826 985 4898 intelligi,
998 4825 1028 4881 in
1037 4826 1103 4882 vino
1112 4843 1178 4882 vero
1187 4827 1297 4884 ostendi
1305 4828 1475 4901 sanguinem
1484 4830 1597 4886 Christi.

104 4920 241 4990 mysteria
262 4925 471 4991 processerunt.
486 4923 564 4988 ,Cum
585 4923 663 4979 enim
675 4940 736 4979 ma·
784 4921 858 4991 Ergo
872 4919 986 4993 quando
1000 4920 1031 4975 in
1044 4920 1130 4976 calice
1148 4921 1213 4976 rino
1232 4921 1468 4993 commiscetur,
1486 4923 1598 4981 Christo

103 5009 148 5066 tiis
159 5027 259 5067 verum
273 5014 371 5069 salutis
386 5019 489 5070 nostrae
499 5015 665 5072 sacrificium
677 5017 734 5072 suis
783 5013 908 5086 populus
920 5012 1074 5083 adunatur,
1089 5018 1119 5069 et
1134 5013 1313 5069 credentium
1333 5013 1413 5085 plebs
1427 5015 1453 5070 ei
1465 5015 1496 5071 in
1510 5033 1598 5090 quern

103 5104 135 5159 et
159 5103 311 5177 discipulis,
334 5124 391 5163 non
410 5108 465 5163 iilis
485 5110 536 5178 lac,
562 5109 611 5164 scd
628 5126 734 5182 panem
783 5106 903 5163 credidit
926 5106 1085 5178 copulatur,
1109 5111 1137 5162 et
1155 5107 1296 5179 jungitur.
1323 5108 1392 5173 Quae
1409 5110 1551 5182 copulatio
1570 5116 1599 5168 ot

103 5195 202 5253 obeam
215 5199 266 5253 sub
279 5200 333 5255 hoc
347 5206 524 5257 sacramento
539 5204 734 5275 cognoscimus
783 5200 947 5273 conjunctio
959 5215 1041 5272 aquae
1060 5205 1089 5255 ot
1100 5199 1159 5255 rini
1177 5200 1216 5256 sic
1235 5200 1371 5257 miscetur
1386 5202 1416 5257 in
1435 5204 1520 5260 calice
1543 5205 1595 5258 Do·

103 5304 129 5345 r.
139 5289 270 5361 Aitjenim
279 5294 441 5364 evangelica
451 5295 573 5351 Veritas:
590 5318 603 5347 a
618 5297 734 5369 Accepit
782 5293 863 5360 mini,
875 5296 907 5348 ut
919 5293 1083 5365 conjunctio
1095 5293 1143 5348 illa
1156 5309 1214 5349 non
1227 5295 1318 5367 possit
1331 5296 1474 5370 separari3
1492 5312 1559 5351 nam
1572 5297 1596 5350 si

103 5386 161 5440 oct
180 5385 306 5454 calicem,
325 5391 353 5442 et
372 5386 540 5443 benedicens
555 5389 633 5446 dedit
647 5389 732 5445 disci·
782 5392 879 5446 vinum
896 5393 1008 5447 tantum
1027 5392 1091 5465 quis
1113 5392 1224 5462 offerat,
1245 5395 1361 5466 sanguis
1379 5394 1484 5452 Christi
1497 5394 1596 5466 incipit

103 5475 168 5533 iuro.
181 5494 236 5548 xiv,
250 5479 306 5551 22).
322 5499 336 5532 n
352 5480 447 5536 Cesset
465 5498 533 5554 ergo
547 5483 589 5537 lac
605 5482 636 5538 in
651 5483 733 5539 sacri-
782 5500 842 5540 esse
854 5484 914 5539 sine
926 5484 1017 5553 uobis,
1037 5486 1060 5540 si
1076 5501 1143 5541 vero
1157 5502 1232 5559 aqua
1247 5487 1284 5541 sit
1305 5488 1372 5554 sola,
1392 5487 1473 5558 plebs
1494 5485 1595 5558 incipit

111 5569 180 5642 quia
191 5573 377 5629 manifestum
403 5580 430 5630 et
441 5576 555 5632 evidens
570 5575 732 5649 exemplum
781 5593 843 5634 esse
861 5578 921 5634 sine
940 5578 1061 5636 Christo.
1082 5581 1157 5651 Ergo
1176 5579 1289 5651 quando
1304 5579 1403 5634 botrus
1419 5562 1494 5633 solus
1507 5578 1592 5635 offer·

107 5663 240 5720 Veritatis
253 5665 353 5734 illuxit,
369 5668 446 5741 quod
462 5674 567 5740 praeter
582 5685 685 5740 panem
703 5673 733 5725 et
780 5675 836 5741 tur,
854 5670 886 5726 in
902 5688 960 5745 quo
976 5672 1035 5728 vini
1059 5676 1171 5728 tautum
1195 5671 1346 5728 efficientia
1367 5671 1597 5741 demonstretur,

103 5755 110 5812 1
125 5756 221 5818 ouem
241 5774 297 5817 nou
311 5760 387 5820 sinit.
404 5762 475 5818 illud
488 5778 562 5834 vero,
590 5762 668 5835 quod
680 5778 731 5836 pro
780 5770 996 5825 momentum
1016 5769 1127 5825 nostrae
1142 5766 1247 5826 sunus
1261 5764 1443 5840 negbu'bxu,
1459 5766 1547 5839 nucu
1559 5780 1620 5840 per
