3870 6150
653 235 1100 297 necasrauuuoomaano.
1657 247 1709 308 m

103 355 157 398 era
178 342 208 397 et
221 339 299 411 quod
313 339 403 397 vitare
417 340 581 412 debeamus,
596 359 657 400 non
672 345 770 400 anem
786 360 837 417 per
847 345 988 433 Amundi
1002 346 1088 418 hujus
1103 347 1234 406 mittatur
1246 349 1334 417 foras,
1351 353 1381 407 et
1394 352 1538 424 quamdo
1548 353 1628 427 prius
1642 356 1706 413 alli·

108 433 192 491 nobis
201 433 343 505 prestari,
353 435 463 508 utquid
474 435 639 492 faciendum
649 437 838 510 cognovimus
888 442 971 512 getur
996 438 1089 508 fortis,
1111 446 1140 498 et
1153 442 1286 515 deinceps
1311 459 1378 499 vasa
1396 444 1458 516 eJus
1480 445 1653 518 diripiantur
1675 449 1707 508 in

103 549 108 584 ι
127 528 222 586 iacere
241 529 395 602 diligamus
410 536 497 603 atque
515 531 667 599 valeamus,
686 533 838 589 anathema
888 532 1095 604 possessionem
1105 534 1243 591 translata
1253 536 1378 606 victoris,
1391 539 1618 612 «quicaptivam
1628 542 1708 600 ducit

103 623 229 679 unanim
239 623 481 696 dieatApostolus:
494 624 736 695 «scientiainssat,
747 625 838 682 chari·
887 625 1091 698 captivitatem,
1105 632 1133 682 et
1146 627 1195 683 dat
1204 627 1281 684 dona
1290 630 1455 689 hominibus
1468 633 1674 708 (Eptes.1x,8).
1690 657 1704 687 o

103 733 138 774 ro
153 717 275 773 aedificat
287 718 370 774 valde
394 719 415 788 li
430 721 489 778 Gor.
504 735 564 790 vm,
583 720 619 790 l),
634 741 647 768 o
662 719 783 792 impium
795 723 839 777 est
887 719 936 774 liis
950 735 1018 793 ergo
1032 719 1225 777 ecclesiasticis
1239 739 1275 778 ex
1287 722 1383 779 divina
1398 725 1521 798 sumptis
1539 729 1706 786 auctoritate

103 809 216 868 edamus
229 811 264 866 ad
274 827 339 868 eam
352 828 416 883 quae
431 811 513 867 inflat
531 828 584 868 nos
597 812 701 869 habere
714 813 836 884 gratiam
888 812 1067 870 documentis
1075 813 1125 884 ita,
1137 813 1289 886 adjuvante
1297 816 1429 887 Domino,
1439 819 1589 876 confortati
1596 838 1706 891 sumus,

103 904 135 975 ti,
156 908 185 961 et
203 905 240 962 ad
256 921 322 960 eam
344 921 409 978 quae
429 904 550 960 edificat
568 922 628 961 non
641 906 757 974 habere,
771 923 837 963 cum
889 911 920 962 ut
938 907 1068 963 omnium
1091 906 1234 963 bonorum
1254 908 1409 966 affectuum
1434 914 1520 984 atque
1545 930 1664 986 operum
1678 920 1707 973 et

103 1014 226 1071 rumque
245 998 353 1054 donum
374 998 435 1069 liei,
456 1002 485 1055 et
504 999 576 1054 scire
600 999 670 1071 quid
684 1000 778 1056 iacere
791 1001 838 1056 de-
888 999 1018 1056 omnium
1029 1000 1188 1056 studiorum
1200 1001 1387 1075 omniumque
1399 1003 1546 1074 virtutum,
1559 1007 1707 1079 quibusab

103 1107 154 1162 ius,
168 1094 197 1148 et
209 1091 328 1165 diligere
343 1096 374 1146 ut
386 1092 536 1160 iaciamus,
549 1095 592 1160 ut,
602 1091 759 1150 aedificante
769 1094 836 1150 cha·
886 1092 968 1148 initio
980 1092 1046 1150 fidei
1058 1094 1094 1149 ad
1108 1094 1198 1161 Deum
1208 1094 1346 1166 tenditur,
1362 1097 1450 1152 ileum
1460 1098 1601 1156 fateamur
1611 1107 1707 1158 aucto·

103 1209 116 1255 ι,
136 1185 255 1241 scientia
271 1202 330 1241 non
351 1186 439 1257 possit
455 1185 565 1242 inllare.
586 1186 664 1242 Sicut
682 1192 780 1243 autem
800 1188 836 1244 de
886 1203 960 1257 rem,
971 1191 1068 1243 elnon
1079 1187 1243 1244 dubitemus
1253 1188 1290 1243 ad
1302 1189 1392 1261 ipsius
1402 1191 1495 1261 gratia
1508 1193 1708 1250 omniahomi-

103 1277 228 1351 criptum
243 1282 304 1335 est:
323 1300 337 1328 «
355 1279 410 1344 Qui
429 1279 512 1336 docet
526 1280 673 1336 hominem
686 1281 836 1338 scientiam
886 1280 931 1334 nis
943 1279 1047 1336 merita
1059 1280 1220 1352 praeveniri,
1235 1298 1288 1354 per
1298 1298 1384 1354 quem
1397 1283 1431 1338 lit
1443 1287 1474 1339 ut
1482 1284 1591 1358 aliquid
1599 1287 1669 1343 boni
1679 1294 1708 1345 et

117 1373 349 1441 xo11,lt)),»ita
366 1372 563 1446 scriptumest
580 1374 666 1431 etiam
685 1391 691 1430 :
707 1375 838 1432 Charitas
886 1373 959 1428 velle
977 1372 1149 1445 incipiamus
1172 1378 1200 1431 et
1218 1375 1322 1432 lacere.
1347 1376 1427 1441 Quod
1443 1377 1544 1450 utique
1558 1379 1663 1436 auxilio
1679 1386 1709 1437 et

103 1483 125 1523 o
137 1469 180 1522 est
191 1466 216 1538 (l
226 1468 305 1522 loon.
321 1482 359 1535 ιν,
375 1468 412 1535 7).
427 1488 442 1517 o
456 1468 528 1523 item
540 1467 642 1540 quinto
657 1468 791 1540 capitulo,
807 1473 838 1524 ut
885 1482 1007 1524 munere
1018 1467 1067 1523 bei
1075 1482 1133 1522 non
1142 1467 1270 1524 aufertur
1279 1468 1402 1526 liberum
1411 1471 1571 1542 arbitrium,
1582 1473 1632 1530 sed
1642 1473 1709 1530 libe·

103 1559 149 1616 uis
169 1558 271 1616 dixerit
291 1559 356 1615 ideo
379 1560 463 1616 nobis
487 1561 610 1633 gratiam
628 1560 837 1633 justificationis
886 1562 977 1630 ratur,
991 1564 1024 1616 ut
1042 1560 1078 1615 de
1095 1561 1244 1618 tenebroso
1261 1561 1399 1632 lucidum,
1421 1563 1457 1619 de
1476 1581 1564 1637 pravo
1584 1571 1708 1638 rectum,

103 1654 222 1727 utquod
236 1653 331 1709 lacera
341 1670 394 1726 per
403 1653 527 1711 libemm
540 1654 691 1711 arbitrium
701 1655 838 1727 jubemur
887 1653 922 1708 de
944 1652 1083 1726 languido
1103 1670 1215 1722 sanum,
1239 1655 1274 1711 de
1300 1655 1467 1729 impudente
1491 1658 1528 1714 sit
1545 1659 1706 1732 providum.

103 1763 130 1804 rs
141 1747 282 1821 possimus
299 1747 421 1820 implere
436 1765 488 1820 per
507 1747 638 1820 gratiam,
655 1752 796 1822 tanquam
809 1754 838 1808 ct
848 1723 876 1797 Β
887 1749 976 1804 Tanta
988 1748 1066 1804 enim
1081 1764 1151 1820 erga
1165 1764 1266 1805 omnes
1279 1749 1410 1806 homines
1423 1755 1466 1806 est
1477 1751 1589 1808 bonitas
1601 1754 1661 1823 Dei,
1676 1758 1709 1810 ut

103 1841 147 1898 dia
158 1858 215 1898 non
230 1843 345 1898 daretur
359 1858 418 1897 non
433 1841 550 1914 quidem
562 1842 656 1909 facile,
672 1843 722 1899 sed
737 1846 837 1901 tamen
887 1843 985 1898 nostra
995 1841 1063 1898 velit
1074 1858 1135 1899 esse
1144 1843 1249 1899 merita
1258 1859 1322 1915 quae
1335 1844 1500 1917 suntipsius
1511 1846 1599 1915 dona,
1614 1850 1644 1902 et
1653 1864 1706 1920 pro

103 1952 159 1992 nus
174 1935 261 1992 etiam
274 1935 335 1991 sine
360 1935 409 1991 illa
429 1935 524 1991 divim
545 1935 667 2008 implere
689 1938 835 2007 mandata,
886 1935 1007 2008 hisquae
1020 1935 1141 2009 largitus
1162 1940 1206 1991 est
1221 1939 1329 1992 eterna
1346 1938 1465 2010 praemia
1489 1938 1526 1995 sit
1539 1939 1707 2011 donaturus,

103 2044 172 2087 rema
191 2030 236 2085 sit.
259 2030 299 2084 De
318 2028 457 2085 fructibus
472 2028 551 2084 enim
571 2030 773 2087 mandatorum
784 2032 837 2088 Do·
887 2029 949 2101 agit
959 2028 1067 2102 quippe
1081 2030 1111 2085 in
1126 2029 1208 2086 nobis
1220 2034 1254 2087 ut
1263 2030 1341 2103 quod
1356 2031 1415 2087 vult
1424 2035 1453 2087 at
1465 2032 1583 2089 velimus
1594 2036 1624 2089 et
1636 2050 1706 2107 aga·

103 2139 116 2177 s
136 2123 319 2195 loquebatur,
339 2122 389 2178 ubi
405 2139 465 2178 non
483 2123 533 2193 ait,
553 2123 614 2179 sine
627 2124 681 2194 {me
695 2123 837 2181 difficilius
886 2138 961 2191 mus,
973 2139 1027 2179 nec
1037 2123 1166 2179 otiosain
1176 2124 1257 2179 nobis
1268 2124 1456 2196 essepatitur,
1470 2141 1535 2197 quae
1545 2128 1707 2190 exercenda

103 2217 248 2284 baiaeere,
259 2216 309 2272 sed
317 2217 367 2286 ait,
383 2237 396 2266 a
408 2216 469 2272 sine
477 2232 524 2274 ma
534 2216 605 2273 nihil
616 2217 734 2290 potestis
741 2218 837 2276 facere
886 2231 946 2271 non
964 2216 1139 2289 negligenda
1159 2217 1284 2286 donavit,
1299 2221 1331 2272 ut
1342 2222 1371 2273 et
1384 2234 1436 2273 nos
1450 2223 1650 2291 cooperatores
1668 2221 1706 2276 si·

103 2351 109 2367 .
124 2326 170 2380 xv,
186 2312 222 2380 5).
238 2331 252 2360 a
886 2325 950 2364 mus
960 2310 1061 2382 gratiae
1075 2310 1134 2379 Dei,
1148 2310 1214 2366 acsi
1227 2310 1296 2383 quid
1308 2311 1337 2367 in
1351 2311 1435 2369 nobis
1448 2328 1484 2368 ex
1497 2317 1594 2369 nostra
1604 2314 1707 2372 videri·

119 2405 296 2461 praetereas
320 2410 418 2459 autem
438 2403 609 2461 beatissima
633 2404 836 2479 etapostolicae
886 2419 951 2459 mus
962 2403 1131 2461 remissione
1145 2405 1336 2477 langurscerc,
1347 2405 1384 2461 ad
1394 2405 1475 2461 illum
1485 2407 1603 2463 sollicite
1612 2424 1708 2464 recun

120 2497 296 2554 inviolabiles
317 2499 490 2566 sanationes,
520 2498 623 2571 quibus
644 2515 697 2554 nos
714 2499 835 2572 piissimi
886 2513 984 2553 ramus
996 2498 1046 2571 qui
1054 2500 1137 2553 sanat
1147 2514 1245 2554 omnes
1255 2499 1409 2571 languores
1420 2503 1542 2571 nostros,
1554 2503 1583 2556 et
1592 2501 1709 2558 redimit

103 2593 269 2665 spestilerae
282 2592 417 2648 novitatis
436 2592 559 2648 elatione
572 2591 692 2664 dejecta,
711 2595 741 2647 et
753 2593 836 2649 bonae
886 2589 923 2646 de
936 2590 1054 2647 interitu
1069 2591 1158 2646 vitam
1173 2596 1308 2660 nostram,
1325 2594 1356 2648 ct
1368 2593 1414 2649 cui
1428 2592 1558 2666 quotidie
1572 2593 1705 2664 dicimus,

103 2687 171 2743 tatis
183 2687 313 2754 exordia,
329 2691 358 2742 et
373 2686 551 2742 incrementa
574 2685 767 2758 probabilium
779 2690 836 2743 stu.
887 2705 901 2734 a
915 2683 1080 2741 neinducas
1089 2701 1140 2740 nos
1149 2685 1179 2741 in
1189 2685 1706 2756 tentationem,sedliberanosamalo

103 2797 143 2852 m,
166 2782 196 2837 et
219 2780 260 2836 eis
279 2797 367 2853 usqne
388 2779 419 2834 in
437 2780 524 2836 linem
543 2779 787 2851 perseverantiam
800 2781 836 2836 ad
886 2775 1149 2849 (llottb.v1.ltl.»

103 2875 121 2930 ti
143 2873 266 2947 gratiam
285 2875 393 2930 reterre
420 2873 588 2942 docuerunt,
609 2873 835 2931 obsecrationum
920 2872 987 2928 lilll.
1002 2872 1207 2928 profundiores
1225 2888 1292 2929 vero
1304 2873 1535 2947 difficilioresque
1548 2876 1647 2946 partes
1658 2890 1705 2931 oc·
1816 2946 1817 2950 Ἰ

103 2983 131 3024 re
144 2967 361 3024 sacerdotalium
373 2967 753 3040 sacramentarespiciamas,
770 2984 836 3040 quae
886 2963 1064 3022 currentium
1087 2966 1279 3040 questionum
1302 2984 1374 3041 quas
1390 2967 1475 3024 latius
1496 2969 1708 3039 pertractarunt

103 3061 196 3119 >stolis
208 3061 311 3117 tradita
323 3060 422 3117 intoto
433 3060 677 3133 mundoatquain
688 3061 833 3119 communi
885 3058 934 3130 qui
945 3058 1088 3116 hereticis
1109 3060 1286 3130 restiterunt,
1306 3061 1380 3118 sicut
1398 3077 1457 3117 non
1475 3060 1617 3119 audemus
1637 3078 1706 3118 oon·

103 3154 288 3212 viacatholica
298 3154 483 3210 uniformiter
492 3153 686 3226 celebrantur,
697 3159 730 3211 ut
740 3155 834 3228 legem
884 3152 1263 3225 temnereitanonnecesse
1273 3154 1412 3211 babemus
1420 3154 1661 3228 astruers;*quia
1669 3155 1707 3211 ad

103 3249 160 3321 ndi,
174 3251 218 3305 lex
231 3251 337 3306 statuat
350 3247 536 3321 supplicandi.
547 3248 619 3304 Cum
629 3248 707 3304 enim
721 3254 832 3305 sancta-
885 3245 1079 3303 confitendum
1102 3247 1223 3320 gratiam
1243 3248 1293 3304 liei
1315 3249 1396 3320 cnjus
1409 3248 1533 3321 operiac
1547 3247 1708 3320 dignationi

103 3343 232 3417 plebium
254 3343 390 3416 praesules
412 3341 546 3397 mandata
560 3341 678 3397 sibimet
692 3343 834 3415 legatione
884 3340 998 3413 penitus
1011 3341 1241 3397 subtrahendum
1254 3346 1307 3412 est,
1327 3341 1394 3398 satis
1415 3342 1545 3398 sulficere
1561 3340 1707 3398 credimus

103 3434 268 3506 mamapua
274 3433 400 3490 divinam
406 3431 717 3488 clementiambumani
723 3433 835 3505 generis
884 3431 1023 3506 quidquid
1033 3434 1191 3490 secundum
1203 3433 1352 3507 praedictas
1364 3435 1477 3506 regulas
1486 3434 1647 3507 apostolica
1657 3433 1705 3491 Se-

103 3544 232 3585 .causam
245 3545 251 3583 :
263 3532 290 3583 et
305 3530 366 3583 tota
381 3543 479 3583 secum
493 3525 702 3598 cogemiscente
711 3526 835 3584 Ecclesia
884 3526 928 3583 dis
941 3542 1000 3584 non
1012 3526 1084 3600 [nos]
1097 3527 1203 3600 scripta
1216 3527 1383 3598 docuerunt,
1397 3532 1429 3583 ut
1443 3543 1560 3601 prorsus
1572 3543 1633 3583 non
1646 3525 1706 3599 opi·

103 3622 163 3679 lant
174 3626 203 3678 et
217 3625 378 3693 precantur,
394 3623 427 3676 ut
443 3619 606 3677 infidelibus
618 3620 740 3676 donetur
752 3619 833 3691 fides,
883 3636 990 3676 nemun
1001 3620 1172 3677 catholicum
1184 3621 1261 3694 quod
1274 3620 1440 3694 apparuerit
1451 3619 1576 3693 praefixis
1587 3623 1703 3678 senten·

103 3715 221 3772 rlolatrae
229 3716 264 3771 ab
276 3715 430 3788 impietatis
441 3732 500 3770 suae
508 3714 667 3770 liberentur
681 3714 833 3785 erroribus,
883 3712 931 3770 tiis
945 3729 1006 3770 esse
1017 3713 1202 3770 contrarium.

103 3808 166 3866 lueis
176 3808 269 3864 ablato
283 3809 426 3865 velamine
443 3808 491 3863 lux
502 3806 628 3864 veritatis
641 3809 788 3881 appareat,
803 3812 835 3863 ut
1003 3807 1052 3864 Ad
1065 3809 1200 3880 episcopos
1215 3808 1311 3866 Gallie
1323 3807 1438 3879 epistola
1452 3807 1582 3878 ejusdem.

103 3902 143 3959 ici
159 3902 303 3958 calholica
319 3901 386 3958 fidei
405 3902 590 3974 perceptione
609 3900 784 3974 resipiscant,
802 3904 835 3956 ut
921 3904 946 3957 l.
963 3899 1047 3967 Quod
1058 3917 1116 3956 non
1131 3901 1256 3957 debeant
1267 3901 1430 3958 sacerdotes
1442 3904 1492 3956 aut
1503 3899 1598 3957 clerici
1608 3898 1706 3956 amiati

103 3994 189 4053 natici
200 3995 332 4068 spiritum
340 3994 472 4051 rediviva.
484 3994 629 4050 charitatis
641 3993 790 4066 accipiant,
801 3997 835 4049 ut
883 3993 977 4066 palliis
989 3998 1018 4050 et
1029 3994 1176 4066 praecincti
1190 3993 1295 4050 lumbis
1311 3994 1341 4051 in
1356 3994 1484 4050 eeclesiis
1496 3994 1668 4050 ministrare.

113 4088 289 4164 paenitentiae
302 4088 464 4145 remedium
482 4088 654 4156 conferatur,
667 4091 701 4144 ut
711 4087 835 4160 denique
918 4091 945 4144 2.
959 4086 1042 4154 Quod
1053 4087 1126 4144 nulli
1140 4087 1177 4144 sit
1193 4088 1293 4144 ultima
1304 4088 1474 4161 paenitentia
1486 4087 1668 4161 deneganda.

103 4184 227 4242 inmanis
243 4183 279 4238 ad
293 4183 519 4255 regenerationis
531 4186 711 4238 sacramente
727 4182 832 4254 perdu-
919 4185 945 4239 3.
960 4180 1043 4248 Quod
1060 4197 1113 4254 per
1131 4182 1237 4254 gradus
1257 4180 1459 4240 ecclesiasticos
1475 4182 1512 4239 ad
1525 4181 1706 4256 episcopatus

103 4277 280 4336 oelestisaula
289 4277 491 4335 misericordiae
501 4280 655 4346 reseretur,
666 4276 834 4332 haeceutem
883 4274 1010 4332 officium
1024 4275 1127 4333 debeat
1142 4274 1207 4350 quis
1221 4277 1381 4349 pervenire.

103 4372 288 4440 emunctoria,
304 4388 398 4445 neque
409 4370 535 4427 inaniter
549 4369 702 4426 aDomino
714 4369 775 4442 peti
786 4385 832 4426 re·
917 4371 946 4425 4.
964 4369 1044 4435 Quod
1056 4385 1240 4443 unaquaeque
1252 4369 1403 4444 provincia
1416 4387 1466 4427 suo
1480 4369 1705 4445 metropolitano

103 4467 227 4539 ipsarum
242 4468 384 4523 monstrat
399 4465 526 4534 effectus,
549 4463 781 4538 quandoquidem
801 4463 985 4540 edeebeat
996 4479 1058 4518 esse
1074 4466 1218 4519 contenta.

109 4576 213 4618 eorum
227 4576 332 4633 genere
346 4559 487 4634 plurimos
503 4560 579 4615 Deus
597 4558 734 4631 dignatur
746 4560 833 4615 attra-
920 4560 946 4612 5.
957 4555 1037 4622 Quod
1045 4556 1207 4612 nolentibus
1216 4557 1325 4614 clericis
1332 4558 1376 4614 vel
1386 4557 1500 4631 populis
1508 4572 1593 4614 nemo
1602 4556 1707 4614 debeat

103 4675 113 4708 ι
127 4671 201 4727 quos
214 4659 307 4711 erutos
318 4654 352 4710 de
361 4657 502 4727 potestate
516 4652 702 4709 tenebrarum
716 4652 835 4709 transfe·
883 4649 1033 4722 episcopus
1054 4649 1192 4706 ordinari.

116 4765 243 4822 regnum
255 4748 307 4804 lilii
321 4747 468 4804 charitatis
481 4764 541 4803 suae
553 4747 660 4818 (coloss.
675 4764 695 4815 1,
710 4747 764 4818 la),
777 4767 792 4796 o
805 4749 834 4801 et
919 4746 946 4800 6.
958 4741 1039 4808 Quod
1050 4742 1085 4798 ab
1099 4742 1204 4799 illicitis
1216 4743 1253 4798 sit
1264 4741 1495 4799 ordinationibus
1503 4743 1705 4801 abstinendum

103 4843 150 4900 esis
176 4842 226 4898 irae
243 4842 329 4898 iaciat
351 4859 417 4898 vasa
436 4841 647 4908 misericordiae,
669 4840 745 4912 quod
764 4840 834 4896 adeo
918 4838 1093 4895 Censsnrrus
1107 4836 1249 4894 universis
1262 4836 1707 4910 episcopisperiliannensemet

103 4957 109 4994 ι
123 4936 212 4993 divini
226 4935 320 5009 operis
333 4952 393 4991 esse
414 4934 546 5003 sentitur,
565 4938 599 4990 ut
610 4935 672 4990 haec
691 4932 834 4990 efficiente
884 4931 1102 4988 Narbonensem
1114 4930 1294 5003 provinciam
1310 4929 1470 4987 constitutis
1484 4930 1514 4987 in
1527 4931 1648 4988 Domino
1659 4949 1705 4988 sa·

103 5030 249 5104 gratiarum
264 5046 376 5101 semper
385 5028 458 5084 actio
467 5028 617 5102 laudisque
629 5027 770 5084 confessio
782 5043 834 5100 pro
883 5024 988 5081 lutam.
1008 5026 1186 5098 cuperemus
1204 5025 1322 5098 quidem
1341 5024 1377 5081 de
1396 5027 1554 5082 vestrarum
1573 5025 1705 5083 ecclesia·

103 5125 224 5182 mationa
237 5124 339 5179 talium
354 5123 396 5179 vel
409 5123 585 5178 correctione
598 5122 747 5178 referatur.
883 5135 950 5176 rum
962 5119 1004 5177 ita
1014 5119 1194 5176 ordinatione
1206 5119 1341 5192 gaudere,
1352 5123 1384 5175 ut
1393 5119 1604 5201 gratularemur
1611 5119 1706 5192 potius

103 5218 190 5277 ¹illud
200 5218 287 5275 etiam
295 5218 371 5291 quod
386 5217 461 5272 circa
469 5216 652 5288 baptizandos
661 5216 691 5271 in
701 5215 834 5273 universo
885 5213 921 5269 de
930 5216 1069 5287 provectu
1082 5229 1170 5285 quam
1183 5211 1293 5285 aliquid
1300 5211 1458 5269 admissum
1470 5216 1571 5270 contra
1578 5211 1704 5284 discipli-

103 5315 128 5370 lo
145 5315 241 5369 sanctu
255 5311 380 5368 Ecclesia
393 5310 573 5367 uniformiter
590 5310 651 5382 agit
665 5325 723 5365 non
741 5309 834 5367 otioso
883 5323 952 5362 nam
976 5305 1198 5364 ecclesiasticam
1223 5306 1395 5376 doleremus,
1420 5307 1449 5363 et
1473 5309 1602 5362 nostram
1626 5303 1705 5359 enim

103 5407 247 5481 mplamur
263 5405 381 5475 intuitu,
395 5422 462 5469 cum
475 5405 533 5460 sive
549 5403 669 5476 parvuli,
684 5403 834 5476 sivejuve·
882 5400 1011 5458 laetitiam
1021 5404 1051 5458 et
1058 5401 1210 5457 benefacta
1220 5400 1410 5472 preveniunt,
1420 5402 1450 5454 et
1462 5397 1591 5455 moeroris
1599 5396 1705 5453 aculeis

103 5501 125 5558 d
145 5499 370 5573 regenerationis
392 5499 510 5555 veniunt
532 5502 754 5568 sacramentum,
774 5514 834 5554 non
883 5510 937 5552 nos
952 5512 1018 5569 que
1031 5494 1141 5552 fuerint
1159 5494 1308 5551 malelacta
1328 5494 1536 5565 compungunt.
1552 5491 1608 5547 Nec
1622 5490 1705 5547 silere

108 5595 148 5651 ad
159 5595 270 5652 fontem
279 5594 344 5650 vitre
354 5594 461 5650 adeunt
473 5610 559 5666 quam
569 5591 734 5649 exorcismis
745 5594 775 5649 et
786 5608 834 5648 er·
883 5589 1035 5662 possimus,
1050 5606 1116 5646 cum
1130 5589 1185 5645 hoc
1197 5592 1231 5645 ot
1245 5587 1280 5643 ab
1294 5586 1399 5642 illicitis
1412 5599 1578 5641 revocemus
1593 5582 1703 5656 aliquos

103 5689 226 5747 tionibus
243 5688 414 5745 clericorum
429 5687 544 5761 spiritus
556 5686 591 5742 ah
609 5685 649 5742 eis
669 5684 835 5743 immundus
884 5683 970 5740 cilicii
988 5683 1088 5754 nostri,
1113 5697 1302 5755 provocemur
1325 5678 1471 5747 instinctu,
1491 5677 1521 5734 in
1543 5677 1667 5752 speculis
1687 5695 1705 5734 a

103 5790 159 5854 tur,
178 5787 210 5840 ut
226 5789 294 5839 tunc-
309 5801 373 5840 vere
387 5786 525 5859 appareat
539 5780 686 5854 quomodo
703 5780 835 5854 princeps
883 5781 941 5839 lieo
955 5777 1101 5838 constituti
1110 5783 1143 5834 ut
1153 5775 1308 5853 vigilantiae
1317 5777 1426 5831 nostrae
1436 5772 1706 5846 dugenuameam
