3870 6150
124 211 193 267 loss
742 206 978 268 haerereticis
996 210 1190 269 Gomoario.
1228 249 1231 255 -
1737 218 1804 275 leae

120 325 150 373 ιι
171 319 289 374 beatum
308 318 407 386 Jacob,
434 319 483 392 qui
502 336 553 391 pro
573 319 710 377 uxoribus
728 320 777 377 diu
799 320 938 380 servierat
946 319 1174 408 Aiuudamenta
1196 322 1225 376 in
1253 321 1376 377 Ecclesia
1398 321 1601 377 tantummodo
1621 323 1806 381 inveniuntur

120 412 228 468 dixisse
236 412 424 468 meminimus
440 430 447 468 :
465 434 479 464 «
490 415 597 486 Viginti
607 415 691 471 annis
701 415 743 472 lui
753 421 858 485 tecum,
870 432 937 472 ores
986 415 1085 486 posita,
1101 414 1240 487 quidquid
1254 415 1377 487 amplius
1390 415 1517 486 positum
1531 416 1561 470 in
1573 415 1619 471 bis
1631 415 1803 486 inveniatur,

119 511 179 562 ruae
193 510 223 563 et
235 522 328 578 capras
341 506 449 562 steriles
456 524 515 564 non
528 508 655 580 luerunt,
669 509 774 566 arietes
786 509 884 583 gregis
894 509 937 566 tui
987 511 1062 565 stare
1076 509 1239 564 nullatenus
1251 509 1367 580 poterit.
1381 510 1416 564 Et
1427 509 1504 577 ideo,
1519 525 1586 565 cum
1602 510 1735 567 omnibus
1745 513 1805 569 suis

121 617 182 656 non
194 600 318 669 comedi,
337 617 391 656 ner.
410 606 554 673 captuma
578 603 668 660 bestia
684 604 845 661 ostenditur
851 622 861 675 3
883 620 937 677 ego
985 601 1182 675 fundamentis
1197 609 1226 657 ιι
1247 603 1407 659 ιιιιοιιίιιιιι
1420 606 1506 675 atque
1522 603 1664 659 radicibus
1676 608 1710 660 ut
1725 607 1802 663 erel-

121 694 263 750 damnum
271 710 358 750 omne
366 695 529 764 reddebam,
541 700 570 752 et
579 697 719 771 quidquid
729 700 805 755 lurto
813 698 939 772 perierat
985 696 1073 766 latur,
1087 711 1204 752 necesse
1215 701 1265 752 est.
1277 698 1318 753 lta
1333 703 1363 753 ιιι
1376 696 1500 768 amplius
1510 696 1660 769 pullulare,
1674 714 1726 755 nec
1736 716 1801 771 ger-

120 805 138 844 a
151 805 198 844 me
214 788 360 861 exigebas.
377 789 426 845 ilie
442 795 587 863 noctuque
602 795 673 848 aestu
688 792 792 849 urebar
809 796 839 849 et
858 794 936 865 gelu,
987 790 1099 846 minare
1118 791 1218 847 valeat.
1239 789 1301 846 lton
1324 806 1393 863 ergo
1409 793 1527 864 generet
1540 793 1569 847 et
1583 807 1641 847 non
1655 793 1741 850 iaciat
1753 810 1805 849 vo-

121 883 253 956 fugiebat
265 899 382 939 somnus
396 883 530 940 aboculis
540 886 613 942 meis
632 886 708 959 (Gen.
719 903 795 959 xxxi,
806 887 910 959 salop
922 908 935 938 ιι
986 883 1040 954 bis,
1063 883 1175 952 iratres,
1199 883 1281 939 toties
1304 883 1425 956 repetita
1445 885 1550 940 locutio
1575 884 1739 954 fastidium
1776 893 1805 944 et

121 976 150 1033 Si
174 975 263 1048 igitur
283 975 394 1032 laborat
415 980 444 1034 ιι
463 978 564 1051 vigilat
581 979 630 1052 qui
650 981 739 1053 pascit
750 996 817 1038 oves
829 980 936 1050 haban,
968 979 1055 1050 quia
1079 993 1192 1033 summa
1209 977 1363 1033 necessitas
1379 980 1422 1033 ιιι
1435 978 1537 1050 saepius
1556 978 1712 1051 prohiberi,
1728 980 1804 1053 quod

119 1074 228 1143 quanto
247 1070 346 1127 labore
371 1071 541 1144 quantisque
567 1073 671 1146 vigiliis
691 1074 775 1132 debet
788 1075 937 1133 intendere
987 1072 1073 1128 toties
1087 1072 1185 1128 illicita
1201 1074 1365 1143 usurpatur,
1391 1074 1421 1127 et
1435 1072 1572 1144 quoniam
1583 1071 1687 1129 veritas
1700 1074 1805 1147 sapius

119 1165 171 1236 qui
184 1163 275 1236 pascit
287 1180 356 1220 oves
371 1165 442 1221 Dei?
463 1166 519 1223 Sed
544 1167 574 1223 in
597 1167 641 1223 his
655 1168 790 1224 omnibus
804 1169 864 1242 ipse
884 1185 938 1226 nos
987 1167 1132 1239 exagitata
1144 1165 1236 1238 magis
1249 1164 1420 1238 splendescit
1433 1165 1463 1220 in
1476 1165 1581 1236 lucem,
1593 1170 1622 1221 et
1631 1167 1707 1239 quod
1717 1168 1803 1225 toties

120 1258 253 1326 instruat,
268 1257 318 1330 qui
327 1274 379 1331 pro
391 1259 450 1314 suis
461 1259 540 1316 dedit
553 1260 652 1317 oribus
666 1263 803 1330 animam,
817 1266 847 1318 ιι
856 1263 935 1335 edjm
987 1260 1146 1332 repetendo
1159 1259 1332 1315 admonetur
1348 1258 1444 1315 minus
1463 1263 1627 1332 usurpatur.
1650 1259 1743 1333 Super
1760 1260 1806 1317 his

120 1355 169 1407 vet
182 1368 246 1420 nos,
258 1357 289 1408 ιιι
302 1352 339 1408 de
348 1352 403 1422 his,
413 1353 462 1425 qui
473 1354 557 1410 nobis
566 1355 712 1412 commissi
723 1359 801 1428 sunt,
810 1356 937 1413 tractum
987 1354 1065 1410 enim
1091 1355 1181 1409 multa
1202 1353 1262 1424 jam
1288 1352 1324 1408 ab
1351 1353 1577 1410 antecessoribus
1602 1353 1708 1410 nostris
1731 1355 1806 1411 dicta

120 1446 318 1518 multiplicem,
327 1449 357 1502 ιι
367 1462 532 1504 mensuram
542 1449 796 1523 supereffluentem
808 1450 846 1507 ad
856 1453 937 1508 aster-
986 1450 1063 1514 sunt,
1079 1463 1096 1502 a
1118 1446 1222 1519 quibus
1244 1446 1299 1518 ipsi
1321 1445 1394 1502 sicut
1407 1463 1484 1503 nunc
1497 1447 1618 1519 anobis,
1631 1448 1672 1504 ita
1687 1448 1755 1504 olim
1769 1448 1806 1505 ab

122 1557 158 1596 ua
171 1540 277 1613 gaudia
289 1544 436 1613 reportare
455 1543 602 1612 concedat,
622 1545 776 1616 tantusque
791 1560 844 1601 nos
860 1544 937 1601 beati
986 1541 1056 1613 ipsis
1080 1540 1207 1597 damnati
1232 1543 1261 1596 et
1283 1540 1423 1611 prohibiti
1441 1545 1517 1596 sunt.
1532 1541 1597 1598 ldeo
1610 1542 1713 1614 saepius
1725 1559 1808 1615 repc-

120 1635 210 1702 Petri,
224 1634 421 1707 apostolorum
434 1635 581 1709 principis,
598 1653 682 1693 amor
699 1638 937 1707 ascendebatis
986 1638 1081 1691 tentes
1095 1650 1193 1690 omnes
1209 1649 1372 1701 monemus,
1396 1639 1428 1688 ιιι
1445 1633 1573 1689 vitentur
1592 1634 1758 1706 hujusmodi
1778 1639 1808 1691 et

122 1729 190 1785 ovili
201 1728 300 1801 ipsius,
311 1729 468 1786 cuiomnes
480 1734 619 1787 creatura
629 1732 828 1803 sunttraditae,
838 1709 977 1789 omnesB
988 1745 1008 1784 a
1018 1728 1122 1784 talibus
1144 1744 1174 1784 se
1197 1726 1293 1801 270
1317 1727 1490 1796 abstineant,
1511 1727 1560 1800 qui
1576 1728 1732 1800 noluerint,
1748 1745 1806 1786 una

121 1823 219 1879 taliter
231 1828 367 1892 errantes,
390 1826 419 1879 et
440 1823 538 1880 illicita
556 1829 643 1898 atque
667 1825 813 1898 prohibita
829 1843 939 1899 praesu·
988 1823 1112 1879 cumeis
1132 1839 1148 1876 a
1169 1821 1339 1878 sacerdotali
1355 1822 1526 1891 ministerio,
1546 1824 1578 1877 ut
1591 1821 1723 1890 rebelles,
1742 1823 1806 1879 fieri

121 1921 244 1984 mentes,
259 1917 361 1973 sanctis
375 1918 474 1973 restris
494 1918 597 1974 modiis
615 1935 729 1976 summo
743 1920 939 1993 redintegrare
987 1916 1083 1973 alieni.
1097 1916 1178 1982 Quod
1192 1917 1231 1972 ita
1244 1915 1362 1971 demum
1378 1915 1502 1988 probare
1514 1916 1683 1988 poterimus,
1695 1916 1719 1971 si
1732 1918 1805 1973 tales

121 2027 188 2066 cum
212 2010 354 2067 desiderio
370 2011 520 2079 festinetis,
541 2013 666 2085 qualiter
681 2013 798 2085 animae,
815 2015 939 2087 pretioso
989 2011 1154 2083 exstirpare,
1179 2013 1209 2065 et
1232 2026 1289 2065 non
1308 2010 1349 2065 eis
1369 2010 1462 2066 lavere
1487 2009 1709 2077 decertaveritis,
1726 2009 1806 2066 etita

119 2104 226 2162 Christi
244 2105 384 2177 sanguine
404 2106 562 2178 redemptae
582 2122 683 2164 eorum
702 2124 762 2164 non
783 2108 941 2182 depereant
988 2103 1221 2177 postmodumde
1236 2103 1329 2159 talire
1344 2103 1459 2175 querela
1473 2104 1603 2172 cessabit,
1620 2103 1686 2176 quia
1703 2108 1805 2160 contu·
1893 2128 1900 2139 ·

120 2199 302 2273 deceptione.
314 2201 412 2256 Restat
422 2200 507 2256 etiam
521 2201 939 2276 quodperostiumhinequa-
988 2197 1188 2256 meliaestudio
1202 2196 1235 2253 lit
1248 2197 1388 2269 quidquid
1410 2197 1596 2253 interdictum
1618 2197 1704 2253 toties
1724 2214 1804 2253 usur-
1839 2219 1842 2227 ·

120 2309 211 2365 quam
231 2292 442 2362 subintrarunt,
464 2295 512 2366 qui
533 2311 593 2351 non
608 2295 754 2353 habebant
767 2296 873 2353 osh'um
887 2312 940 2369 per
989 2298 1083 2366 patur.
1099 2291 1200 2347 Omnia
1217 2292 1279 2347 haec
1290 2291 1451 2360 decretalia,
1474 2295 1502 2347 et
1520 2294 1689 2348 cunctorum
1708 2292 1805 2349 deces-

119 2387 199 2460 quod
210 2386 441 2459 ingrederentur,
455 2389 533 2461 quia,
547 2392 580 2444 ut
590 2389 700 2446 dictum
713 2395 765 2459 est,
777 2390 801 2446 si
812 2406 865 2447 nec
878 2391 939 2463 epi·
989 2403 1088 2442 sorum
1102 2391 1267 2442 nostrorum
1281 2385 1444 2452 constituta,
1463 2401 1528 2457 qum
1548 2385 1584 2440 de
1607 2385 1805 2442 ecclesiasticis

121 2481 200 2554 scopi
211 2485 287 2549 sunt,
299 2485 328 2537 et
337 2482 491 2554 plusquam
499 2483 658 2556 presbyteri
667 2499 728 2540 esse
737 2483 878 2552 ambiunt,
889 2500 941 2557 per
990 2480 1137 2537 ordinibus
1151 2484 1180 2534 et
1194 2494 1335 2534 canonum
1348 2479 1531 2551 promulgata
1550 2484 1617 2535 sunt
1637 2479 1805 2552 disciplinis,

121 2576 201 2648 quod
222 2575 326 2631 ostium
344 2576 503 2646 intrabunt,
526 2593 592 2633 cum
613 2577 644 2634 hi
666 2581 763 2634 tamen
780 2578 894 2635 ordines
908 2578 938 2634 in
988 2574 1029 2630 ita
1048 2573 1127 2628 robis
1149 2578 1177 2629 et
1198 2572 1332 2628 omnibus
1354 2572 1493 2644 episcopis
1515 2589 1547 2628 ac
1561 2573 1670 2629 cunctis
1685 2589 1805 2644 genera-

120 2668 244 2725 Ecclesia
252 2671 395 2742 legantur,
411 2687 464 2727 nec
473 2671 597 2743 amplius
606 2672 641 2728 ad
655 2673 797 2744 pastorale
811 2672 939 2728 osticium
989 2669 1054 2723 liter
1068 2666 1261 2722 sacerdotibus
1275 2666 1410 2722 custodiri
1424 2666 1529 2722 debere
1543 2662 1726 2738 mandamus,
1737 2671 1768 2722 ut
1781 2668 1804 2723 si

120 2764 240 2837 aliquod
253 2766 331 2836 petet
346 2764 452 2819 ostium
467 2781 519 2836 per
533 2766 609 2837 quod
626 2769 725 2838 pastor
735 2765 842 2823 intret?
856 2766 940 2823 Audi·
990 2761 1054 2833 quis
1074 2763 1104 2816 in
1135 2760 1182 2816 illa
1211 2760 1403 2830 commiserit,
1440 2760 1555 2815 veniam
1584 2761 1639 2816 sibi
1671 2761 1806 2834 deinceps

120 2864 160 2924 te,
174 2858 286 2926 fratres,
300 2873 358 2914 non
373 2874 431 2925 me,
446 2859 495 2916 sed
507 2859 599 2931 ipsam
611 2860 756 2916 meantem
766 2860 937 2916 Veritatem:
991 2855 1102 2912 noverit
1127 2855 1264 2926 denegari
1291 2871 1298 2909 :
1326 2854 1462 2926 quoniam
1490 2857 1654 2910 occurreret
1685 2854 1805 2926 veritas,

122 2951 206 3017 «Qui
229 2968 288 3007 non
306 2951 397 3007 intrat
420 2969 473 3025 per
495 2953 599 3009 ostium
622 2953 652 3009 in
675 2954 748 3010 ovile
768 2954 875 3022 ovium,
889 2953 939 3010 sed
990 2950 1012 3005 si
1040 2949 1147 3005 falsitas
1174 2947 1347 3020 displiceret.
1371 2949 1404 3003 Et
1423 2948 1526 3004 meritc
1556 2964 1609 3005 nos
1627 2949 1806 3020 quisnmma

121 3040 254 3098 ascendit
264 3041 388 3108 aliunde,
406 3041 454 3095 ille
473 3042 520 3098 fur
541 3046 584 3099 est
596 3046 625 3098 ct
638 3042 711 3099 latro
726 3043 814 3113 (loon.
827 3060 855 3113 x,
874 3044 909 3116 l),
923 3064 938 3093 ιι
990 3042 1120 3098 Ecclesia
1145 3047 1244 3097 tenere
1265 3041 1401 3097 debemus
1428 3041 1631 3113 gubernacula,
1653 3059 1736 3098 causa
1760 3058 1806 3099 re·

122 3139 178 3190 etc.
192 3136 264 3191 Cum
276 3135 364 3191 etiam
376 3135 510 3207 egregius
531 3136 705 3209 praedicator
728 3136 802 3192 dicat
816 3153 823 3191 :
839 3157 854 3187 ιι
868 3085 978 3193 Fun·C
991 3136 1081 3209 spicit,
1108 3136 1132 3190 si
1157 3135 1269 3191 silentio
1294 3136 1440 3190 faveamus
1469 3136 1570 3191 errori.
1595 3137 1666 3192 Data
1680 3153 1726 3194 ιιι
1744 3138 1806 3193 Kal.

122 3230 292 3284 dementum
304 3229 381 3285 aliud
400 3245 485 3286 nemo
506 3235 602 3301 potest
622 3246 729 3302 ponere
745 3234 848 3303 prreter
864 3230 942 3303 quod
991 3229 1122 3302 Augusti,
1146 3228 1306 3285 tustiniano
1330 3229 1364 3282 Vt
1391 3233 1419 3284 et
1443 3230 1559 3285 Narsete
1588 3232 1621 3286 lV
1644 3246 1683 3285 cc.
1707 3246 1807 3287 consu·
1876 3223 1881 3227 ⁴

121 3324 249 3396 positum
277 3326 320 3377 ιιι
344 3312 699 3395 (icor.1i1,rl).»c11m
722 3325 859 3396 praedicta
882 3323 941 3380 duo
992 3324 1074 3380 libus.

388 3667 677 3762 lNGlPlUNT
721 3669 983 3762 uacuum
1028 3668 1327 3762 BENEDICTI
1374 3667 1557 3761 PAPAE.

147 3970 407 4053 allerercndissimo
425 3976 506 4031 fratri
520 3977 651 4050 episcopo
664 3980 760 4050 Dauo,
776 3979 941 4038 Baumrcrus
990 3979 1059 4036 bant
1070 3979 1100 4034 in
1115 3979 1234 4036 circuitu
1249 3979 1320 4051 ejus,
1336 3994 1386 4034 sex
1396 3980 1449 4034 alre
1462 3977 1521 4049 uni,
1535 3981 1565 4034 et
1576 3994 1626 4034 sex
1640 3979 1694 4034 alas
1705 3977 1808 4048 alteri;

122 4064 247 4121 salutem
261 4065 291 4121 in
308 4066 442 4125 Domino.
991 4074 1101 4129 duabus
1114 4073 1247 4129 velabant
1257 4071 1369 4141 faciem,
1384 4072 1494 4128 duabus
1503 4077 1602 4128 aulem
1614 4072 1748 4128 velabant
1756 4089 1808 4145 pe·

162 4159 343 4232 Respondere
360 4162 461 4219 litteris
479 4164 580 4220 restris
602 4166 714 4238 plenius
729 4166 863 4239 cogitavi,
880 4167 940 4237 sed,
992 4168 1042 4224 des
1048 4185 1056 4237 ;
1069 4173 1097 4224 ιι
1109 4167 1218 4223 duabus
1228 4167 1362 4223 volabant
1370 4169 1399 4222 et
1406 4166 1567 4222 clamabant
1577 4165 1614 4222 ad
1624 4167 1807 4237 alterutrum,

122 4269 191 4307 cum
202 4252 255 4309 hoc
264 4254 429 4324 meditarer,
439 4261 535 4313 tantus
545 4274 591 4314 me
602 4258 685 4314 dolor
694 4260 799 4332 tetigit,
810 4264 842 4316 ut
849 4261 942 4332 magis
991 4262 1140 4318 dicentes:
1157 4262 1288 4330 Sanctus,
1304 4265 1426 4330 sanctus,
1448 4265 1563 4317 sanctus
1580 4262 1718 4317 llominus
1738 4263 1810 4318 Deus

124 4347 195 4402 llere
210 4363 297 4419 quarn
318 4349 427 4422 aliquid
446 4351 541 4408 dicere
563 4352 719 4409 delectatus
739 4353 804 4409 sim.
829 4353 886 4410 Sed
905 4369 942 4410 ne
992 4356 1116 4412 Sabaoth
1142 4357 1205 4427 tlsu.
1231 4372 1268 4426 ιιι,
1288 4357 1356 4425 ι-ιι.
1372 4377 1387 4407 ιι
1403 4355 1432 4412 Si
1448 4355 1563 4411 trinitas
1583 4361 1707 4425 nonest,
1721 4373 1810 4429 quare

123 4440 259 4497 tunditus
275 4449 448 4514 remaneret,
466 4462 560 4518 pauca
572 4446 650 4502 robis
663 4447 819 4504 rescribere
835 4448 939 4516 curari,
950 4470 981 4545 D
992 4449 1075 4506 tertio
1096 4471 1110 4500 ιι
1133 4454 1247 4506 ιιιιιιιιι
1267 4472 1281 4500 ιι
1300 4449 1458 4506 dixerunt?
1479 4451 1512 4505 Et
1528 4451 1553 4506 si
1562 4449 1657 4504 unitas
1678 4466 1737 4505 non
1756 4453 1808 4520 est,

123 4532 163 4588 ad
172 4534 285 4605 potiora
298 4551 345 4591 ros
359 4540 492 4610 tempora
507 4555 633 4612 congrue
647 4539 782 4597 invitans.
797 4540 880 4607 Quod
894 4557 943 4597 au·
991 4560 1081 4616 quare
1093 4543 1145 4599 sub
1152 4543 1229 4600 trina
1237 4544 1410 4615 repetitione
1417 4559 1507 4598 unum
1513 4544 1604 4599 ileum
1613 4559 1646 4598 ac
1656 4543 1810 4599 [lominum

124 4633 187 4684 tem
202 4628 303 4685 litterae
319 4633 376 4686 tuae
395 4635 479 4688 testes
499 4639 565 4690 sunt
578 4635 718 4706 quosdam
733 4636 809 4691 intra
822 4636 940 4707 provin·
991 4637 1184 4693 intimarunt?
1204 4637 1233 4694 Si
1246 4636 1357 4692 trinitas
1370 4653 1429 4692 non
1443 4639 1495 4704 est,
1505 4653 1557 4692 cur
1570 4635 1599 4691 in
1615 4636 1760 4693 Geneseos
1769 4637 1811 4693 di-

124 4721 202 4778 ciam
215 4722 425 4792 Raeticamesse,
441 4726 489 4798 qui
503 4727 631 4784 dicerent
643 4729 792 4786 neminem
805 4731 942 4787 veraciter
991 4732 1087 4788 citur:
1107 4752 1121 4782 ιι
1134 4731 1212 4787 [lixit
1232 4732 1315 4798 Deus,
1336 4731 1403 4786 lecit
1424 4731 1510 4797 Deus,
1530 4733 1559 4786 et
1579 4730 1727 4787 benedixit
1738 4732 1811 4789 lleus

126 4832 210 4888 posse
222 4816 343 4888 probare
352 4817 520 4877 trinitatem
531 4821 670 4878 unitatem
679 4823 759 4892 fleri,
772 4840 839 4880 cum
848 4841 942 4897 neque
992 4827 1068 4897 (Gerr.
1086 4842 1105 4894 1,
1130 4826 1176 4894 ιι,
1192 4826 1249 4897 27).
1263 4845 1278 4873 ιι
1301 4824 1328 4880 Si
1353 4840 1422 4880 rere
1444 4823 1541 4880 unitas
1564 4841 1624 4881 non
1644 4830 1698 4896 est,
1722 4842 1811 4899 quare

125 4913 185 4966 tres
200 4926 301 4978 unrrm,
314 4927 408 4984 neque
421 4930 512 4970 unum
526 4915 557 4971 in
569 4915 661 4972 tribus
675 4932 759 4989 posse
768 4934 943 4991 quemqnam
992 4920 1078 4976 tertio
1093 4920 1183 4976 dixit:
1199 4942 1214 4970 «
1228 4920 1312 4987 lleus,
1326 4939 1340 4968 ιι
1356 4923 1386 4974 ιι
1400 4934 1457 4974 non
1467 4919 1552 4976 tertio
1567 4941 1581 4971 ιι
1596 4920 1666 4977 (ιιοι
1680 4939 1694 4973 ι
1708 4919 1810 4994 plurali

126 5003 244 5076 proprie
258 5007 432 5079 approbari:
445 5024 516 5080 quas
529 5010 565 5065 ob
579 5026 688 5080 causas,
701 5010 882 5068 dilectissima
891 5013 942 5083 sui,
993 5029 1114 5070 numero
1129 5012 1362 5069 commendavit?
1376 5012 1442 5068 Etsi
1454 5012 1568 5070 trinitas
1581 5019 1707 5085 nonest,
1721 5029 1810 5086 qnare

125 5098 256 5154 consulta
269 5098 309 5153 ibi
323 5101 485 5171 apostolica
502 5102 578 5158 sedis
592 5103 733 5174 misimus,
748 5109 780 5161 ut
790 5111 840 5161 aut
852 5106 943 5162 eosad
994 5108 1023 5163 in
1038 5107 1135 5164 Exodo
1148 5107 1255 5163 dictum
1272 5110 1315 5162 est
1329 5107 1433 5163 tertio:
1450 5129 1464 5157 ιι
1475 5107 1606 5177 llcmine,
1618 5107 1747 5174 Domine,
1757 5107 1810 5161 llo·

126 5195 237 5248 rectam
251 5191 340 5249 tidem
354 5195 480 5250 converti
495 5196 592 5269 iacias,
607 5203 658 5254 aut
668 5198 704 5254 ab
717 5198 854 5271 Ecclesia,
868 5203 945 5256 ante
994 5202 1082 5272 mine,
1097 5201 1248 5258 miserator
1261 5206 1289 5258 et
1302 5200 1466 5258 misericors
1480 5203 1577 5272 lEcod.
1592 5217 1684 5269 xxxrv,
1700 5200 1736 5272 e).
1752 5219 1766 5250 ιι
1782 5198 1810 5256 Si

126 5300 214 5358 quam
233 5286 321 5358 pestis
342 5287 404 5344 brec
425 5289 510 5344 latius
531 5289 705 5364 divulgetur,
728 5293 861 5366 repellas.
885 5294 943 5363 llis,
995 5295 1089 5352 unitas
1111 5313 1168 5351 non
1192 5301 1244 5364 est,
1268 5312 1356 5369 quare
1383 5295 1452 5352 dum
1466 5296 1549 5352 tertio
1562 5294 1669 5351 diceret
1682 5293 1811 5361 Domine,

126 5379 225 5448 frater,
238 5380 450 5453 scripturarum
465 5384 636 5442 testimoniis
649 5387 788 5443 unitatem
800 5387 946 5444 Trinitatis
994 5393 1092 5462 postea
1105 5390 1308 5445 «miserator»
1324 5390 1511 5462 singulariter
1522 5388 1600 5459 dicit,
1612 5393 1642 5444 et
1653 5403 1711 5443 non
1724 5387 1810 5444 mise-

127 5488 263 5545 agnosce,
278 5478 307 5530 et
320 5473 420 5531 desine
433 5475 604 5535 arianorum
617 5480 789 5553 pravitatem
800 5481 891 5554 sequi,
915 5485 947 5537 ut
995 5489 1116 5555 ratores,
1127 5489 1160 5540 ut
1173 5485 1270 5556 plures
1286 5483 1456 5550 ostenderet,
1471 5480 1637 5537 intimarit?
1651 5481 1682 5537 si
1698 5480 1811 5538 trinitas

121 5567 165 5636 ¹ab
180 5568 281 5624 eadem
294 5569 384 5641 possis
396 5576 578 5643 peccatorum
592 5572 768 5646 indulgentia
777 5575 945 5647 promereri,
995 5595 1054 5635 non
1074 5584 1126 5649 est,
1148 5594 1199 5634 cur
1222 5578 1364 5634 Abraham
1385 5575 1423 5631 ad
1445 5574 1539 5631 ilicem
1557 5574 1683 5630 ldembre
1698 5575 1811 5647 sedens,

127 5661 202 5716 lsaia
223 5662 364 5734 propheta
384 5664 498 5721 dicente
513 5683 520 5722 ι
536 5687 550 5717 ιι
565 5667 628 5723 Vidi
647 5668 803 5724 Dominum
830 5669 947 5726 sabaotb
995 5673 1144 5744 tribusque
1163 5688 1325 5740 occurrens,
1349 5669 1398 5725 uni
1416 5691 1431 5719 ιι
1447 5667 1566 5724 Domine
1580 5689 1595 5718 ιι
1609 5666 1684 5741 (tica.
1705 5687 1773 5737 xvu,
1786 5671 1812 5743 t)

128 5755 280 5813 sedentem
289 5773 374 5829 super
382 5759 523 5817 thronum
531 5760 686 5832 excelsum,
695 5763 881 5836 etseraphim
892 5769 948 5820 sta·
997 5767 1077 5839 dixit,
1089 5772 1118 5824 et
1126 5783 1187 5823 non
1197 5770 1230 5822 ut
1239 5762 1449 5821 viderattribus
1458 5761 1632 5819 salutationis
1643 5764 1814 5840 obsequium
