3870 6150
144 266 178 320 27
588 263 734 322 ΛΡΡΕΝΙ).
754 265 799 320 ΑΙ)
816 265 896 322 SAEC.
918 265 961 320 rx.
977 295 1011 305 -
1030 264 1150 321 lSlDORl
1169 263 1381 321 MERCATORIS
1796 269 1830 321 28

145 379 184 442 te,
198 389 215 428 ο
228 374 368 443 Clemens,
384 388 480 428 coram
494 372 628 428 omnibus
651 372 699 444 qni
717 377 871 444 praesentes
884 379 959 444 sunt,
970 372 1209 459 premissionem
1229 376 1409 444 peccatorum
1430 388 1509 428 sacro
1530 371 1700 443 baptismate
1722 374 1831 428 renatis

143 470 177 522 ut
200 472 402 539 posteaquam,
425 466 497 522 siout
517 466 646 522 naturale
669 466 797 521 debitum
820 470 871 535 est,
895 467 960 522 vitae
1010 465 1177 536 contulerit,
1200 470 1229 522 et
1249 465 1488 522 resurrectionem
1515 463 1636 521 humani
1662 465 1778 536 generis
1801 465 1830 520 in

144 559 294 630 presentis
316 558 404 613 linem
425 558 528 624 fecero,
550 557 652 614 Jacoho
673 559 754 614 fratri
777 558 889 614 Domini
910 559 958 615 de·
1009 559 1111 615 eadem
1124 574 1210 615 carne
1224 558 1255 614 in
1267 559 1356 614 citam
1370 563 1507 614 aeternam
1526 558 1652 613 futuram
1666 557 1706 614 sic
1722 559 1827 614 docue-

143 652 248 707 scribas
271 650 393 706 breviter
405 651 449 706 vel
470 667 533 723 quoe
557 652 593 707 ad
613 651 726 706 initium
741 650 810 706 fidei
824 655 882 706 ture
895 668 957 724 spe·
1009 654 1086 706 runt.
1103 651 1271 723 Symbolum
1290 651 1367 707 enim
1386 652 1492 719 Graece,
1506 651 1605 706 Latine
1617 650 1745 706 collectio
1761 651 1829 706 dici·

140 744 286 814 etant,sel
306 743 393 799 etiam
413 759 484 815 quos
504 749 569 800 ante
588 744 673 800 tidem
694 744 806 799 animos
828 745 957 816 gesseris,
1008 747 1065 798 tur.
1085 744 1119 799 Et
1139 744 1193 798 hoc
1211 743 1340 815 praedicti
1362 743 1452 799 saneti
1472 743 1599 815 Apostoli
1622 743 1699 799 inter·
1723 759 1753 799 se
1777 760 1829 814 per

142 837 191 892 sed
206 841 234 892 et
248 836 457 908 qualiter'mihi
470 836 506 892 ab
521 837 603 893 initio
614 838 751 910 usquead
761 838 848 892 linem
863 854 959 893 comes
1007 835 1147 908 Spiritum
1168 840 1298 893 sanctum
1315 836 1475 904 salubriter,
1491 841 1521 891 ut
1534 837 1643 892 dietum
1657 839 1709 904 est,
1726 836 1827 892 condi-

141 929 252 985 itineris
276 935 306 985 et
330 933 447 985 actuum
467 929 564 998 inens,
579 945 700 1002 quaeque
717 930 905 1002 persingulas
917 931 957 985 ei·
1007 929 1121 985 derunt.
1133 929 1241 986 Dicitur
1256 935 1284 985 et
1297 928 1447 997 indicium,
1462 929 1539 1001 quod
1553 945 1605 1001 per
1618 931 1672 984 hoo
1684 928 1734 1001 qui
1747 933 1827 984 reete

140 1023 242 1079 vitatos
253 1038 301 1078 me
321 1022 498 1094 disputante,
514 1023 649 1080 sollicitus
673 1023 787 1080 auditor
804 1025 957 1096 exceperis,
1007 1021 1160 1078 crediderit
1178 1022 1328 1079 indicatur.

141 1116 247 1188 quique
262 1115 292 1170 in
309 1115 559 1188 predicationibus
579 1117 650 1172 meis
667 1118 711 1173 rel
730 1117 883 1173 verborum
894 1117 956 1173 fue·
1043 1116 1118 1187 Ergo
1130 1116 1240 1172 cunctis
1250 1115 1430 1172 credentibus
1442 1132 1507 1188 quae
1521 1114 1702 1171 eontinentur
1713 1113 1743 1170 in
1755 1131 1827 1186 prse-

140 1210 178 1265 rit
200 1209 269 1265 ordo
288 1209 333 1264 rel
355 1213 483 1280 actuum,
504 1211 552 1266 sed
574 1215 603 1265 et
626 1210 676 1281 qui
698 1226 745 1265 me
767 1211 833 1266 linis
857 1211 886 1265 in
905 1210 958 1266 hac
1006 1208 1064 1264 fato
1091 1208 1230 1281 symbolo,
1254 1210 1328 1264 salus
1357 1210 1529 1277 animarum,
1552 1212 1581 1263 et
1603 1209 1661 1263 vita
1688 1210 1828 1280 perpetua

140 1301 212 1357 urhe
232 1301 370 1374 repererit
384 1302 467 1374 (sicut
482 1302 550 1376 dixit
563 1303 660 1359 omnia
679 1303 728 1375 qui
742 1307 822 1375 potes
835 1303 959 1359 breviter
1007 1302 1091 1358 honis
1112 1302 1222 1358 actibus
1243 1306 1430 1374 praeparatur.
1444 1305 1518 1373 Ergo
1532 1302 1608 1374 quod
1621 1301 1651 1357 in
1666 1301 1826 1373 primordio

140 1395 348 1466 comprehensa
372 1395 524 1467 adipsum
548 1398 578 1450 te
601 1396 742 1452 destinare
767 1412 825 1451 non
848 1396 956 1468 pigeat.
1007 1394 1137 1466 ejusdem
1156 1395 1277 1468 symboli
1296 1396 1475 1469 preponitur
1490 1413 1497 1451 :
1512 1396 1595 1454 credo
1614 1397 1643 1449 ia
1665 1397 1750 1449 Deum
1769 1396 1825 1450 Pc-

139 1488 195 1543 Nec
207 1487 329 1544 verearis
346 1504 383 1543 ne
408 1487 480 1544 lorte
503 1488 627 1544 multum
647 1489 682 1544 de
706 1504 770 1544 meo
793 1489 869 1545 exitu
889 1505 955 1545 oon·
1007 1494 1075 1545 trem
1087 1491 1304 1559 omnipotentem,
1319 1489 1487 1561 praeclarum
1500 1488 1565 1543 tidei
1579 1487 1825 1555 testimonium,et

138 1581 295 1637 tristandus
312 1581 349 1637 sit
366 1598 431 1637 oum
444 1581 474 1637 id
487 1598 533 1638 me
545 1598 597 1654 pro
610 1582 715 1655 pietate
738 1582 877 1638 sustinere
899 1599 956 1638 non
1005 1582 1226 1638 fundamentum
1247 1582 1277 1636 in
1308 1582 1402 1654 prima
1425 1583 1520 1637 fronte
1544 1584 1732 1650 monstratur,
1757 1580 1825 1652 quia

138 1674 275 1746 ambigat.
290 1674 350 1730 Erit
366 1677 462 1730 autem
475 1673 502 1730 ei
516 1673 627 1746 grande
642 1676 785 1743 solatium,
798 1676 822 1730 si
835 1674 865 1748 5
881 1675 955 1730 didi·
1005 1675 1098 1730 salvus
1117 1692 1177 1730 esse
1197 1675 1302 1746 poterit
1323 1675 1372 1748 qui
1394 1681 1471 1731 recte
1493 1673 1654 1730 crediderit.
1669 1695 1683 1723 «
1702 1673 1824 1729 Credere

137 1767 209 1824 cerit
227 1768 305 1840 quod
320 1770 385 1839 post
403 1783 450 1823 me
470 1783 530 1823 non
546 1767 698 1841 imperitus
712 1768 824 1840 aliquis,
839 1774 888 1824 aut
909 1769 954 1823 in·
965 1748 994 1822 B
1005 1769 1084 1823 enim
1104 1770 1219 1840 oportet
1235 1769 1419 1824 accedentem
1437 1768 1474 1823 ad
1489 1769 1580 1823 Deum
1594 1768 1686 1838 (Hetr.
1704 1782 1741 1836 ru,
1757 1766 1793 1839 6),
1808 1788 1822 1815 »r

138 1862 247 1932 domus,
262 1865 311 1917 aut
324 1861 461 1933 ignorans
475 1861 562 1917 divini
576 1861 653 1917 verbi
668 1862 848 1933 mysterium,
865 1863 954 1917 eccle·
1004 1862 1140 1934 quoniam
1152 1883 1166 1912 α
1179 1862 1262 1918 corde
1275 1862 1400 1917 creditur
1413 1861 1610 1932 adjustitiam,
1622 1877 1671 1915 ore
1685 1860 1823 1915 confessio

137 1954 241 2010 siastioi
262 1954 370 2010 ordinis
391 1955 580 2027 disciplinam,
599 1955 645 2010 vel
666 1956 802 2012 doctrine
823 1956 954 2027 regulam
1005 1956 1038 2011 lit
1057 1955 1094 2011 ad
1114 1956 1234 2011 salutern
1247 1956 1330 2026 (ltom.
1354 1971 1380 2021 x,
1396 1956 1448 2027 10).
1466 1975 1480 2004 a
1501 1954 1582 2012 Unde
1601 1954 1640 2009 ait
1658 1954 1821 2026 propheta:

139 2048 277 2118 nesciens,
301 2048 457 2119 susceperit
480 2049 647 2105 cathedram
669 2065 775 2106 meam.
798 2049 854 2105 Scit
877 2049 955 2106 enim
1007 2070 1021 2097 «ι
1047 2048 1160 2104 Credidi
1183 2053 1298 2121 propter
1324 2048 1400 2120 quod
1428 2049 1537 2104 locutus
1564 2064 1628 2102 sum
1649 2047 1733 2116 (Psoi.
1760 2063 1821 2115 cxv,

136 2142 217 2214 quia,
232 2141 256 2195 si
276 2141 406 2196 indoctus
427 2141 509 2196 istius
531 2142 656 2197 olllcium
679 2143 803 2199 doctoris
824 2143 953 2214 accipiat,
1006 2143 1059 2214 tot.
1072 2162 1086 2194 n
1101 2143 1135 2196 Et
1148 2141 1239 2197 illud:
1256 2161 1271 2191 κ
1282 2143 1377 2198 iustus
1399 2158 1432 2196 cx
1446 2141 1502 2197 tide
1514 2141 1584 2196 vivit
1597 2142 1680 2212 (Rom.
1696 2156 1717 2209 r,
1736 2140 1789 2212 tt).
1808 2161 1821 2190 >r

136 2234 198 2289 sine
211 2233 297 2289 dubio
311 2233 441 2305 discipuli
454 2237 484 2289 et
495 2234 639 2290 auditores
647 2235 816 2307 ignorantiae
829 2235 955 2292 tenebris
1004 2236 1051 2290 Et:
1059 2256 1074 2284 ι(
1080 2234 1138 2288 Nisi
1144 2233 1398 2301 credideritis,non
1407 2234 1571 2305 intelligetis
1580 2234 1654 2304 (Luc.
1665 2249 1738 2302 xxiv,
1747 2235 1820 2303 25).»

136 2326 256 2382 involuti
270 2326 299 2382 in
311 2326 461 2382 interitum
471 2327 683 2398 demergentur.
1004 2326 1079 2398 Ergo
1091 2327 1122 2381 irr
1135 2326 1221 2382 rebus
1235 2327 1380 2396 humanis,
1399 2327 1510 2384 nullum
1529 2344 1601 2399 opus
1619 2326 1757 2398 incipitur
1768 2326 1822 2381 nisi

171 2420 253 2476 Unde
266 2424 294 2476 et
307 2435 373 2492 ego,
387 2419 428 2475 mi
447 2419 562 2475 domine
582 2420 694 2491 Jacobe,
708 2437 772 2477 cum
794 2422 855 2477 haec
869 2421 905 2476 ab
920 2437 953 2478 eo
1003 2420 1085 2476 labor
1095 2421 1187 2476 omnis
1200 2421 1235 2476 ad
1250 2420 1383 2476 effectum
1395 2421 1492 2476 venire
1506 2419 1649 2487 credatur,
1665 2420 1743 2475 unde
1759 2435 1820 2476 ore·

27 2523 30 2528 ’
133 2517 275 2585 precepta
291 2511 477 2584 susceperim,
492 2528 607 2569 necesse
626 2513 714 2569 habui
738 2514 858 2585 implere
877 2515 953 2586 quod
1002 2515 1130 2570 dendum
1142 2514 1226 2570 estin
1240 2514 1332 2569 Deum
1345 2531 1361 2569 a
1376 2531 1433 2585 quo
1450 2517 1508 2570 tam
1522 2529 1649 2586 presens
1661 2513 1719 2569 vita
1734 2529 1820 2585 quam

130 2605 254 2678 jusserat
274 2605 405 2662 indicans
427 2606 489 2674 tibi,
503 2607 580 2663 etde
595 2605 664 2680 ipsis
684 2606 769 2663 simul
791 2611 820 2663 et
841 2608 876 2662 de
896 2608 952 2664 illis
1001 2608 1098 2664 futura
1112 2607 1264 2664 tribuatur.

133 2699 258 2756 breviter
270 2699 529 2772 comprehendens,
542 2715 605 2772 que
617 2716 671 2771 per
683 2700 811 2773 singulos
823 2717 951 2774 quasque
1037 2703 1112 2758 Deus
1127 2707 1223 2758 eutem
1237 2701 1390 2774 appellatio
1400 2705 1443 2758 est
1450 2701 1615 2757 substantie
1628 2701 1820 2773 sempiternae,

132 2793 220 2848 urbes
246 2792 420 2865 digrediens,
447 2796 496 2848 aut
523 2793 554 2848 irr
580 2793 790 2865 predicationis
820 2811 951 2850 sermone
1000 2796 1059 2851 sive
1074 2795 1184 2851 timoris
1197 2795 1294 2864 divini,
1309 2795 1397 2868 igitur
1416 2797 1488 2852 Deus
1512 2796 1573 2851 sine
1591 2793 1745 2868 principio,
1759 2795 1821 2850 sine

131 2885 293 2959 protulerit,
316 2890 366 2941 aut
399 2886 430 2941 in
467 2891 613 2958 gestorum
647 2886 750 2944 virtute
787 2888 949 2960 perfecerit,
1000 2890 1069 2958 fine,
1091 2889 1220 2961 simplex,
1243 2890 1427 2961 incorporeus
1452 2895 1480 2945 et
1500 2887 1817 2961 incompreheusibilis;

132 2978 324 3053 quamvistihi
336 2979 371 3036 de
384 2979 428 3035 his
441 2979 567 3052 plurima
577 2980 639 3052 jam
655 2985 685 3036 et
699 2981 809 3054 plenius
823 2986 888 3037 ante
903 2982 950 3037 de·
999 2982 1111 3039 Patrem
1135 2987 1232 3039 autem
1261 3000 1327 3038 cum
1355 2983 1453 3053 audis,
1472 2998 1595 3054 agnosce
1617 2981 1694 3054 quod
1717 2981 1821 3038 lrabeat

132 3073 237 3146 scripta
250 3073 311 3145 ipso
323 3073 444 3144 jubente
456 3074 665 3131 transmiserim
677 3075 729 3130 sub
744 3091 777 3131 eo
791 3075 853 3149 ipso
865 3076 948 3132 titulo
959 3114 987 3190 c
999 3076 1101 3132 Filium
1126 3075 1262 3132 veraciter
1284 3077 1431 3148 genitum,
1455 3075 1527 3130 siout
1549 3091 1693 3147 possessor
1717 3074 1821 3130 dicitur

130 3182 218 3240 quem
237 3166 297 3239 ipse
316 3166 442 3239 praecepi
453 3167 541 3239 affigi,
558 3166 588 3223 id
605 3173 658 3238 est,
670 3169 824 3227 Clementis
837 3169 949 3226 itinera·
999 3170 1048 3242 qui
1062 3170 1169 3242 aliquid
1180 3169 1315 3240 possidet,
1324 3173 1352 3226 et
1361 3169 1498 3225 Dominus
1507 3168 1556 3241 qui
1565 3168 1654 3225 habet
1665 3168 1712 3224 oui
1724 3169 1816 3224 domi-

129 3260 215 3329 rium,
225 3258 505 3332 nonprtedicationis
516 3260 603 3318 Petri.
613 3261 669 3318 Sed
678 3266 707 3317 et
717 3279 793 3318 nune
805 3277 948 3334 exponere
998 3267 1092 3319 netur.
1100 3263 1175 3318 Deus
1184 3278 1253 3334 ergo
1263 3264 1345 3318 Pater
1354 3264 1457 3318 secreti
1464 3262 1635 3318 sacramenti
1644 3262 1818 3318 vocabulum

128 3354 191 3426 jam
202 3354 348 3427 praecepit,
359 3354 478 3410 Domino
486 3371 571 3427 opem
582 3355 692 3411 ferente
704 3355 850 3428 incipiam.
860 3355 949 3412 Poeui·
998 3360 1041 3412 est
1065 3357 1146 3428 cujus
1169 3372 1235 3412 vere
1257 3355 1342 3411 Filius
1358 3360 1401 3411 est
1415 3355 1549 3423 Verbum,
1564 3360 1594 3412 ct
1613 3356 1776 3428 speculum,
1790 3361 1818 3411 et

130 3448 232 3504 temini
248 3446 358 3519 (inquit)
375 3452 403 3504 et
419 3464 514 3504 veram
530 3448 605 3520 agite
620 3449 827 3520 poenitentiam.
844 3448 948 3506 Omnes
997 3450 1145 3506 character
1163 3453 1193 3505 et
1208 3449 1306 3521 imago
1317 3449 1413 3505 vivens
1427 3449 1516 3505 Patris
1528 3449 1657 3517 viventis,
1673 3450 1703 3504 irr
1719 3448 1816 3504 omni·

130 3555 200 3613 crgo
222 3540 365 3611 homines,
383 3541 433 3613 qui
456 3541 616 3598 Christiano
637 3547 789 3599 censentur
802 3543 946 3611 vocabulo,
996 3542 1050 3599 bns
1063 3543 1138 3599 Patri
1150 3543 1259 3611 similis,
1275 3543 1404 3615 ejusdem
1423 3548 1543 3613 nature,
1558 3543 1589 3598 in
1602 3542 1748 3599 divinitate
1764 3559 1815 3614 ge·

129 3634 253 3702 Patrem,
277 3638 306 3690 et
332 3634 445 3705 Filium,
467 3639 496 3690 et
522 3634 661 3707 Spiritum
689 3639 829 3706 sanctum,
854 3651 947 3692 uuum
998 3637 1083 3705 nitus,
1096 3637 1217 3709 genitori
1234 3652 1286 3708 per
1304 3635 1401 3692 omnia
1417 3636 1581 3708 coequalis.
1599 3637 1654 3692 Nec
1672 3640 1817 3708 queratur

129 3726 217 3784 Deum
240 3731 269 3784 et
287 3727 440 3783 Dominum
461 3728 601 3785 veraciter
621 3729 736 3787 credere
757 3735 786 3786 et
806 3731 946 3800 confiteri,
996 3732 1141 3804 quomodo
1161 3730 1263 3802 genuit
1281 3728 1394 3798 Filium,
1408 3730 1485 3802 quod
1510 3733 1539 3785 et
1559 3730 1655 3802 angeli
1674 3728 1814 3797 nesciunt,

129 3837 254 3895 cumque
275 3824 334 3878 tota
356 3827 452 3878 mente
479 3824 508 3878 et
529 3826 587 3879 toto
611 3825 706 3892 corde,
721 3828 750 3880 et
766 3828 826 3899 tota
845 3824 947 3881 virtute
996 3823 1143 3896 prophetis
1164 3821 1344 3895 incognitum
1365 3825 1416 3878 est.
1436 3821 1516 3877 Unde
1535 3822 1607 3877 illud
1629 3822 1813 3879 dictumest:

128 3912 258 3988 diligere,
273 3917 302 3971 et
315 3916 462 3988 proximos
472 3932 540 3971 suos
554 3921 691 3989 tanquam
704 3917 881 3988 semetipsos,
895 3916 946 3973 do·
999 3937 1013 3967 κ
1028 3916 1247 3973 Generationem
1269 3915 1331 3987 ejus
1352 3915 1415 3987 quis
1436 3914 1564 3970 narrabit
1587 3914 1651 3984 (leo.
1667 3932 1726 3985 rur,
1739 3915 1786 3988 itt?
1799 3937 1813 3966 a

129 4007 225 4065 cibiles
246 4024 310 4081 quae
329 4024 420 4080 usque
436 4009 473 4063 ad
488 4008 643 4079 perlectam
658 4010 817 4066 doctrinam
836 4010 870 4065 ed
885 4011 947 4066 haec
995 4011 1087 4076 Quam
1101 4013 1242 4066 secretam
1260 4008 1402 4082 originem
1416 4024 1482 4064 cum
1499 4008 1617 4081 proprio
1640 4007 1711 4063 Filio
1737 4009 1816 4064 novit

128 4101 304 4173 proficienda
317 4117 431 4156 sumere
444 4105 565 4173 oportet.
996 4103 1055 4175 ipso
1068 4103 1146 4159 solus
1157 4103 1207 4176 qui
1221 4103 1331 4175 genuit,
1341 4117 1395 4158 nec
1407 4103 1482 4158 lleus
1494 4118 1511 4156 a
1525 4101 1609 4157 nobis
1618 4101 1814 4158 discutiendus

164 4194 244 4249 Fides
256 4193 332 4249 enim
355 4201 384 4249 et
399 4194 512 4250 dilectio
533 4194 620 4250 totius
638 4193 773 4252 bonitatis
787 4198 944 4254 estfuuda·
995 4201 1046 4266 est,
1069 4198 1116 4253 sed
1140 4196 1308 4264 credendus,
1333 4195 1382 4266 qui
1408 4195 1440 4250 in
1468 4195 1551 4252 nobis
1574 4194 1634 4267 ipse
1657 4193 1812 4263 nescimus,

127 4291 270 4344 mentum.
283 4287 350 4343 Siue
364 4287 419 4344 lide
439 4290 536 4344 autem
551 4289 664 4360 placere
678 4290 734 4345 Deo
755 4306 841 4346 nemo
863 4298 945 4363 pote·
994 4289 1071 4363 quod
1093 4291 1227 4362 sapimus,
1248 4288 1392 4362 quomodo
1414 4288 1564 4360 sapientia,
1586 4288 1747 4360 ingenium,
1762 4292 1814 4344 aut

127 4379 164 4437 rit
178 4381 269 4453 (aaa.
284 4397 321 4447 ιι,
334 4382 371 4454 d).
389 4402 404 4431 a
994 4383 1165 4455 intellectus,
1186 4388 1237 4439 aut
1256 4382 1408 4439 consdium
1431 4386 1481 4438 aut
1502 4399 1583 4439 meus
1604 4385 1701 4438 nostra
1723 4398 1811 4454 gene·

163 4475 274 4532 Christo
284 4475 381 4547 ltaque
393 4478 562 4548 resurgente
572 4480 601 4532 et
612 4477 781 4534 ascendente
789 4477 818 4534 in
831 4479 1038 4558 coelum,1)rat
1050 4479 1177 4535 verbum.
1193 4477 1248 4534 Sed
1261 4475 1367 4532 sufficit
1378 4493 1461 4533 nosse
1470 4477 1537 4550 quia
1546 4478 1596 4533 lux
1604 4476 1702 4549 genuit
1713 4475 1809 4547 splen-

127 4568 214 4625 misso
240 4574 335 4626 sancto
356 4569 474 4643 Spiritu,
491 4569 592 4625 collata
611 4569 746 4642 apostolis
759 4572 877 4628 scientia
888 4573 943 4628 lin·
994 4572 1104 4640 dorem,
1116 4571 1188 4627 sicut
1201 4571 1243 4626 ait
1253 4571 1415 4642 Propheta:
1429 4572 1482 4626 «ln
1494 4569 1692 4643 splendoribus
1702 4572 1811 4624 saucto-

127 4678 262 4736 guarum,
274 4663 367 4720 adhuc
380 4664 411 4718 in
425 4679 484 4718 uno
496 4663 582 4735 positi
591 4663 748 4735 symbolum
762 4667 840 4738 quod
854 4666 944 4723 fidelis
992 4682 1058 4722 rum
1073 4682 1108 4722 ex
1123 4669 1204 4721 utero
1223 4669 1288 4721 ante
1303 4664 1456 4720 luciferum
1472 4662 1561 4735 genui
1574 4665 1602 4718 te
1616 4663 1700 4733 (Psoi.
1716 4670 1810 4733 crrurr',

127 4773 203 4813 nunc
224 4760 304 4813 tenet
324 4756 448 4812 Ecclesia
465 4756 664 4830 unusquisque
687 4759 764 4829 quod
788 4759 884 4827 sensit,
898 4760 942 4815 di·
994 4763 1031 4829 3).
1046 4781 1060 4810 »
1071 4761 1110 4815 at
1124 4760 1212 4815 illud:
1230 4780 1244 4809 a
1257 4759 1306 4813 llio
1319 4758 1394 4814 Deus
1408 4760 1503 4813 noster
1515 4760 1544 4813 et
1554 4772 1612 4812 non
1630 4757 1812 4829 reputabitur

126 4851 216 4907 cando
229 4849 430 4918 condiderunt,
444 4853 475 4904 ut
493 4850 670 4907 discedentes
686 4851 857 4909 abinvicem
869 4854 943 4910 hanc
992 4853 1112 4910 altered
1125 4868 1202 4923 eum,
1215 4874 1229 4903 a
1244 4856 1356 4923 etpost,
1371 4851 1427 4906 «in
1440 4853 1517 4906 terra
1531 4850 1607 4906 risus
1617 4854 1670 4917 est,
1690 4854 1719 4905 et
1736 4849 1811 4905 inter

125 4944 256 5017 regulam
275 4959 327 5016 par
347 4960 448 4999 omnes
468 4947 567 5016 gentes
582 4944 780 5016 praedicarent.
794 4947 943 5004 Summam
992 4946 1123 5004 homines
1135 4948 1313 5003 conversatus
1327 4946 1371 5000 est
1383 4935 1457 5017 (Bor.
1473 4961 1511 5013 rr,
1523 4947 1568 5012 36,
1586 4944 1641 5015 38).
1657 4964 1671 4994 »

126 5053 196 5111 ergo
217 5038 305 5094 totius
326 5037 392 5094 tidei
415 5038 559 5094 catholicae
584 5044 771 5110 recensentes,
787 5039 818 5096 in
836 5058 892 5114 qua
914 5048 943 5098 et
1027 5041 1579 5115 Diligereergolleum,unumquemque
1591 5054 1626 5094 cx
1641 5037 1809 5105 totocorde,

126 5129 278 5204 integritas
292 5132 467 5189 crediditstis
480 5132 623 5200 conditur,
643 5133 770 5190 etunius
784 5135 836 5190 Dei
853 5135 943 5191 omni·
992 5138 1020 5192 et
1032 5150 1066 5191 cx
1078 5139 1137 5191 tota
1150 5132 1255 5201 anima,
1269 5135 1302 5187 nt
1318 5132 1470 5204 praefixum
1487 5137 1540 5203 est,
1554 5134 1583 5186 et
1602 5147 1636 5187 ex
1650 5133 1710 5186 tota
1728 5130 1808 5185 forti·

125 5211 261 5300 potantis,
279 5225 310 5281 id
332 5231 375 5281 est
394 5228 498 5282 sanetae
519 5225 664 5282 trinitatis
681 5228 827 5300 equalitas
848 5228 940 5284 decla·
991 5226 1090 5285 tudine
1102 5229 1222 5300 oportet,
1238 5230 1268 5282 et
1286 5226 1451 5297 proximum
1473 5229 1609 5297 tanquam
1623 5223 1810 5296 semetipsum

123 5327 214 5388 ratur,
230 5325 259 5376 et
277 5319 445 5392 mysterium
461 5320 664 5376 incarnationis
676 5321 737 5376 Filii
750 5321 809 5389 Dei,
822 5321 870 5394 qui
890 5339 942 5394 pro
991 5322 1181 5395 respondente
1190 5319 1313 5376 Domino
1326 5320 1438 5376 orridam
1453 5318 1625 5388 Scribarum,
1636 5334 1669 5373 ac
1678 5316 1808 5374 dicente:

124 5415 215 5471 salute
228 5413 351 5470 humani
363 5414 486 5486 generis,
502 5417 659 5487 ntempore
680 5413 717 5470 do
734 5414 804 5471 coelo
824 5415 940 5471 descen·
991 5416 1120 5472 Primum
1140 5413 1270 5470 omnium
1290 5414 1459 5469 mandatum
1482 5415 1545 5468 est:
1571 5432 1585 5461 α
1606 5411 1689 5478 Audi,
1712 5410 1807 5477 lsrael,

125 5508 245 5565 deusde
259 5507 373 5582 Virgine
393 5508 472 5564 nasci
493 5508 627 5580 dignatus
646 5513 698 5576 est,
712 5524 770 5581 quo
785 5507 884 5564 ordine
898 5510 941 5566 rel
991 5509 1127 5566 Dominus
1147 5509 1220 5564 Deus
1241 5511 1318 5577 tuus,
1331 5508 1406 5562 Deus
1429 5522 1504 5562 unus
1522 5508 1574 5572 est,
1588 5509 1617 5560 et
1631 5503 1734 5576 diliges
1751 5502 1808 5559 llo·

124 5601 240 5672 quaudo
252 5602 411 5675 protulerit,
425 5602 568 5674 quomodo
586 5602 714 5674 sepultus
732 5601 896 5673 surrexerit,
913 5605 941 5660 et
989 5604 1101 5660 minum
1123 5604 1216 5658 licum
1238 5604 1331 5672 tuam,
1349 5616 1385 5656 ex
1397 5602 1458 5656 toto
1479 5598 1572 5678 corde·
1587 5602 1646 5667 tuo,
1661 5602 1690 5653 et
1703 5613 1736 5653 er
1749 5601 1809 5652 tota

59 5726 65 5734 ·
122 5690 154 5750 in
176 5709 263 5751 carne
286 5696 346 5768 ipsa
368 5697 453 5751 coelos
478 5693 648 5764 ascenderit,
678 5696 715 5751 ad
734 5695 941 5772 dexteramque
990 5697 1087 5754 anima
1100 5702 1160 5766 tua,
1176 5701 1252 5753 etex
1267 5698 1329 5752 tota
1348 5696 1445 5751 mente
1465 5698 1526 5761 tua,
1539 5697 1568 5750 et
1581 5709 1615 5749 cx
1629 5693 1687 5748 tota
1703 5688 1809 5747 virtute

119 5785 214 5845 Patris
237 5788 406 5861 consederit,
421 5789 518 5867 iudex,
532 5792 667 5847 renuens
687 5790 734 5862 sit,
753 5794 802 5849 aut
820 5791 941 5866 qualiter
989 5794 1048 5862 tua,
1064 5791 1119 5849 hoc
1133 5796 1176 5851 est
1189 5791 1316 5867 primum
1334 5788 1512 5848 mandatum.
1529 5785 1692 5846 Secundum
1710 5788 1808 5844 autern
