3870 6150
71 254 116 313 us
535 274 538 278 >
682 249 917 311 oucnurnnuu
936 236 1138 308 uuanecno.
1694 253 1748 310 are

100 364 152 418 XX.
163 364 200 418 Ut
213 362 367 435 episcopus
381 362 492 417 nullam
507 362 548 416 rei
565 350 713 417 familiaris
734 378 831 416 curam
847 360 882 416 ad
893 385 922 456 Α
968 360 1099 415 XXXVIII.
1114 362 1148 416 Ut
1162 361 1298 416 diaconus
1314 367 1453 434 praesente
1467 361 1632 433 presbytero
1643 363 1750 418 Eucha-

69 474 96 512 se
109 457 292 527 revocet,sed
306 459 338 511 ut
349 456 466 511 lectioni
476 455 634 511 etorationi
643 461 671 512 et
683 455 769 511 verbo
778 453 882 527 predi·
933 453 1044 509 ristiam
1066 453 1191 525 corporis
1205 455 1308 510 Christi
1327 457 1432 527 populo
1449 456 1472 508 si
1494 456 1645 511 necessitas
1662 456 1747 527 cogit,
1791 510 1794 515 .

69 548 393 606 cationistentummodo
408 553 497 605 vacet.
929 547 1036 616 jussus,
1054 551 1160 618 eroget.

100 643 164 699 XXI.
181 644 218 698 tit
232 643 383 715 episcopus
397 642 432 697 ad
446 643 587 714 synodum
605 643 646 698 ire
663 658 723 696 non
741 640 802 696 siue
818 639 884 695 setis
968 641 1078 696 XXXIX.
1095 641 1130 696 Ut
1141 639 1278 696 diaconus
1291 640 1417 713 quolibet
1431 642 1492 696 loro
1501 642 1620 712 jubente
1636 643 1750 715 presby·

68 736 144 808 greri
157 736 326 792 necessitate
341 736 516 806 inhibeatur,
524 737 563 791 sic
571 742 665 791 tamen
677 740 708 791 ut
720 735 749 790 in
759 751 809 789 sua
816 749 882 806 per·
933 737 995 788 tero
1009 734 1116 789 sedeat.

69 844 135 884 seua
147 829 280 903 legatum
293 829 577 901 mittatsuscepturus
588 830 666 884 salva
680 827 748 883 fidei
763 826 883 889 veritate
968 827 1020 880 XL.
1036 828 1070 882 lit
1086 827 1222 883 diaconus
1245 827 1274 882 in
1298 834 1438 885 conventu
1456 829 1688 901 presbyterorum
1709 830 1749 888 in·

70 921 210 994 ququuid
225 939 306 978 sacra
319 921 443 994 synodus
457 923 595 978 statuerit.
933 923 1095 991 terrogatus
1109 921 1250 992 loquatur.

100 1017 177 1071 XXII.
192 1017 231 1071 Ut
251 1015 399 1088 episcopus
411 1015 473 1071 sine
492 1015 611 1072 concilio
631 1014 802 1071 clericorum
822 1030 885 1069 suo-
970 1013 1034 1068 XLI.
1051 1014 1087 1069 Ut
1099 1013 1236 1069 diaconus
1253 1019 1382 1087 tempore
1400 1015 1551 1071 oblationis
1564 1019 1684 1087 tautum,
1706 1018 1749 1072 rel

68 1124 131 1163 mm
143 1108 262 1164 clericos
277 1125 334 1164 nou
346 1108 469 1177 ordinet,
486 1109 524 1163 ite
535 1114 568 1165 ut
580 1109 684 1163 civium
698 1123 845 1163 assensum
856 1110 886 1161 et
934 1105 1063 1161 lectionis
1075 1106 1141 1161 alba
1154 1107 1300 1162 induatur.

69 1201 280 1257 conniventiam
292 1205 322 1257 et
333 1201 531 1258 testimonium
545 1207 663 1273 quaerat.
970 1199 1046 1255 XLII.
1061 1200 1202 1255 Clericum
1215 1200 1289 1256 inter
1304 1201 1475 1257 tentationes
1489 1200 1582 1257 officio
1598 1220 1648 1258 suo
1671 1204 1751 1260 incu-

101 1295 188 1351 XXIII.
212 1296 249 1350 Ut
267 1295 416 1367 episcopus
438 1294 543 1350 nullius
561 1311 677 1350 causam
701 1294 798 1350 audiat
821 1292 884 1349 abs·
934 1292 1051 1347 bantem
1064 1293 1198 1364 gradibus
1211 1293 1435 1349 subIIrnaudum.

72 1402 121 1457 quc
144 1389 302 1460 prasentia
323 1388 492 1444 clericomm
514 1405 642 1457 suorum,
662 1388 790 1460 alioquin
805 1387 886 1442 irrite
971 1387 1059 1441 XLIII.
1074 1386 1267 1442 Christianum
1285 1388 1454 1442 catholicum
1473 1389 1524 1460 qui
1542 1406 1595 1461 pro
1615 1391 1753 1449 catholica

74 1481 121 1535 erit
143 1483 289 1537 sententia
308 1482 443 1554 episcopi,
464 1481 518 1536 nisi
540 1482 708 1538 clericorum
733 1479 886 1554 praeseutia
935 1478 990 1535 lide
1003 1479 1202 1535 tribulationes
1217 1481 1323 1553 patitur
1338 1482 1446 1536 honore
1463 1483 1543 1538 omni
1559 1500 1577 1537 a
1596 1485 1751 1542 sacerdoti-

76 1573 264 1630 eonfirmetur.
935 1573 989 1628 bus
1001 1572 1213 1643 honorandum,
1234 1574 1320 1629 etianr
1336 1578 1365 1629 ot
1382 1593 1433 1647 pcr
1452 1575 1602 1632 diaconum
1626 1579 1652 1633 ei
1666 1580 1761 1636 victus

104 1668 191 1724 XXIV.
205 1668 359 1724 Sacerdote
372 1668 492 1724 verbum
509 1668 629 1725 faciente
643 1668 674 1724 in
693 1665 821 1735 ecclesie,
837 1664 887 1736 qui
935 1666 1121 1722 ministretur.

79 1774 200 1830 egressus
215 1761 252 1817 de
265 1761 408 1818 auditorio
419 1762 517 1830 luerit,
533 1761 806 1818 excommunicetur.
894 1750 923 1822 B
970 1760 1057 1815 XLIV.
1079 1759 1203 1817 Clericus
1224 1777 1278 1816 nec
1295 1778 1407 1818 comam
1426 1762 1544 1830 nutriat,
1562 1782 1614 1820 nec
1634 1766 1750 1821 barbani

105 1853 179 1909 XXV.
203 1852 378 1911 Dissidentes
399 1855 555 1928 episcopos,
580 1855 604 1910 si
634 1872 692 1911 non
714 1854 801 1909 timor
824 1851 885 1922 uei,
938 1854 1029 1907 radat.

82 1947 194 2016 modus
208 1949 381 2005 reconciliet.
973 1946 1046 2001 XLV.
1069 1947 1193 2002 Clericus
1211 1947 1418 2020 professionem
1434 1966 1524 2016 suern,
1550 1954 1579 2005 et
1595 1951 1625 2007 in
1642 1951 1750 2023 habitu,

104 2041 191 2096 XXVI.
217 2042 397 2098 studendum
421 2047 464 2098 est
485 2042 634 2115 episcopis,
661 2048 693 2098 ut
720 2040 887 2097 dissidentes
937 2040 1005 2094 etio
1019 2039 1132 2095 incessu
1151 2041 1265 2113 probet,
1281 2046 1309 2096 et
1323 2041 1388 2097 ideo
1410 2058 1463 2097 uec
1476 2042 1607 2113 restibus,
1625 2061 1676 2101 noc
1695 2047 1751 2100 cal·

73 2135 181 2206 iratres,
202 2135 261 2191 sive
284 2135 412 2204 elericos,
435 2137 495 2191 sire
515 2136 602 2192 laicos
622 2136 659 2191 ad
680 2151 778 2207 pacem
796 2132 888 2206 magis
937 2132 1090 2188 ceamentis
1103 2133 1235 2189 decorem
1244 2139 1363 2206 quaerat.

71 2244 154 2300 quam
167 2227 358 2301 adjudicium
373 2229 570 2285 cohortentur.
973 2227 1059 2281 XLVI.
1073 2226 1195 2282 Clericus
1208 2242 1273 2282 cnm
1291 2226 1428 2283 extraneis
1447 2229 1614 2286 mulieribus
1630 2249 1685 2287 non
1700 2232 1752 2288 ha·

101 2322 202 2377 XXVII.
217 2322 255 2376 Ut
265 2321 414 2394 episcopus
432 2322 467 2378 de
485 2323 549 2378 loco
563 2321 684 2394 ignobili
707 2320 745 2375 ad
760 2319 888 2375 nobilem
936 2318 1017 2374 bitet.

64 2431 120 2485 per
133 2414 325 2471 ambitionem
334 2432 392 2471 non
403 2417 540 2486 trauseat,
551 2432 604 2471 nec
614 2415 764 2488 quisquam
774 2411 889 2467 inferio
974 2413 1071 2468 XLVII.
1085 2413 1209 2470 Clericus
1221 2430 1274 2485 per
1286 2414 1391 2486 plateas
1404 2420 1432 2471 et
1443 2416 1595 2494 andronas,
1613 2418 1666 2474 nisi
1678 2426 1756 2476 certa

63 2508 105 2562 ris
120 2508 231 2563 ordinis
251 2508 379 2578 clericus,
401 2525 468 2565 sane
491 2509 514 2564 si
540 2526 592 2581 pro
614 2508 733 2563 utilitate
758 2505 889 2562 Ecclesiae
938 2510 967 2561 et
980 2507 1105 2562 maxima
1119 2507 1203 2562 officii
1218 2507 1262 2562 sui
1274 2507 1451 2577 necessitate,
1466 2527 1521 2565 non
1536 2511 1672 2567 ambulet.

62 2599 235 2657 faciendum
247 2602 409 2674 poposcerit
423 2601 536 2659 decreto
556 2619 609 2675 pro
624 2618 657 2657 eo
675 2600 847 2656 clericorum
861 2603 890 2654 et
974 2601 1085 2656 XLVIII.
1107 2600 1230 2656 Clericus
1244 2601 1292 2673 qui
1310 2618 1367 2656 non
1386 2619 1437 2673 pro
1455 2605 1577 2658 emendo
1596 2605 1714 2678 aliquid,
1726 2607 1755 2661 in

64 2691 213 2750 laieorum
226 2696 367 2768 episcopis
387 2701 517 2767 porrecto
539 2696 569 2751 in
588 2695 770 2768 praesentiam
787 2692 890 2765 synodi
941 2692 1076 2747 nundinis
1087 2694 1130 2749 vol
1143 2693 1171 2747 in
1183 2693 1244 2748 loro
1257 2694 1430 2765 deambulat,
1441 2695 1476 2749 ab
1486 2696 1578 2752 allicio
1588 2714 1638 2754 suo
1652 2700 1755 2770 degra-

63 2790 271 2858 transleratur,
286 2789 473 2845 nihilominus
493 2790 547 2845 alio
558 2789 588 2845 in
602 2791 662 2843 loco
681 2789 744 2861 ejus
758 2787 890 2858 episcopo
940 2786 1033 2842 detur.
1700 2837 1702 2841 ,

64 2879 239 2954 subrogato,
255 2882 400 2938 inferioris
412 2900 478 2939 vero
489 2883 594 2954 gradus
603 2881 776 2950 sacerdotes,
792 2879 891 2934 velalii
976 2880 1062 2935 XLIX.
1076 2879 1201 2936 Clericus
1213 2881 1261 2953 qui
1275 2881 1381 2953 absque
1396 2884 1557 2955 corpusculi
1572 2885 1616 2941 sui
1630 2885 1755 2963 insequa-

63 2968 168 3029 eleuci
180 2976 363 3031 concessione
374 2992 493 3031 suorum
508 2976 708 3048 episcoporum
722 2978 840 3047 possunt
853 2971 890 3027 ad
940 2974 1018 3028 Iltete
1034 2973 1136 3044 vigiliis
1148 2974 1237 3045 deest,
1253 2975 1401 3047 stipendiis
1417 2975 1543 3048 privatus
1561 2986 1756 3040 excommuni-

59 3059 147 3121 alias
159 3068 289 3124 ecclesias
300 3070 515 3141 transmigrare.
941 3070 1031 3122 cetur.

102 3158 219 3218 XXVIII.
234 3163 346 3218 Irritam
366 3180 428 3219 esse
444 3163 582 3235 injustam
600 3163 798 3236 episcoporum
811 3117 930 3217 dam·C
978 3162 1008 3218 L.
1024 3162 1165 3218 ClerIcum
1181 3162 1256 3218 iuter
1270 3164 1438 3221 tentationes
1451 3167 1487 3223 ab
1502 3169 1597 3225 officio
1611 3189 1662 3228 suo
1675 3173 1760 3231 decli-

52 3255 222 3311 nunonem
237 3255 343 3312 ichrco
355 3272 372 3311 a
383 3257 492 3329 synodo
505 3257 728 3313 retractandam.
943 3260 1072 3324 nantem,
1099 3256 1143 3311 rel
1167 3257 1360 3328 negligentius
1377 3266 1520 3330 agentem,
1535 3263 1572 3317 ab
1591 3265 1686 3321 officio
1709 3285 1760 3324 sno

100 3345 197 3406 xxti.
212 3350 368 3423 Episcopus
381 3351 405 3406 si
418 3352 519 3407 clerico
532 3351 577 3407 rel
590 3351 663 3407 laico
675 3351 785 3407 crimen
800 3350 891 3422 impo-
942 3349 1159 3404 removendum.

38 3439 173 3509 went,
186 3442 343 3500 deducatur
354 3443 391 3500 ad
403 3444 605 3517 probationem
619 3445 648 3500 iu
663 3445 812 3517 synodum.
979 3443 1020 3498 LI.
1036 3442 1161 3500 Clericus
1175 3444 1367 3516 quatumlibet
1381 3447 1467 3502 verbo
1480 3448 1532 3503 Itei
1548 3450 1677 3506 eruditus
1690 3454 1757 3509 arti-

100 3531 187 3592 JIXX.
208 3539 333 3594 Careant
359 3538 474 3611 judices
500 3539 631 3595 Ecclesia
653 3555 690 3594 ne
722 3539 837 3594 absente
859 3552 893 3593 eo
943 3536 1008 3591 licio
1021 3537 1127 3591 rictum
1141 3541 1261 3609 querat.

30 3623 158 3708 quus
171 3646 258 3686 causa
276 3632 438 3701 ventilatur,
462 3633 634 3689 sententiam
654 3632 811 3705 proferant,
827 3630 894 3703 quie
981 3630 1033 3686 LII.
1045 3629 1319 3687 Clericusrictumet
1330 3633 1758 3711 vestimentumsibiertifrciolo,

26 3715 312 3793 ¹¹·1·inerit,im0
339 3730 369 3781 et
392 3742 506 3782 causam
518 3727 548 3782 in
562 3726 671 3798 synodo
692 3743 745 3799 pro
758 3724 894 3782 iactode·
945 3725 988 3780 vel
1008 3723 1183 3796 agricultura
1205 3724 1313 3797 absque
1335 3726 1421 3780 olllcii
1442 3728 1486 3782 sui
1511 3728 1651 3787 duntaxat
1671 3733 1758 3791 detri-

21 3789 160 3872 hunt,
944 3821 1042 3874 mento
1054 3820 1207 3891 praeparet.

45 3981 61 3992 ·
102 3906 199 3967 ml.
215 3912 252 3968 Ut
263 3912 457 3986 episcopusde
472 3914 557 3970 rebus
566 3920 703 3987 tanquam
714 3913 895 3970 commenda·
981 3913 1045 3969 LIII.
1059 3912 1165 3967 Omnes
1179 3911 1273 3967 clerici
1282 3912 1332 3984 qui
1345 3914 1382 3968 ad
1397 3916 1574 3987 operandum
1589 3919 1672 3975 validi
1683 3929 1759 3995 sunt,

18 3980 186 4071 ²¹³,non
199 4008 337 4079 tanquam
350 4008 473 4080 propriis
489 4013 594 4064 utatur.
945 4008 975 4063 et
985 4005 1140 4073 artillciola,
1155 4007 1185 4060 et
1197 4005 1306 4061 litteras
1318 4007 1435 4064 discunt.

68 4175 83 4186 .
110 4095 212 4154 XXXII.
227 4100 309 4156 Irrita
324 4101 380 4156 erit
400 4102 515 4158 donatio
534 4101 749 4176 episcoporum,
764 4101 809 4156 rel
825 4117 895 4157 ven·
982 4098 1045 4174 83
1060 4101 1125 4155 LIV.
1141 4099 1267 4155 Clericus
1285 4099 1417 4156 iandens
1435 4103 1558 4159 fratrum
1577 4106 1760 4181 profectibus,

16 4163 161 4263 ‘11th
173 4194 217 4249 vel
234 4196 419 4250 commutatio
437 4197 478 4252 rei
494 4196 691 4252 ecclesiastice
706 4195 814 4268 absque
829 4210 895 4250 con·
947 4195 1038 4250 donec
1052 4194 1083 4249 io
1095 4193 1164 4249 vitio
1175 4197 1226 4264 est,
1241 4209 1299 4248 non
1314 4201 1524 4266 promoveatur.

18 4270 205 4341 “ivenus
219 4292 249 4342 ct
260 4286 468 4360 subscrIptione
483 4289 664 4346 elericorum.
982 4290 1035 4344 LV.
1050 4289 1086 4344 Ut
1102 4286 1252 4363 episcopus
1271 4293 1447 4344 accusatores
1463 4290 1585 4348 fratrum
1600 4311 1765 4355 excommu-

123 4378 224 4437 XXXIII.
238 4380 369 4455 Episcopi
386 4384 429 4439 vel
446 4384 603 4456 presbyteri
617 4383 639 4438 si
654 4398 738 4439 causa
750 4381 898 4438 visitandae
947 4382 1033 4450 nicet,
1056 4386 1084 4436 et
1102 4380 1126 4436 si
1154 4380 1349 4436 emendaverit
1380 4382 1490 4454 vitium,
1515 4387 1633 4459 recipiat
1655 4406 1704 4446 cos
1728 4394 1780 4451 ad·

20 4442 214 4546 Flectere
227 4474 346 4530 alterius
364 4476 491 4551 episcopi
504 4478 539 4533 ad
554 4477 703 4533 eeclesiam
716 4476 856 4543 venerint,
870 4478 937 4563 etl)
949 4475 1193 4543 communIonem,
1207 4490 1267 4530 nou
1280 4475 1316 4529 ad
1330 4475 1450 4533 clerum.

22 4550 114 4613 ¹¹1
133 4567 220 4637 gradu
232 4569 432 4642 suscipiantur,
443 4577 541 4627 ettam
552 4572 588 4627 ad
598 4570 897 4637 verbumlaciendum,
984 4571 1049 4625 LVI.
1062 4567 1186 4624 Clericus
1199 4568 1249 4639 qui
1263 4567 1430 4640 adulationI,
1451 4574 1479 4625 et
1498 4571 1704 4644 proditionibus
1716 4596 1764 4636 ra·

21 4648 170 4715 ‘lum
181 4663 217 4718 ed
227 4663 401 4720 oblationem
413 4666 635 4721 consecrandam
649 4667 814 4722 invitentur.
950 4681 1015 4720 care
1028 4661 1262 4735 apprehenditur,
1278 4661 1313 4716 ab
1329 4662 1423 4717 officio
1436 4663 1615 4735 degradetur.

130 4753 227 4811 XXXIV.
242 4758 278 4812 Ut
288 4759 436 4830 episcopus
448 4760 479 4815 iu
494 4762 621 4832 quolibet
633 4763 695 4816 loco
708 4761 811 4818 sedens
824 4764 900 4815 stare
985 4759 1062 4813 LVII.
1077 4755 1201 4812 Clericus
1212 4754 1368 4810 maledicus
1382 4757 1562 4830 meximeque
1575 4762 1605 4818 in
1617 4769 1767 4827 sacerdoti·

30 4833 87 4894 Β
95 4848 282 4920 rasbytcrum
295 4868 354 4907 non
368 4853 503 4924 patiatur.
950 4853 1004 4908 bus
1015 4855 1133 4922 cogatur
1144 4848 1180 4903 ad
1193 4849 1393 4918 postulandam
1403 4850 1525 4922 veniam,
1537 4855 1559 4909 si
1569 4856 1704 4931 noluerit,
1714 4863 1764 4919 de-

132 4939 218 4998 XXXV.
234 4945 270 5000 Ut
287 4946 435 5019 episcopus
456 4948 486 5003 in
506 4949 624 5005 ecclesia
636 4950 666 5005 in
687 4964 820 5004 consessu
835 4963 899 5020 pre·
952 4945 1096 5018 gradetur,
1112 4959 1163 4998 uec
1179 4958 1308 5013 unquam
1326 4941 1362 4997 ad
1386 4943 1512 5001 ollrcium
1528 4948 1634 5023 absque
1653 4956 1764 5012 satisfa-

44 5020 267 5102 *bresetum
280 5039 480 5097 sublimiorum
492 5042 599 5111 sedeat,
615 5045 691 5098 intra
703 5043 821 5098 domum
834 5056 901 5096 vero
952 5040 1044 5095 ctione
1056 5042 1215 5093 revocetur.
1774 5107 1776 5112 μ

52 5120 227 5202 Q<diepam
237 5134 508 5206 sepresbyterorum
525 5153 585 5192 esse
600 5141 758 5209 cognoscat.
987 5133 1075 5189 LVIII.
1086 5129 1186 5188 Clerici
1199 5129 1247 5202 qui
1263 5131 1429 5203 frequenter
1445 5133 1545 5206 litigat,
1556 5141 1584 5192 et
1597 5139 1634 5195 ed
1650 5158 1766 5201 causan-

136 5219 230 5281 lxxvi.
249 5227 410 5300 Presbyteri
426 5229 474 5302 qui
494 5246 547 5302 per
561 5231 693 5286 dioceses
708 5228 837 5286 ecclesias
855 5244 901 5283 re·
953 5228 1022 5283 dum
1045 5225 1136 5281 facilis
1157 5228 1208 5290 est,
1230 5224 1424 5280 testimoninm
1442 5243 1526 5283 nemo
1542 5230 1647 5303 absque
1666 5216 1786 5306 grandi·

69 5309 165 5398 §Vnt
174 5335 232 5376 uon
243 5337 261 5376 a
271 5320 446 5392 quibuslibet
454 5323 602 5395 episcopis,
621 5324 671 5379 sed
684 5323 778 5391 esuis,
792 5338 844 5378 uec
854 5336 905 5394 per
954 5320 1085 5376 examine
1098 5318 1226 5390 recipiat.

62 5400 233 5470 *Iuniorem
245 5414 395 5486 clericum,
409 5416 457 5471 sed
481 5417 558 5473 omni
571 5433 646 5473 anuo
660 5421 711 5473 eut
724 5433 776 5490 per
787 5416 904 5487 seipsos,
990 5414 1052 5468 LIX.
1073 5411 1271 5468 Discordantes
1288 5412 1404 5469 clericos
1421 5413 1578 5487 episcopus,
1598 5417 1642 5472 rel
1659 5419 1772 5489 ratione

76 5496 147 5555 ³¹11
154 5520 201 5576 per
212 5508 297 5564 illum
309 5509 360 5581 qui
373 5509 530 5566 sacrarium
541 5516 621 5567 tenet
640 5515 706 5566 ante
723 5510 837 5565 Paschae
857 5524 904 5564 so·
955 5507 999 5563 rel
1012 5508 1149 5579 potestate
1162 5505 1200 5559 ed
1209 5504 1503 5576 concordiamtrabat,
1518 5508 1715 5567 iuobedieutes
1725 5531 1772 5587 sy·.

82 5573 278 5669 laenitatem,
293 5602 418 5658 chrisma
431 5608 541 5675 petent.
955 5601 1046 5657 nodus
1062 5614 1114 5671 per
1125 5598 1299 5654 audientiam
1313 5598 1441 5655 damnet.

134 5688 241 5752 XXXVII.
255 5694 447 5766 Utdiacoous,
463 5696 505 5752 ita
519 5713 549 5752 se
562 5696 719 5770 presbyteri
734 5701 767 5753 ut
782 5693 907 5770 episcopi
992 5694 1043 5749 LX.
1057 5691 1199 5749 Clericum
1213 5691 1359 5748 scurrilem
1376 5697 1405 5747 et
1417 5692 1511 5747 verbis
1524 5693 1655 5768 turpibus
1662 5697 1772 5772 jocum.

98 5786 254 5847 ¹tinistrum
270 5807 334 5847 esse
346 5795 507 5869 eognoscat.
957 5803 1019 5847 rem
1033 5785 1402 5843 ebolltcioretrelrendum.
