<?xml version="1.0" encoding="UTF-8"?>
<!DOCTYPE html PUBLIC "-//W3C//DTD XHTML 1.0 Transitional//EN"
    "http://www.w3.org/TR/xhtml1/DTD/xhtml1-transitional.dtd">
<html xmlns="http://www.w3.org/1999/xhtml" xml:lang="en" lang="en">
 <head>
  <title>
</title>
<meta http-equiv="Content-Type" content="text/html;charset=utf-8" />
  <meta name='ocr-system' content='tesseract 3.04.00' />
  <meta name='ocr-capabilities' content='ocr_page ocr_carea ocr_par ocr_line ocrx_word'/>
</head>
<body>
  <div class='ocr_page' id='page_1' title='image "./patrologiaecurs03unkngoog_0456.png"; bbox 0 0 3870 6150; ppageno 0'>
   <div class='ocr_carea' id='block_1_1' title="bbox 61 268 1752 331">
    <p class='ocr_par' dir='ltr' id='par_1_1' title="bbox 61 268 1752 331">
     <span class='ocr_line' id='line_1_1' title="bbox 61 268 1752 331; baseline 0.001 -3"><span class='ocrx_word' id='word_1_1' title='bbox 61 274 119 329; x_wconf 74' lang='lat'>857</span> <span class='ocrx_word' id='word_1_2' title='bbox 671 268 907 331; x_wconf 76' lang='lat' dir='ltr'>bucnevatluu</span> <span class='ocrx_word' id='word_1_3' title='bbox 925 269 1118 331; x_wconf 80' lang='lat' dir='ltr'>COLLECl&#39;lO.</span> <span class='ocrx_word' id='word_1_4' title='bbox 1701 276 1752 331; x_wconf 74' lang='lat'>858</span> 
     </span>
    </p>
   </div>
   <div class='ocr_carea' id='block_1_2' title="bbox 61 379 1773 5808">
    <p class='ocr_par' dir='ltr' id='par_1_2' title="bbox 61 379 1758 3363">
     <span class='ocr_line' id='line_1_2' title="bbox 61 379 1754 469; baseline 0.001 -34"><span class='ocrx_word' id='word_1_5' title='bbox 61 380 220 451; x_wconf 86' lang='lat' dir='ltr'>apostolica</span> <span class='ocrx_word' id='word_1_6' title='bbox 242 379 419 436; x_wconf 85' lang='lat' dir='ltr'>institutione</span> <span class='ocrx_word' id='word_1_7' title='bbox 442 380 572 451; x_wconf 87' lang='lat' dir='ltr'>debetur,</span> <span class='ocrx_word' id='word_1_8' title='bbox 592 385 701 454; x_wconf 88' lang='lat' dir='ltr'>quanto</span> <span class='ocrx_word' id='word_1_9' title='bbox 720 384 811 453; x_wconf 81' lang='lat' dir='ltr'>magis</span> <span class='ocrx_word' id='word_1_10' title='bbox 831 383 1061 469; x_wconf 62' lang='lat' dir='ltr'>tra-Aconsulta</span> <span class='ocrx_word' id='word_1_11' title='bbox 1074 382 1253 438; x_wconf 74' lang='lat' dir='ltr'>rescriberet.</span> <span class='ocrx_word' id='word_1_12' title='bbox 1269 382 1477 451; x_wconf 89' lang='lat' dir='ltr'>Sed,ntvidco,</span> <span class='ocrx_word' id='word_1_13' title='bbox 1494 381 1567 436; x_wconf 87' lang='lat' dir='ltr'>bene</span> <span class='ocrx_word' id='word_1_14' title='bbox 1579 380 1613 437; x_wconf 89' lang='lat' dir='ltr'>de</span> <span class='ocrx_word' id='word_1_15' title='bbox 1622 383 1754 437; x_wconf 90' lang='lat' dir='ltr'>moribus</span> 
     </span>
     <span class='ocr_line' id='line_1_3' title="bbox 62 473 1753 549; baseline 0.002 -21"><span class='ocrx_word' id='word_1_16' title='bbox 62 473 157 528; x_wconf 88' lang='lat' dir='ltr'>tribus</span> <span class='ocrx_word' id='word_1_17' title='bbox 175 479 203 529; x_wconf 89' lang='lat' dir='ltr'>et</span> <span class='ocrx_word' id='word_1_18' title='bbox 218 473 392 546; x_wconf 81' lang='lat' dir='ltr'>coepiscopis</span> <span class='ocrx_word' id='word_1_19' title='bbox 406 473 467 529; x_wconf 90' lang='lat' dir='ltr'>sine</span> <span class='ocrx_word' id='word_1_20' title='bbox 488 475 645 531; x_wconf 79' lang='lat' dir='ltr'>offensione</span> <span class='ocrx_word' id='word_1_21' title='bbox 660 475 806 532; x_wconf 87' lang='lat' dir='ltr'>reddenda</span> <span class='ocrx_word' id='word_1_22' title='bbox 819 477 883 531; x_wconf 90' lang='lat' dir='ltr'>estt</span> <span class='ocrx_word' id='word_1_23' title='bbox 935 476 1007 532; x_wconf 90' lang='lat' dir='ltr'>meis</span> <span class='ocrx_word' id='word_1_24' title='bbox 1021 476 1177 545; x_wconf 82' lang='lat' dir='ltr'>aestimasti,</span> <span class='ocrx_word' id='word_1_25' title='bbox 1192 482 1220 533; x_wconf 90' lang='lat' dir='ltr'>et</span> <span class='ocrx_word' id='word_1_26' title='bbox 1233 493 1318 549; x_wconf 90' lang='lat' dir='ltr'>qnam</span> <span class='ocrx_word' id='word_1_27' title='bbox 1333 476 1424 531; x_wconf 87' lang='lat' dir='ltr'>civilia</span> <span class='ocrx_word' id='word_1_28' title='bbox 1437 492 1488 547; x_wconf 91' lang='lat' dir='ltr'>pro</span> <span class='ocrx_word' id='word_1_29' title='bbox 1502 476 1697 531; x_wconf 88' lang='lat' dir='ltr'>conservanda</span> <span class='ocrx_word' id='word_1_30' title='bbox 1711 493 1753 531; x_wconf 88' lang='lat' dir='ltr'>sa-</span> 
     </span>
     <span class='ocr_line' id='line_1_4' title="bbox 63 567 1752 643; baseline 0.002 -21"><span class='ocrx_word' id='word_1_31' title='bbox 63 567 182 623; x_wconf 84' lang='lat' dir='ltr'>Utlicet</span> <span class='ocrx_word' id='word_1_32' title='bbox 199 583 408 640; x_wconf 89' lang='lat' dir='ltr'>nonnunquam</span> <span class='ocrx_word' id='word_1_33' title='bbox 424 569 641 641; x_wconf 62' lang='lat' dir='ltr'>acciduntque</span> <span class='ocrx_word' id='word_1_34' title='bbox 659 570 690 623; x_wconf 90' lang='lat' dir='ltr'>in</span> <span class='ocrx_word' id='word_1_35' title='bbox 705 570 883 625; x_wconf 86' lang='lat' dir='ltr'>sacerdotali·</span> <span class='ocrx_word' id='word_1_36' title='bbox 933 569 1070 625; x_wconf 87' lang='lat' dir='ltr'>cerdotali</span> <span class='ocrx_word' id='word_1_37' title='bbox 1093 570 1244 626; x_wconf 91' lang='lat' dir='ltr'>concordia</span> <span class='ocrx_word' id='word_1_38' title='bbox 1267 587 1452 643; x_wconf 85' lang='lat' dir='ltr'>responsurus</span> <span class='ocrx_word' id='word_1_39' title='bbox 1475 587 1576 638; x_wconf 90' lang='lat' dir='ltr'>essem,</span> <span class='ocrx_word' id='word_1_40' title='bbox 1606 569 1752 625; x_wconf 88' lang='lat' dir='ltr'>verissima</span> 
     </span>
     <span class='ocr_line' id='line_1_5' title="bbox 64 661 1750 736; baseline 0.002 -21"><span class='ocrx_word' id='word_1_41' title='bbox 64 661 120 716; x_wconf 92' lang='lat' dir='ltr'>bns</span> <span class='ocrx_word' id='word_1_42' title='bbox 134 661 192 716; x_wconf 91' lang='lat' dir='ltr'>sint</span> <span class='ocrx_word' id='word_1_43' title='bbox 207 662 442 733; x_wconf 88' lang='lat' dir='ltr'>reprehendenda</span> <span class='ocrx_word' id='word_1_44' title='bbox 462 662 600 734; x_wconf 85' lang='lat' dir='ltr'>personis,</span> <span class='ocrx_word' id='word_1_45' title='bbox 618 663 681 735; x_wconf 90' lang='lat' dir='ltr'>plus</span> <span class='ocrx_word' id='word_1_46' title='bbox 700 666 798 718; x_wconf 90' lang='lat' dir='ltr'>tamen</span> <span class='ocrx_word' id='word_1_47' title='bbox 813 679 884 735; x_wconf 87' lang='lat' dir='ltr'>erga</span> <span class='ocrx_word' id='word_1_48' title='bbox 935 664 1098 736; x_wconf 78' lang='lat' dir='ltr'>praevidisti,</span> <span class='ocrx_word' id='word_1_49' title='bbox 1111 663 1214 719; x_wconf 90' lang='lat' dir='ltr'>etideo</span> <span class='ocrx_word' id='word_1_50' title='bbox 1227 668 1320 720; x_wconf 90' lang='lat' dir='ltr'>motus</span> <span class='ocrx_word' id='word_1_51' title='bbox 1336 669 1396 719; x_wconf 92' lang='lat' dir='ltr'>tuos</span> <span class='ocrx_word' id='word_1_52' title='bbox 1414 664 1531 735; x_wconf 81' lang='lat' dir='ltr'>exsequi</span> <span class='ocrx_word' id='word_1_53' title='bbox 1541 664 1602 719; x_wconf 90' lang='lat' dir='ltr'>sine</span> <span class='ocrx_word' id='word_1_54' title='bbox 1614 663 1750 719; x_wconf 90' lang='lat' dir='ltr'>dilatione</span> 
     </span>
     <span class='ocr_line' id='line_1_6' title="bbox 63 754 1753 829; baseline 0.002 -21"><span class='ocrx_word' id='word_1_55' title='bbox 63 754 236 825; x_wconf 89' lang='lat' dir='ltr'>corrigenda</span> <span class='ocrx_word' id='word_1_56' title='bbox 261 772 291 810; x_wconf 90' lang='lat' dir='ltr'>se</span> <span class='ocrx_word' id='word_1_57' title='bbox 316 760 384 827; x_wconf 87' lang='lat' dir='ltr'>agat</span> <span class='ocrx_word' id='word_1_58' title='bbox 408 755 608 813; x_wconf 88' lang='lat' dir='ltr'>benevolentia</span> <span class='ocrx_word' id='word_1_59' title='bbox 630 773 717 829; x_wconf 89' lang='lat' dir='ltr'>quarn</span> <span class='ocrx_word' id='word_1_60' title='bbox 740 756 881 824; x_wconf 88' lang='lat' dir='ltr'>severitas,</span> <span class='ocrx_word' id='word_1_61' title='bbox 933 758 1103 828; x_wconf 76' lang='lat' dir='ltr'>properasti,</span> <span class='ocrx_word' id='word_1_62' title='bbox 1118 774 1154 812; x_wconf 92' lang='lat' dir='ltr'>ne</span> <span class='ocrx_word' id='word_1_63' title='bbox 1166 774 1232 813; x_wconf 91' lang='lat' dir='ltr'>cum</span> <span class='ocrx_word' id='word_1_64' title='bbox 1243 757 1447 813; x_wconf 79' lang='lat' dir='ltr'>moderationis</span> <span class='ocrx_word' id='word_1_65' title='bbox 1458 761 1561 812; x_wconf 81' lang='lat' dir='ltr'>nostre</span> <span class='ocrx_word' id='word_1_66' title='bbox 1572 757 1647 812; x_wconf 91' lang='lat' dir='ltr'>alind</span> <span class='ocrx_word' id='word_1_67' title='bbox 1660 756 1753 828; x_wconf 90' lang='lat' dir='ltr'>dispo·</span> 
     </span>
     <span class='ocr_line' id='line_1_7' title="bbox 64 848 1753 925; baseline 0.002 -23"><span class='ocrx_word' id='word_1_68' title='bbox 64 849 129 919; x_wconf 85' lang='lat' dir='ltr'>plus</span> <span class='ocrx_word' id='word_1_69' title='bbox 144 848 301 905; x_wconf 82' lang='lat' dir='ltr'>cohortatio</span> <span class='ocrx_word' id='word_1_70' title='bbox 314 865 400 922; x_wconf 87' lang='lat' dir='ltr'>quam</span> <span class='ocrx_word' id='word_1_71' title='bbox 413 851 576 918; x_wconf 88' lang='lat' dir='ltr'>commotio,</span> <span class='ocrx_word' id='word_1_72' title='bbox 587 852 650 923; x_wconf 89' lang='lat' dir='ltr'>plus</span> <span class='ocrx_word' id='word_1_73' title='bbox 661 851 787 907; x_wconf 88' lang='lat' dir='ltr'>charitas</span> <span class='ocrx_word' id='word_1_74' title='bbox 795 867 883 925; x_wconf 91' lang='lat' dir='ltr'>quam</span> <span class='ocrx_word' id='word_1_75' title='bbox 933 852 1027 907; x_wconf 89' lang='lat' dir='ltr'>nentis</span> <span class='ocrx_word' id='word_1_76' title='bbox 1037 848 1142 922; x_wconf 80' lang='lat' dir='ltr'>scripta</span> <span class='ocrx_word' id='word_1_77' title='bbox 1150 850 1329 923; x_wconf 83' lang='lat' dir='ltr'>sumpsisses,</span> <span class='ocrx_word' id='word_1_78' title='bbox 1337 851 1458 906; x_wconf 89' lang='lat' dir='ltr'>faciendi</span> <span class='ocrx_word' id='word_1_79' title='bbox 1467 849 1497 905; x_wconf 94' lang='lat' dir='ltr'>id</span> <span class='ocrx_word' id='word_1_80' title='bbox 1504 849 1581 921; x_wconf 92' lang='lat' dir='ltr'>quod</span> <span class='ocrx_word' id='word_1_81' title='bbox 1591 851 1698 905; x_wconf 86' lang='lat' dir='ltr'>factum</span> <span class='ocrx_word' id='word_1_82' title='bbox 1710 855 1753 906; x_wconf 90' lang='lat' dir='ltr'>est</span> 
     </span>
     <span class='ocr_line' id='line_1_8' title="bbox 64 942 1752 1018; baseline 0.001 -22"><span class='ocrx_word' id='word_1_83' title='bbox 64 947 204 1013; x_wconf 83' lang='lat' dir='ltr'>potestas.</span> <span class='ocrx_word' id='word_1_84' title='bbox 227 942 281 998; x_wconf 87' lang='lat' dir='ltr'>Sed</span> <span class='ocrx_word' id='word_1_85' title='bbox 305 942 345 1012; x_wconf 92' lang='lat' dir='ltr'>hi,</span> <span class='ocrx_word' id='word_1_86' title='bbox 366 943 416 1016; x_wconf 90' lang='lat' dir='ltr'>qni</span> <span class='ocrx_word' id='word_1_87' title='bbox 438 960 503 1015; x_wconf 76' lang='lat' dir='ltr'>quas</span> <span class='ocrx_word' id='word_1_88' title='bbox 517 961 569 1000; x_wconf 89' lang='lat' dir='ltr'>sua</span> <span class='ocrx_word' id='word_1_89' title='bbox 584 949 651 1000; x_wconf 88' lang='lat' dir='ltr'>sunt</span> <span class='ocrx_word' id='word_1_90' title='bbox 665 950 807 1018; x_wconf 74' lang='lat' dir='ltr'>quaerunt,</span> <span class='ocrx_word' id='word_1_91' title='bbox 823 961 882 1000; x_wconf 91' lang='lat' dir='ltr'>non</span> <span class='ocrx_word' id='word_1_92' title='bbox 932 946 1079 1001; x_wconf 87' lang='lat' dir='ltr'>licentiam</span> <span class='ocrx_word' id='word_1_93' title='bbox 1104 962 1162 1000; x_wconf 89' lang='lat' dir='ltr'>non</span> <span class='ocrx_word' id='word_1_94' title='bbox 1185 945 1314 1001; x_wconf 88' lang='lat' dir='ltr'>haberes.</span> <span class='ocrx_word' id='word_1_95' title='bbox 1333 946 1377 998; x_wconf 79' lang='lat' dir='ltr'>An</span> <span class='ocrx_word' id='word_1_96' title='bbox 1401 944 1475 999; x_wconf 84' lang='lat' dir='ltr'>torte</span> <span class='ocrx_word' id='word_1_97' title='bbox 1488 943 1602 1015; x_wconf 86' lang='lat' dir='ltr'>aliquod</span> <span class='ocrx_word' id='word_1_98' title='bbox 1617 944 1752 1000; x_wconf 85' lang='lat' dir='ltr'>tibifaci·</span> 
     </span>
     <span class='ocr_line' id='line_1_9' title="bbox 64 1036 1752 1111; baseline 0.001 -21"><span class='ocrx_word' id='word_1_99' title='bbox 64 1051 130 1106; x_wconf 79' lang='lat' dir='ltr'>quae</span> <span class='ocrx_word' id='word_1_100' title='bbox 149 1036 215 1091; x_wconf 83' lang='lat' dir='ltr'>lesu</span> <span class='ocrx_word' id='word_1_101' title='bbox 235 1036 348 1104; x_wconf 82' lang='lat' dir='ltr'>Christi,</span> <span class='ocrx_word' id='word_1_102' title='bbox 368 1036 449 1091; x_wconf 84' lang='lat' dir='ltr'>facile</span> <span class='ocrx_word' id='word_1_103' title='bbox 465 1037 501 1092; x_wconf 91' lang='lat' dir='ltr'>ab</span> <span class='ocrx_word' id='word_1_104' title='bbox 516 1038 571 1094; x_wconf 92' lang='lat' dir='ltr'>hac</span> <span class='ocrx_word' id='word_1_105' title='bbox 589 1040 650 1111; x_wconf 92' lang='lat' dir='ltr'>lege</span> <span class='ocrx_word' id='word_1_106' title='bbox 666 1038 881 1104; x_wconf 86' lang='lat' dir='ltr'>discernuntur;</span> <span class='ocrx_word' id='word_1_107' title='bbox 934 1056 997 1094; x_wconf 89' lang='lat' dir='ltr'>mus</span> <span class='ocrx_word' id='word_1_108' title='bbox 1017 1039 1112 1095; x_wconf 80' lang='lat' dir='ltr'>fratris</span> <span class='ocrx_word' id='word_1_109' title='bbox 1132 1040 1307 1108; x_wconf 85' lang='lat' dir='ltr'>innotuerat,</span> <span class='ocrx_word' id='word_1_110' title='bbox 1325 1041 1355 1093; x_wconf 90' lang='lat' dir='ltr'>et</span> <span class='ocrx_word' id='word_1_111' title='bbox 1369 1037 1623 1110; x_wconf 89' lang='lat' dir='ltr'>metropolitanum</span> <span class='ocrx_word' id='word_1_112' title='bbox 1645 1038 1752 1110; x_wconf 89' lang='lat' dir='ltr'>episco-</span> 
     </span>
     <span class='ocr_line' id='line_1_10' title="bbox 63 1128 1752 1205; baseline 0.001 -21"><span class='ocrx_word' id='word_1_113' title='bbox 63 1134 93 1184; x_wconf 90' lang='lat' dir='ltr'>et</span> <span class='ocrx_word' id='word_1_114' title='bbox 105 1128 178 1184; x_wconf 90' lang='lat' dir='ltr'>dum</span> <span class='ocrx_word' id='word_1_115' title='bbox 190 1130 290 1185; x_wconf 88' lang='lat' dir='ltr'>donari</span> <span class='ocrx_word' id='word_1_116' title='bbox 302 1129 396 1201; x_wconf 87' lang='lat' dir='ltr'>magis</span> <span class='ocrx_word' id='word_1_117' title='bbox 409 1147 496 1203; x_wconf 88' lang='lat' dir='ltr'>quam</span> <span class='ocrx_word' id='word_1_118' title='bbox 509 1133 656 1188; x_wconf 89' lang='lat' dir='ltr'>consulere</span> <span class='ocrx_word' id='word_1_119' title='bbox 668 1132 787 1188; x_wconf 91' lang='lat' dir='ltr'>subditis</span> <span class='ocrx_word' id='word_1_120' title='bbox 801 1147 881 1204; x_wconf 77' lang='lat' dir='ltr'>quas·</span> <span class='ocrx_word' id='word_1_121' title='bbox 932 1150 1002 1204; x_wconf 89' lang='lat' dir='ltr'>pum</span> <span class='ocrx_word' id='word_1_122' title='bbox 1021 1135 1086 1189; x_wconf 92' lang='lat' dir='ltr'>novi</span> <span class='ocrx_word' id='word_1_123' title='bbox 1102 1134 1178 1205; x_wconf 90' lang='lat' dir='ltr'>apud</span> <span class='ocrx_word' id='word_1_124' title='bbox 1195 1138 1223 1188; x_wconf 86' lang='lat' dir='ltr'>te</span> <span class='ocrx_word' id='word_1_125' title='bbox 1244 1133 1373 1188; x_wconf 90' lang='lat' dir='ltr'>criminis</span> <span class='ocrx_word' id='word_1_126' title='bbox 1389 1132 1502 1204; x_wconf 89' lang='lat' dir='ltr'>pondus</span> <span class='ocrx_word' id='word_1_127' title='bbox 1521 1132 1660 1203; x_wconf 88' lang='lat' dir='ltr'>urgebatt</span> <span class='ocrx_word' id='word_1_128' title='bbox 1671 1131 1752 1196; x_wconf 86' lang='lat' dir='ltr'>Quod</span> 
     </span>
     <span class='ocr_line' id='line_1_11' title="bbox 64 1223 1752 1299; baseline 0.001 -22"><span class='ocrx_word' id='word_1_129' title='bbox 64 1225 143 1293; x_wconf 92' lang='lat' dir='ltr'>runt,</span> <span class='ocrx_word' id='word_1_130' title='bbox 153 1223 355 1295; x_wconf 89' lang='lat' dir='ltr'>placethonor,</span> <span class='ocrx_word' id='word_1_131' title='bbox 366 1224 598 1298; x_wconf 86' lang='lat' dir='ltr'>intlatsuperhia,</span> <span class='ocrx_word' id='word_1_132' title='bbox 610 1227 883 1298; x_wconf 87' lang='lat' dir='ltr'>et,quodprovisum</span> <span class='ocrx_word' id='word_1_133' title='bbox 932 1228 1048 1299; x_wconf 88' lang='lat' dir='ltr'>quidem</span> <span class='ocrx_word' id='word_1_134' title='bbox 1064 1228 1191 1283; x_wconf 90' lang='lat' dir='ltr'>alienum</span> <span class='ocrx_word' id='word_1_135' title='bbox 1207 1227 1242 1282; x_wconf 93' lang='lat' dir='ltr'>ab</span> <span class='ocrx_word' id='word_1_136' title='bbox 1257 1227 1305 1282; x_wconf 92' lang='lat' dir='ltr'>illo</span> <span class='ocrx_word' id='word_1_137' title='bbox 1316 1227 1403 1283; x_wconf 89' lang='lat' dir='ltr'>etiam</span> <span class='ocrx_word' id='word_1_138' title='bbox 1418 1231 1448 1281; x_wconf 92' lang='lat' dir='ltr'>tu</span> <span class='ocrx_word' id='word_1_139' title='bbox 1462 1226 1532 1281; x_wconf 90' lang='lat' dir='ltr'>nihil</span> <span class='ocrx_word' id='word_1_140' title='bbox 1548 1227 1576 1281; x_wconf 91' lang='lat' dir='ltr'>ci</span> <span class='ocrx_word' id='word_1_141' title='bbox 1594 1224 1752 1296; x_wconf 88' lang='lat' dir='ltr'>objiciendo</span> 
     </span>
     <span class='ocr_line' id='line_1_12' title="bbox 62 1316 1748 1392; baseline 0.001 -20"><span class='ocrx_word' id='word_1_142' title='bbox 62 1322 107 1372; x_wconf 89' lang='lat' dir='ltr'>est</span> <span class='ocrx_word' id='word_1_143' title='bbox 120 1316 161 1372; x_wconf 87' lang='lat' dir='ltr'>ad</span> <span class='ocrx_word' id='word_1_144' title='bbox 175 1316 355 1373; x_wconf 89' lang='lat' dir='ltr'>concordiam</span> <span class='ocrx_word' id='word_1_145' title='bbox 367 1318 461 1374; x_wconf 88' lang='lat' dir='ltr'>tendit</span> <span class='ocrx_word' id='word_1_146' title='bbox 470 1320 506 1375; x_wconf 90' lang='lat' dir='ltr'>ad</span> <span class='ocrx_word' id='word_1_147' title='bbox 515 1336 629 1375; x_wconf 86' lang='lat' dir='ltr'>noxam.</span> <span class='ocrx_word' id='word_1_148' title='bbox 641 1319 721 1384; x_wconf 82' lang='lat' dir='ltr'>Quod</span> <span class='ocrx_word' id='word_1_149' title='bbox 733 1325 763 1374; x_wconf 94' lang='lat' dir='ltr'>ut</span> <span class='ocrx_word' id='word_1_150' title='bbox 771 1336 882 1376; x_wconf 88' lang='lat' dir='ltr'>necesse</span> <span class='ocrx_word' id='word_1_151' title='bbox 932 1321 1093 1377; x_wconf 86' lang='lat' dir='ltr'>confirmas.</span> <span class='ocrx_word' id='word_1_152' title='bbox 1104 1321 1161 1378; x_wconf 88' lang='lat' dir='ltr'>Sed</span> <span class='ocrx_word' id='word_1_153' title='bbox 1173 1321 1282 1375; x_wconf 91' lang='lat' dir='ltr'>etiamsi</span> <span class='ocrx_word' id='word_1_154' title='bbox 1293 1320 1360 1392; x_wconf 91' lang='lat' dir='ltr'>quid</span> <span class='ocrx_word' id='word_1_155' title='bbox 1378 1319 1591 1375; x_wconf 87' lang='lat' dir='ltr'>intolerandum</span> <span class='ocrx_word' id='word_1_156' title='bbox 1606 1318 1748 1390; x_wconf 77' lang='lat' dir='ltr'>gessisset,</span> 
     </span>
     <span class='ocr_line' id='line_1_13' title="bbox 64 1411 1752 1487; baseline -0.001 -20"><span class='ocrx_word' id='word_1_157' title='bbox 64 1411 223 1467; x_wconf 72' lang='lat' dir='ltr'>habeamus</span> <span class='ocrx_word' id='word_1_158' title='bbox 234 1411 274 1466; x_wconf 87' lang='lat' dir='ltr'>ita</span> <span class='ocrx_word' id='word_1_159' title='bbox 288 1412 381 1469; x_wconf 86' lang='lat' dir='ltr'>dicere</span> <span class='ocrx_word' id='word_1_160' title='bbox 392 1429 450 1468; x_wconf 91' lang='lat' dir='ltr'>uon</span> <span class='ocrx_word' id='word_1_161' title='bbox 463 1413 497 1469; x_wconf 92' lang='lat' dir='ltr'>de</span> <span class='ocrx_word' id='word_1_162' title='bbox 506 1430 595 1485; x_wconf 85' lang='lat' dir='ltr'>parvo</span> <span class='ocrx_word' id='word_1_163' title='bbox 606 1414 694 1469; x_wconf 89' lang='lat' dir='ltr'>animi</span> <span class='ocrx_word' id='word_1_164' title='bbox 708 1414 806 1470; x_wconf 91' lang='lat' dir='ltr'>dolore</span> <span class='ocrx_word' id='word_1_165' title='bbox 821 1430 884 1485; x_wconf 89' lang='lat' dir='ltr'>pro·</span> <span class='ocrx_word' id='word_1_166' title='bbox 932 1420 1028 1470; x_wconf 89' lang='lat' dir='ltr'>nostra</span> <span class='ocrx_word' id='word_1_167' title='bbox 1041 1420 1102 1472; x_wconf 90' lang='lat' dir='ltr'>erat</span> <span class='ocrx_word' id='word_1_168' title='bbox 1119 1415 1308 1487; x_wconf 85' lang='lat' dir='ltr'>exspectanda</span> <span class='ocrx_word' id='word_1_169' title='bbox 1321 1430 1451 1481; x_wconf 86' lang='lat' dir='ltr'>censura,</span> <span class='ocrx_word' id='word_1_170' title='bbox 1469 1417 1500 1467; x_wconf 91' lang='lat' dir='ltr'>ut</span> <span class='ocrx_word' id='word_1_171' title='bbox 1516 1413 1586 1468; x_wconf 93' lang='lat' dir='ltr'>nihil</span> <span class='ocrx_word' id='word_1_172' title='bbox 1600 1412 1679 1484; x_wconf 89' lang='lat' dir='ltr'>prius</span> <span class='ocrx_word' id='word_1_173' title='bbox 1692 1412 1752 1483; x_wconf 88' lang='lat' dir='ltr'>ipse</span> 
     </span>
     <span class='ocr_line' id='line_1_14' title="bbox 65 1503 1751 1580; baseline 0.002 -22"><span class='ocrx_word' id='word_1_174' title='bbox 65 1503 153 1559; x_wconf 87' lang='lat' dir='ltr'>cedit.</span> <span class='ocrx_word' id='word_1_175' title='bbox 166 1504 305 1577; x_wconf 76' lang='lat' dir='ltr'>lleipsum</span> <span class='ocrx_word' id='word_1_176' title='bbox 317 1506 395 1561; x_wconf 91' lang='lat' dir='ltr'>enim</span> <span class='ocrx_word' id='word_1_177' title='bbox 409 1507 620 1578; x_wconf 89' lang='lat' dir='ltr'>quodammodo</span> <span class='ocrx_word' id='word_1_178' title='bbox 636 1508 666 1562; x_wconf 90' lang='lat' dir='ltr'>in</span> <span class='ocrx_word' id='word_1_179' title='bbox 683 1509 765 1580; x_wconf 92' lang='lat' dir='ltr'>culpa</span> <span class='ocrx_word' id='word_1_180' title='bbox 780 1508 882 1575; x_wconf 89' lang='lat' dir='ltr'>sentio,</span> <span class='ocrx_word' id='word_1_181' title='bbox 933 1509 1103 1565; x_wconf 85' lang='lat' dir='ltr'>decerneres</span> <span class='ocrx_word' id='word_1_182' title='bbox 1127 1525 1213 1580; x_wconf 93' lang='lat' dir='ltr'>quam</span> <span class='ocrx_word' id='word_1_183' title='bbox 1236 1508 1306 1580; x_wconf 90' lang='lat' dir='ltr'>quid</span> <span class='ocrx_word' id='word_1_184' title='bbox 1324 1507 1406 1562; x_wconf 90' lang='lat' dir='ltr'>nobis</span> <span class='ocrx_word' id='word_1_185' title='bbox 1426 1508 1550 1578; x_wconf 78' lang='lat' dir='ltr'>placeret</span> <span class='ocrx_word' id='word_1_186' title='bbox 1570 1522 1751 1578; x_wconf 85' lang='lat' dir='ltr'>agnosceres.</span> 
     </span>
     <span class='ocr_line' id='line_1_15' title="bbox 63 1599 1752 1672; baseline 0.001 -19"><span class='ocrx_word' id='word_1_187' title='bbox 63 1613 132 1653; x_wconf 88' lang='lat' dir='ltr'>cum</span> <span class='ocrx_word' id='word_1_188' title='bbox 153 1603 181 1654; x_wconf 88' lang='lat' dir='ltr'>te</span> <span class='ocrx_word' id='word_1_189' title='bbox 202 1615 219 1654; x_wconf 89' lang='lat' dir='ltr'>a</span> <span class='ocrx_word' id='word_1_190' title='bbox 243 1599 351 1654; x_wconf 87' lang='lat' dir='ltr'>traditis</span> <span class='ocrx_word' id='word_1_191' title='bbox 372 1599 423 1654; x_wconf 91' lang='lat' dir='ltr'>tibi</span> <span class='ocrx_word' id='word_1_192' title='bbox 445 1600 552 1672; x_wconf 90' lang='lat' dir='ltr'>regulis</span> <span class='ocrx_word' id='word_1_193' title='bbox 573 1602 603 1656; x_wconf 92' lang='lat' dir='ltr'>in</span> <span class='ocrx_word' id='word_1_194' title='bbox 626 1602 739 1657; x_wconf 90' lang='lat' dir='ltr'>modico</span> <span class='ocrx_word' id='word_1_195' title='bbox 758 1602 883 1658; x_wconf 82' lang='lat' dir='ltr'>deviasse</span> <span class='ocrx_word' id='word_1_196' title='bbox 933 1603 1011 1658; x_wconf 90' lang='lat' dir='ltr'>Vices</span> <span class='ocrx_word' id='word_1_197' title='bbox 1023 1604 1221 1658; x_wconf 87' lang='lat' dir='ltr'>animnostras</span> <span class='ocrx_word' id='word_1_198' title='bbox 1231 1603 1336 1658; x_wconf 81' lang='lat' dir='ltr'>itatuae</span> <span class='ocrx_word' id='word_1_199' title='bbox 1349 1601 1521 1657; x_wconf 89' lang='lat' dir='ltr'>credidimus</span> <span class='ocrx_word' id='word_1_200' title='bbox 1531 1600 1663 1656; x_wconf 88' lang='lat' dir='ltr'>charitati</span> <span class='ocrx_word' id='word_1_201' title='bbox 1678 1603 1710 1655; x_wconf 93' lang='lat' dir='ltr'>ut</span> <span class='ocrx_word' id='word_1_202' title='bbox 1723 1601 1752 1655; x_wconf 93' lang='lat' dir='ltr'>in</span> 
     </span>
     <span class='ocr_line' id='line_1_16' title="bbox 64 1693 1753 1770; baseline 0.001 -24"><span class='ocrx_word' id='word_1_203' title='bbox 64 1707 217 1763; x_wconf 87' lang='lat' dir='ltr'>cognosco.</span> <span class='ocrx_word' id='word_1_204' title='bbox 235 1693 289 1756; x_wconf 83' lang='lat' dir='ltr'>Qui</span> <span class='ocrx_word' id='word_1_205' title='bbox 311 1693 409 1748; x_wconf 79' lang='lat' dir='ltr'>sitne</span> <span class='ocrx_word' id='word_1_206' title='bbox 430 1694 626 1750; x_wconf 70' lang='lat' dir='ltr'>estimationis</span> <span class='ocrx_word' id='word_1_207' title='bbox 642 1712 744 1767; x_wconf 91' lang='lat' dir='ltr'>parum</span> <span class='ocrx_word' id='word_1_208' title='bbox 759 1695 883 1767; x_wconf 88' lang='lat' dir='ltr'>diligens</span> <span class='ocrx_word' id='word_1_209' title='bbox 933 1700 1044 1770; x_wconf 89' lang='lat' dir='ltr'>partem</span> <span class='ocrx_word' id='word_1_210' title='bbox 1059 1697 1096 1751; x_wconf 86' lang='lat' dir='ltr'>sis</span> <span class='ocrx_word' id='word_1_211' title='bbox 1116 1699 1232 1751; x_wconf 89' lang='lat' dir='ltr'>vocatus</span> <span class='ocrx_word' id='word_1_212' title='bbox 1246 1694 1456 1762; x_wconf 88' lang='lat' dir='ltr'>sollicitudinis,</span> <span class='ocrx_word' id='word_1_213' title='bbox 1471 1710 1529 1749; x_wconf 90' lang='lat' dir='ltr'>non</span> <span class='ocrx_word' id='word_1_214' title='bbox 1545 1694 1753 1766; x_wconf 88' lang='lat' dir='ltr'>plenitudinem</span> 
     </span>
     <span class='ocr_line' id='line_1_17' title="bbox 64 1775 1751 1862; baseline 0.002 -24"><span class='ocrx_word' id='word_1_215' title='bbox 64 1801 143 1854; x_wconf 87' lang='lat' dir='ltr'>eras,</span> <span class='ocrx_word' id='word_1_216' title='bbox 152 1801 226 1839; x_wconf 82' lang='lat' dir='ltr'>mere</span> <span class='ocrx_word' id='word_1_217' title='bbox 234 1785 426 1842; x_wconf 85' lang='lat' dir='ltr'>saltemiamae</span> <span class='ocrx_word' id='word_1_218' title='bbox 436 1804 552 1858; x_wconf 88' lang='lat' dir='ltr'>parcere</span> <span class='ocrx_word' id='word_1_219' title='bbox 563 1788 685 1844; x_wconf 89' lang='lat' dir='ltr'>debuisti</span> <span class='ocrx_word' id='word_1_220' title='bbox 698 1807 704 1844; x_wconf 92' lang='lat'><strong>:</strong></span> <span class='ocrx_word' id='word_1_221' title='bbox 716 1794 883 1861; x_wconf 81' lang='lat' dir='ltr'>nequaetuo</span> <span class='ocrx_word' id='word_1_222' title='bbox 893 1775 921 1847; x_wconf 87' lang='grc' dir='ltr'>Β</span> <span class='ocrx_word' id='word_1_223' title='bbox 932 1790 1088 1862; x_wconf 86' lang='lat' dir='ltr'>potestatis.</span> <span class='ocrx_word' id='word_1_224' title='bbox 1105 1790 1182 1845; x_wconf 85' lang='lat' dir='ltr'>Unde</span> <span class='ocrx_word' id='word_1_225' title='bbox 1201 1790 1273 1845; x_wconf 86' lang='lat' dir='ltr'>sicut</span> <span class='ocrx_word' id='word_1_226' title='bbox 1287 1790 1412 1844; x_wconf 91' lang='lat' dir='ltr'>multum</span> <span class='ocrx_word' id='word_1_227' title='bbox 1426 1805 1480 1843; x_wconf 90' lang='lat' dir='ltr'>nos</span> <span class='ocrx_word' id='word_1_228' title='bbox 1494 1805 1529 1842; x_wconf 90' lang='lat' dir='ltr'>ea</span> <span class='ocrx_word' id='word_1_229' title='bbox 1543 1804 1612 1859; x_wconf 86' lang='lat' dir='ltr'>quae</span> <span class='ocrx_word' id='word_1_230' title='bbox 1627 1805 1644 1842; x_wconf 91' lang='lat' dir='ltr'>a</span> <span class='ocrx_word' id='word_1_231' title='bbox 1663 1791 1690 1841; x_wconf 91' lang='lat' dir='ltr'>te</span> <span class='ocrx_word' id='word_1_232' title='bbox 1706 1789 1751 1859; x_wconf 91' lang='lat' dir='ltr'>pie</span> 
     </span>
     <span class='ocr_line' id='line_1_18' title="bbox 62 1879 1752 1954; baseline 0.001 -21"><span class='ocrx_word' id='word_1_233' title='bbox 62 1879 432 1935; x_wconf 84' lang='lat' dir='ltr'>tantumlactasuntanimo</span> <span class='ocrx_word' id='word_1_234' title='bbox 443 1881 802 1954; x_wconf 88' lang='lat' dir='ltr'>nostroviderentnrgesta</span> <span class='ocrx_word' id='word_1_235' title='bbox 808 1882 883 1954; x_wconf 89' lang='lat' dir='ltr'>judi·</span> <span class='ocrx_word' id='word_1_236' title='bbox 933 1889 999 1940; x_wconf 90' lang='lat' dir='ltr'>sunt</span> <span class='ocrx_word' id='word_1_237' title='bbox 1012 1888 1109 1938; x_wconf 88' lang='lat' dir='ltr'>curata</span> <span class='ocrx_word' id='word_1_238' title='bbox 1122 1882 1254 1954; x_wconf 80' lang='lat' dir='ltr'>letificat,</span> <span class='ocrx_word' id='word_1_239' title='bbox 1273 1885 1313 1938; x_wconf 90' lang='lat' dir='ltr'>ita</span> <span class='ocrx_word' id='word_1_240' title='bbox 1329 1883 1451 1937; x_wconf 91' lang='lat' dir='ltr'>nimium</span> <span class='ocrx_word' id='word_1_241' title='bbox 1462 1898 1496 1937; x_wconf 88' lang='lat' dir='ltr'>ea</span> <span class='ocrx_word' id='word_1_242' title='bbox 1520 1897 1585 1953; x_wconf 86' lang='lat' dir='ltr'>quas</span> <span class='ocrx_word' id='word_1_243' title='bbox 1598 1897 1752 1952; x_wconf 89' lang='lat' dir='ltr'>perperam</span> 
     </span>
     <span class='ocr_line' id='line_1_19' title="bbox 64 1971 1751 2049; baseline 0.001 -23"><span class='ocrx_word' id='word_1_244' title='bbox 64 1972 120 2026; x_wconf 91' lang='lat' dir='ltr'>cio.</span> <span class='ocrx_word' id='word_1_245' title='bbox 136 1971 256 2043; x_wconf 81' lang='lat' dir='ltr'>Relegat</span> <span class='ocrx_word' id='word_1_246' title='bbox 268 1973 429 2029; x_wconf 82' lang='lat' dir='ltr'>fraternitas</span> <span class='ocrx_word' id='word_1_247' title='bbox 443 1980 491 2030; x_wconf 91' lang='lat' dir='ltr'>tua</span> <span class='ocrx_word' id='word_1_248' title='bbox 504 1975 624 2046; x_wconf 87' lang='lat' dir='ltr'>paginas</span> <span class='ocrx_word' id='word_1_249' title='bbox 638 1981 757 2046; x_wconf 91' lang='lat' dir='ltr'>nostras,</span> <span class='ocrx_word' id='word_1_250' title='bbox 772 1977 883 2031; x_wconf 91' lang='lat' dir='ltr'>omnia·</span> <span class='ocrx_word' id='word_1_251' title='bbox 934 1982 1001 2033; x_wconf 91' lang='lat' dir='ltr'>sunt</span> <span class='ocrx_word' id='word_1_252' title='bbox 1012 1981 1091 2049; x_wconf 88' lang='lat' dir='ltr'>gesta</span> <span class='ocrx_word' id='word_1_253' title='bbox 1105 1976 1282 2032; x_wconf 89' lang='lat' dir='ltr'>contristant.</span> <span class='ocrx_word' id='word_1_254' title='bbox 1313 1979 1347 2031; x_wconf 88' lang='lat' dir='ltr'>Et</span> <span class='ocrx_word' id='word_1_255' title='bbox 1365 1993 1479 2032; x_wconf 88' lang='lat' dir='ltr'>necesse</span> <span class='ocrx_word' id='word_1_256' title='bbox 1498 1979 1540 2030; x_wconf 90' lang='lat' dir='ltr'>est</span> <span class='ocrx_word' id='word_1_257' title='bbox 1557 1980 1622 2047; x_wconf 88' lang='lat' dir='ltr'>p&#39;ost</span> <span class='ocrx_word' id='word_1_258' title='bbox 1650 1975 1751 2029; x_wconf 86' lang='lat' dir='ltr'>multa·</span> 
     </span>
     <span class='ocr_line' id='line_1_20' title="bbox 64 2065 1755 2143; baseline 0.002 -23"><span class='ocrx_word' id='word_1_259' title='bbox 64 2081 123 2138; x_wconf 89' lang='lat' dir='ltr'>que</span> <span class='ocrx_word' id='word_1_260' title='bbox 131 2065 169 2121; x_wconf 90' lang='lat' dir='ltr'>ad</span> <span class='ocrx_word' id='word_1_261' title='bbox 178 2068 240 2121; x_wconf 93' lang='lat' dir='ltr'>tuos</span> <span class='ocrx_word' id='word_1_262' title='bbox 249 2066 335 2122; x_wconf 91' lang='lat' dir='ltr'>missa</span> <span class='ocrx_word' id='word_1_263' title='bbox 348 2068 472 2139; x_wconf 88' lang='lat' dir='ltr'>majores</span> <span class='ocrx_word' id='word_1_264' title='bbox 486 2070 649 2141; x_wconf 78' lang='lat' dir='ltr'>apostolicas</span> <span class='ocrx_word' id='word_1_265' title='bbox 660 2069 740 2125; x_wconf 81' lang='lat' dir='ltr'>Sedis</span> <span class='ocrx_word' id='word_1_266' title='bbox 750 2071 885 2141; x_wconf 74' lang='lat' dir='ltr'>praesules</span> <span class='ocrx_word' id='word_1_267' title='bbox 934 2089 998 2127; x_wconf 90' lang='lat' dir='ltr'>rum</span> <span class='ocrx_word' id='word_1_268' title='bbox 1007 2072 1203 2143; x_wconf 85' lang='lat' dir='ltr'>experimenta</span> <span class='ocrx_word' id='word_1_269' title='bbox 1213 2087 1363 2126; x_wconf 87' lang='lat' dir='ltr'>causarum</span> <span class='ocrx_word' id='word_1_270' title='bbox 1381 2070 1525 2125; x_wconf 90' lang='lat' dir='ltr'>sollicitius</span> <span class='ocrx_word' id='word_1_271' title='bbox 1534 2069 1658 2142; x_wconf 87' lang='lat' dir='ltr'>prospici</span> <span class='ocrx_word' id='word_1_272' title='bbox 1674 2074 1703 2124; x_wconf 90' lang='lat' dir='ltr'>et</span> <span class='ocrx_word' id='word_1_273' title='bbox 1714 2069 1755 2124; x_wconf 89' lang='lat' dir='ltr'>di·</span> 
     </span>
     <span class='ocr_line' id='line_1_21' title="bbox 63 2159 1754 2237; baseline 0.001 -22"><span class='ocrx_word' id='word_1_274' title='bbox 63 2159 174 2231; x_wconf 83' lang='lat' dir='ltr'>scripta</span> <span class='ocrx_word' id='word_1_275' title='bbox 198 2159 341 2231; x_wconf 91' lang='lat' dir='ltr'>decurrat,</span> <span class='ocrx_word' id='word_1_276' title='bbox 364 2165 391 2216; x_wconf 89' lang='lat' dir='ltr'>ct</span> <span class='ocrx_word' id='word_1_277' title='bbox 414 2163 457 2217; x_wconf 91' lang='lat' dir='ltr'>vel</span> <span class='ocrx_word' id='word_1_278' title='bbox 479 2179 495 2217; x_wconf 89' lang='lat' dir='ltr'>a</span> <span class='ocrx_word' id='word_1_279' title='bbox 516 2179 561 2218; x_wconf 89' lang='lat' dir='ltr'>me</span> <span class='ocrx_word' id='word_1_280' title='bbox 577 2163 620 2218; x_wconf 88' lang='lat' dir='ltr'>vel</span> <span class='ocrx_word' id='word_1_281' title='bbox 635 2181 652 2217; x_wconf 91' lang='lat' dir='ltr'>a</span> <span class='ocrx_word' id='word_1_282' title='bbox 665 2163 885 2235; x_wconf 69' lang='lat' dir='ltr'>precessoribus</span> <span class='ocrx_word' id='word_1_283' title='bbox 933 2164 1068 2237; x_wconf 90' lang='lat' dir='ltr'>ligentius</span> <span class='ocrx_word' id='word_1_284' title='bbox 1078 2165 1240 2237; x_wconf 76' lang='lat' dir='ltr'>precaveri,</span> <span class='ocrx_word' id='word_1_285' title='bbox 1250 2170 1392 2237; x_wconf 89' lang='lat' dir='ltr'>quatenus</span> <span class='ocrx_word' id='word_1_286' title='bbox 1402 2164 1593 2236; x_wconf 88' lang='lat' dir='ltr'>perspiritum</span> <span class='ocrx_word' id='word_1_287' title='bbox 1607 2163 1754 2219; x_wconf 90' lang='lat' dir='ltr'>charitatis</span> 
     </span>
     <span class='ocr_line' id='line_1_22' title="bbox 64 2253 1752 2331; baseline 0.002 -24"><span class='ocrx_word' id='word_1_288' title='bbox 64 2253 140 2308; x_wconf 89' lang='lat' dir='ltr'>meis</span> <span class='ocrx_word' id='word_1_289' title='bbox 165 2253 290 2310; x_wconf 88' lang='lat' dir='ltr'>inveniat</span> <span class='ocrx_word' id='word_1_290' title='bbox 309 2254 474 2311; x_wconf 91' lang='lat' dir='ltr'>ordinatum</span> <span class='ocrx_word' id='word_1_291' title='bbox 499 2257 576 2328; x_wconf 91' lang='lat' dir='ltr'>quod</span> <span class='ocrx_word' id='word_1_292' title='bbox 596 2275 613 2312; x_wconf 88' lang='lat' dir='ltr'>a</span> <span class='ocrx_word' id='word_1_293' title='bbox 631 2263 660 2313; x_wconf 89' lang='lat' dir='ltr'>te</span> <span class='ocrx_word' id='word_1_294' title='bbox 680 2258 801 2328; x_wconf 80' lang='lat' dir='ltr'>cognovi</span> <span class='ocrx_word' id='word_1_295' title='bbox 825 2274 885 2314; x_wconf 89' lang='lat' dir='ltr'>esse</span> <span class='ocrx_word' id='word_1_296' title='bbox 935 2266 964 2315; x_wconf 90' lang='lat' dir='ltr'>et</span> <span class='ocrx_word' id='word_1_297' title='bbox 977 2260 1054 2331; x_wconf 90' lang='lat' dir='ltr'>pacis</span> <span class='ocrx_word' id='word_1_298' title='bbox 1067 2260 1159 2314; x_wconf 92' lang='lat' dir='ltr'>omnis</span> <span class='ocrx_word' id='word_1_299' title='bbox 1173 2259 1292 2314; x_wconf 88' lang='lat' dir='ltr'>materia</span> <span class='ocrx_word' id='word_1_300' title='bbox 1303 2258 1503 2314; x_wconf 82' lang='lat' dir='ltr'>scandalorum</span> <span class='ocrx_word' id='word_1_301' title='bbox 1517 2257 1552 2312; x_wconf 92' lang='lat' dir='ltr'>de</span> <span class='ocrx_word' id='word_1_302' title='bbox 1566 2257 1752 2313; x_wconf 86' lang='lat' dir='ltr'>ecclesiisllo-</span> 
     </span>
     <span class='ocr_line' id='line_1_23' title="bbox 64 2349 1752 2426; baseline 0.002 -25"><span class='ocrx_word' id='word_1_303' title='bbox 64 2352 286 2420; x_wconf 89' lang='lat' dir='ltr'>praesumptum.</span> <span class='ocrx_word' id='word_1_304' title='bbox 307 2349 390 2404; x_wconf 88' lang='lat' dir='ltr'>Venit</span> <span class='ocrx_word' id='word_1_305' title='bbox 408 2366 532 2422; x_wconf 89' lang='lat' dir='ltr'>namque</span> <span class='ocrx_word' id='word_1_306' title='bbox 547 2351 584 2405; x_wconf 91' lang='lat' dir='ltr'>ad</span> <span class='ocrx_word' id='word_1_307' title='bbox 598 2368 651 2407; x_wconf 91' lang='lat' dir='ltr'>nos</span> <span class='ocrx_word' id='word_1_308' title='bbox 665 2368 730 2406; x_wconf 92' lang='lat' dir='ltr'>cum</span> <span class='ocrx_word' id='word_1_309' title='bbox 745 2351 885 2424; x_wconf 89' lang='lat' dir='ltr'>episcopis</span> <span class='ocrx_word' id='word_1_310' title='bbox 935 2352 1007 2408; x_wconf 92' lang='lat' dir='ltr'>mini</span> <span class='ocrx_word' id='word_1_311' title='bbox 1017 2354 1096 2426; x_wconf 91' lang='lat' dir='ltr'>(quas</span> <span class='ocrx_word' id='word_1_312' title='bbox 1104 2352 1439 2421; x_wconf 85' lang='lat' dir='ltr'>tibicommendnvimus)</span> <span class='ocrx_word' id='word_1_313' title='bbox 1452 2352 1608 2420; x_wconf 81' lang='lat' dir='ltr'>auferatur,</span> <span class='ocrx_word' id='word_1_314' title='bbox 1618 2351 1752 2422; x_wconf 74' lang='lat' dir='ltr'>praeemi-</span> 
     </span>
     <span class='ocr_line' id='line_1_24' title="bbox 66 2441 1753 2518; baseline 0.003 -23"><span class='ocrx_word' id='word_1_315' title='bbox 66 2441 222 2513; x_wconf 83' lang='lat' dir='ltr'>provinciae</span> <span class='ocrx_word' id='word_1_316' title='bbox 244 2459 303 2498; x_wconf 81' lang='lat' dir='ltr'>sure</span> <span class='ocrx_word' id='word_1_317' title='bbox 323 2443 411 2500; x_wconf 86' lang='lat' dir='ltr'>frater</span> <span class='ocrx_word' id='word_1_318' title='bbox 432 2450 528 2500; x_wconf 90' lang='lat' dir='ltr'>noster</span> <span class='ocrx_word' id='word_1_319' title='bbox 547 2445 656 2500; x_wconf 82' lang='lat' dir='ltr'>Atticus</span> <span class='ocrx_word' id='word_1_320' title='bbox 672 2445 775 2502; x_wconf 89' lang='lat' dir='ltr'>veteris</span> <span class='ocrx_word' id='word_1_321' title='bbox 788 2446 886 2518; x_wconf 88' lang='lat' dir='ltr'>Ephiri</span> <span class='ocrx_word' id='word_1_322' title='bbox 935 2451 1021 2502; x_wconf 90' lang='lat' dir='ltr'>nentc</span> <span class='ocrx_word' id='word_1_323' title='bbox 1037 2448 1153 2518; x_wconf 90' lang='lat' dir='ltr'>quidem</span> <span class='ocrx_word' id='word_1_324' title='bbox 1165 2447 1194 2501; x_wconf 90' lang='lat' dir='ltr'>in</span> <span class='ocrx_word' id='word_1_325' title='bbox 1212 2447 1266 2501; x_wconf 92' lang='lat' dir='ltr'>illis</span> <span class='ocrx_word' id='word_1_326' title='bbox 1281 2446 1435 2518; x_wconf 90' lang='lat' dir='ltr'>provinciis</span> <span class='ocrx_word' id='word_1_327' title='bbox 1452 2446 1632 2517; x_wconf 88' lang='lat' dir='ltr'>episcopatus</span> <span class='ocrx_word' id='word_1_328' title='bbox 1647 2444 1753 2500; x_wconf 87' lang='lat' dir='ltr'>tuilss-</span> 
     </span>
     <span class='ocr_line' id='line_1_25' title="bbox 64 2536 1754 2612; baseline 0.002 -23"><span class='ocrx_word' id='word_1_329' title='bbox 64 2536 306 2607; x_wconf 88' lang='lat' dir='ltr'>metropolitanus</span> <span class='ocrx_word' id='word_1_330' title='bbox 331 2538 459 2606; x_wconf 90' lang='lat' dir='ltr'>antistes,</span> <span class='ocrx_word' id='word_1_331' title='bbox 482 2544 510 2594; x_wconf 90' lang='lat' dir='ltr'>et</span> <span class='ocrx_word' id='word_1_332' title='bbox 532 2538 567 2595; x_wconf 91' lang='lat' dir='ltr'>de</span> <span class='ocrx_word' id='word_1_333' title='bbox 585 2539 783 2611; x_wconf 87' lang='lat' dir='ltr'>indignissima</span> <span class='ocrx_word' id='word_1_334' title='bbox 807 2541 886 2595; x_wconf 90' lang='lat' dir='ltr'>astri·</span> <span class='ocrx_word' id='word_1_335' title='bbox 936 2541 1016 2612; x_wconf 82' lang='lat' dir='ltr'>ligio,</span> <span class='ocrx_word' id='word_1_336' title='bbox 1031 2542 1079 2597; x_wconf 93' lang='lat' dir='ltr'>sed</span> <span class='ocrx_word' id='word_1_337' title='bbox 1094 2544 1243 2612; x_wconf 89' lang='lat' dir='ltr'>amputato</span> <span class='ocrx_word' id='word_1_338' title='bbox 1258 2541 1343 2596; x_wconf 90' lang='lat' dir='ltr'>totius</span> <span class='ocrx_word' id='word_1_339' title='bbox 1354 2539 1546 2611; x_wconf 88' lang='lat' dir='ltr'>usurpationis</span> <span class='ocrx_word' id='word_1_340' title='bbox 1556 2555 1681 2595; x_wconf 83' lang='lat' dir='ltr'>excessu.</span> <span class='ocrx_word' id='word_1_341' title='bbox 1699 2539 1754 2608; x_wconf 91' lang='lat' dir='ltr'>lgi-</span> 
     </span>
     <span class='ocr_line' id='line_1_26' title="bbox 65 2629 1752 2707; baseline 0.003 -24"><span class='ocrx_word' id='word_1_342' title='bbox 65 2629 161 2685; x_wconf 89' lang='lat' dir='ltr'>ctione</span> <span class='ocrx_word' id='word_1_343' title='bbox 174 2646 260 2702; x_wconf 91' lang='lat' dir='ltr'>quam</span> <span class='ocrx_word' id='word_1_344' title='bbox 274 2632 391 2702; x_wconf 87' lang='lat' dir='ltr'>pertulit</span> <span class='ocrx_word' id='word_1_345' title='bbox 402 2632 579 2704; x_wconf 77' lang='lat' dir='ltr'>lacrymabili</span> <span class='ocrx_word' id='word_1_346' title='bbox 592 2635 701 2689; x_wconf 90' lang='lat' dir='ltr'>actione</span> <span class='ocrx_word' id='word_1_347' title='bbox 716 2638 887 2707; x_wconf 89' lang='lat' dir='ltr'>conquestus</span> <span class='ocrx_word' id='word_1_348' title='bbox 936 2639 983 2690; x_wconf 90' lang='lat' dir='ltr'>tur</span> <span class='ocrx_word' id='word_1_349' title='bbox 996 2635 1152 2692; x_wconf 91' lang='lat' dir='ltr'>secundum</span> <span class='ocrx_word' id='word_1_350' title='bbox 1172 2640 1338 2691; x_wconf 90' lang='lat' dir='ltr'>sanctorum</span> <span class='ocrx_word' id='word_1_351' title='bbox 1352 2636 1468 2690; x_wconf 90' lang='lat' dir='ltr'>Patrum</span> <span class='ocrx_word' id='word_1_352' title='bbox 1485 2649 1608 2688; x_wconf 89' lang='lat' dir='ltr'>canones</span> <span class='ocrx_word' id='word_1_353' title='bbox 1620 2633 1752 2704; x_wconf 86' lang='lat' dir='ltr'>spiritum</span> 
     </span>
     <span class='ocr_line' id='line_1_27' title="bbox 68 2725 1753 2800; baseline 0.002 -23"><span class='ocrx_word' id='word_1_354' title='bbox 68 2727 112 2777; x_wconf 90' lang='lat' dir='ltr'>est</span> <span class='ocrx_word' id='word_1_355' title='bbox 129 2740 228 2778; x_wconf 90' lang='lat' dir='ltr'>coram</span> <span class='ocrx_word' id='word_1_356' title='bbox 249 2725 406 2780; x_wconf 87' lang='lat' dir='ltr'>astantibus</span> <span class='ocrx_word' id='word_1_357' title='bbox 428 2726 591 2783; x_wconf 88' lang='lat' dir='ltr'>diaconibus</span> <span class='ocrx_word' id='word_1_358' title='bbox 611 2728 676 2796; x_wconf 90' lang='lat' dir='ltr'>tuis,</span> <span class='ocrx_word' id='word_1_359' title='bbox 691 2727 741 2800; x_wconf 93' lang='lat' dir='ltr'>qui</span> <span class='ocrx_word' id='word_1_360' title='bbox 762 2729 886 2799; x_wconf 88' lang='lat' dir='ltr'>querelis</span> <span class='ocrx_word' id='word_1_361' title='bbox 936 2729 987 2783; x_wconf 86' lang='lat' dir='ltr'>Dei</span> <span class='ocrx_word' id='word_1_362' title='bbox 1000 2729 1127 2784; x_wconf 89' lang='lat' dir='ltr'>conditos</span> <span class='ocrx_word' id='word_1_363' title='bbox 1141 2732 1170 2784; x_wconf 92' lang='lat' dir='ltr'>et</span> <span class='ocrx_word' id='word_1_364' title='bbox 1179 2729 1266 2785; x_wconf 90' lang='lat' dir='ltr'>totius</span> <span class='ocrx_word' id='word_1_365' title='bbox 1280 2727 1381 2783; x_wconf 92' lang='lat' dir='ltr'>mundi</span> <span class='ocrx_word' id='word_1_366' title='bbox 1394 2728 1555 2782; x_wconf 87' lang='lat' dir='ltr'>reverentia</span> <span class='ocrx_word' id='word_1_367' title='bbox 1565 2731 1753 2793; x_wconf 88' lang='lat' dir='ltr'>consecratos,</span> 
     </span>
     <span class='ocr_line' id='line_1_28' title="bbox 67 2818 1753 2894; baseline 0.002 -23"><span class='ocrx_word' id='word_1_368' title='bbox 67 2818 213 2873; x_wconf 89' lang='lat' dir='ltr'>tlebilihus</span> <span class='ocrx_word' id='word_1_369' title='bbox 223 2818 294 2874; x_wconf 92' lang='lat' dir='ltr'>nihil</span> <span class='ocrx_word' id='word_1_370' title='bbox 305 2824 404 2874; x_wconf 89' lang='lat' dir='ltr'>contra</span> <span class='ocrx_word' id='word_1_371' title='bbox 417 2821 570 2875; x_wconf 81' lang='lat' dir='ltr'>referendo</span> <span class='ocrx_word' id='word_1_372' title='bbox 584 2838 619 2876; x_wconf 88' lang='lat' dir='ltr'>ea</span> <span class='ocrx_word' id='word_1_373' title='bbox 632 2838 697 2893; x_wconf 84' lang='lat' dir='ltr'>quae</span> <span class='ocrx_word' id='word_1_374' title='bbox 714 2822 794 2878; x_wconf 91' lang='lat' dir='ltr'>nobis</span> <span class='ocrx_word' id='word_1_375' title='bbox 807 2823 886 2893; x_wconf 87' lang='lat' dir='ltr'>inge·</span> <span class='ocrx_word' id='word_1_376' title='bbox 937 2823 1171 2894; x_wconf 87' lang='lat' dir='ltr'>metropolitanos</span> <span class='ocrx_word' id='word_1_377' title='bbox 1182 2822 1359 2894; x_wconf 90' lang='lat' dir='ltr'>singularum</span> <span class='ocrx_word' id='word_1_378' title='bbox 1371 2821 1585 2893; x_wconf 89' lang='lat' dir='ltr'>provinciarum</span> <span class='ocrx_word' id='word_1_379' title='bbox 1596 2821 1753 2892; x_wconf 88' lang='lat' dir='ltr'>episcopos,</span> 
     </span>
     <span class='ocr_line' id='line_1_29' title="bbox 68 2911 1756 2988; baseline 0.003 -23"><span class='ocrx_word' id='word_1_380' title='bbox 68 2911 209 2966; x_wconf 87' lang='lat' dir='ltr'>rebantur</span> <span class='ocrx_word' id='word_1_381' title='bbox 230 2911 285 2967; x_wconf 91' lang='lat' dir='ltr'>lide</span> <span class='ocrx_word' id='word_1_382' title='bbox 309 2929 367 2968; x_wconf 94' lang='lat' dir='ltr'>non</span> <span class='ocrx_word' id='word_1_383' title='bbox 391 2930 488 2970; x_wconf 88' lang='lat' dir='ltr'>carere</span> <span class='ocrx_word' id='word_1_384' title='bbox 503 2915 710 2970; x_wconf 88' lang='lat' dir='ltr'>monstrabant.</span> <span class='ocrx_word' id='word_1_385' title='bbox 728 2916 887 2987; x_wconf 80' lang='lat' dir='ltr'>legebatur</span> <span class='ocrx_word' id='word_1_386' title='bbox 936 2917 1040 2988; x_wconf 88' lang='lat' dir='ltr'>quibus</span> <span class='ocrx_word' id='word_1_387' title='bbox 1049 2933 1084 2971; x_wconf 85' lang='lat' dir='ltr'>ex</span> <span class='ocrx_word' id='word_1_388' title='bbox 1094 2916 1274 2987; x_wconf 90' lang='lat' dir='ltr'>delegatione</span> <span class='ocrx_word' id='word_1_389' title='bbox 1286 2913 1756 2988; x_wconf 85' lang='lat' dir='ltr'>212nostrniraternitatiscura</span> 
     </span>
     <span class='ocr_line' id='line_1_30' title="bbox 67 3005 1758 3081; baseline 0.003 -23"><span class='ocrx_word' id='word_1_390' title='bbox 67 3021 186 3077; x_wconf 87' lang='lat' dir='ltr'>quoquc</span> <span class='ocrx_word' id='word_1_391' title='bbox 202 3005 233 3060; x_wconf 93' lang='lat' dir='ltr'>in</span> <span class='ocrx_word' id='word_1_392' title='bbox 246 3006 348 3060; x_wconf 91' lang='lat' dir='ltr'>litteris</span> <span class='ocrx_word' id='word_1_393' title='bbox 362 3008 428 3075; x_wconf 88' lang='lat' dir='ltr'>tuis,</span> <span class='ocrx_word' id='word_1_394' title='bbox 442 3025 512 3080; x_wconf 90' lang='lat' dir='ltr'>quas</span> <span class='ocrx_word' id='word_1_395' title='bbox 527 3009 604 3063; x_wconf 90' lang='lat' dir='ltr'>idem</span> <span class='ocrx_word' id='word_1_396' title='bbox 621 3008 734 3064; x_wconf 89' lang='lat' dir='ltr'>diaconi</span> <span class='ocrx_word' id='word_1_397' title='bbox 747 3009 885 3077; x_wconf 87' lang='lat' dir='ltr'>detulere,</span> <span class='ocrx_word' id='word_1_398' title='bbox 936 3009 1132 3081; x_wconf 80' lang='lat' dir='ltr'>pretenditur,</span> <span class='ocrx_word' id='word_1_399' title='bbox 1151 3010 1199 3080; x_wconf 84' lang='lat' dir='ltr'>jus</span> <span class='ocrx_word' id='word_1_400' title='bbox 1221 3010 1333 3065; x_wconf 76' lang='lat' dir='ltr'>traditas</span> <span class='ocrx_word' id='word_1_401' title='bbox 1356 3009 1409 3064; x_wconf 91' lang='lat' dir='ltr'>sibi</span> <span class='ocrx_word' id='word_1_402' title='bbox 1425 3009 1583 3081; x_wconf 90' lang='lat' dir='ltr'>antiquitus</span> <span class='ocrx_word' id='word_1_403' title='bbox 1609 3009 1758 3081; x_wconf 86' lang='lat' dir='ltr'>dignitatis</span> 
     </span>
     <span class='ocr_line' id='line_1_31' title="bbox 68 3099 1757 3175; baseline 0.002 -22"><span class='ocrx_word' id='word_1_404' title='bbox 68 3100 145 3171; x_wconf 87' lang='lat' dir='ltr'>quod</span> <span class='ocrx_word' id='word_1_405' title='bbox 158 3099 248 3154; x_wconf 85' lang='lat' dir='ltr'>frater</span> <span class='ocrx_word' id='word_1_406' title='bbox 257 3100 364 3155; x_wconf 79' lang='lat' dir='ltr'>Atticus</span> <span class='ocrx_word' id='word_1_407' title='bbox 377 3102 604 3158; x_wconf 83' lang='lat' dir='ltr'>Thessalonicam</span> <span class='ocrx_word' id='word_1_408' title='bbox 612 3103 742 3173; x_wconf 89' lang='lat' dir='ltr'>venisset,</span> <span class='ocrx_word' id='word_1_409' title='bbox 753 3103 887 3175; x_wconf 90' lang='lat' dir='ltr'>quodque</span> <span class='ocrx_word' id='word_1_410' title='bbox 937 3103 1140 3158; x_wconf 89' lang='lat' dir='ltr'>intemeratum</span> <span class='ocrx_word' id='word_1_411' title='bbox 1161 3103 1265 3158; x_wconf 87' lang='lat' dir='ltr'>habere</span> <span class='ocrx_word' id='word_1_412' title='bbox 1290 3103 1481 3171; x_wconf 89' lang='lat' dir='ltr'>decernimus,</span> <span class='ocrx_word' id='word_1_413' title='bbox 1504 3104 1543 3158; x_wconf 90' lang='lat' dir='ltr'>ita</span> <span class='ocrx_word' id='word_1_414' title='bbox 1559 3108 1592 3158; x_wconf 90' lang='lat' dir='ltr'>ut</span> <span class='ocrx_word' id='word_1_415' title='bbox 1614 3120 1631 3158; x_wconf 90' lang='lat' dir='ltr'>a</span> <span class='ocrx_word' id='word_1_416' title='bbox 1650 3102 1757 3173; x_wconf 84' lang='lat' dir='ltr'>regulis</span> 
     </span>
     <span class='ocr_line' id='line_1_32' title="bbox 68 3152 1756 3269; baseline 0.002 -23"><span class='ocrx_word' id='word_1_417' title='bbox 68 3209 333 3250; x_wconf 88' lang='lat' dir='ltr'>consensumsuum</span> <span class='ocrx_word' id='word_1_418' title='bbox 341 3196 430 3250; x_wconf 87' lang='lat' dir='ltr'>etiam</span> <span class='ocrx_word' id='word_1_419' title='bbox 438 3196 584 3267; x_wconf 75' lang='lat' dir='ltr'>scripturas</span> <span class='ocrx_word' id='word_1_420' title='bbox 592 3197 766 3268; x_wconf 81' lang='lat' dir='ltr'>professione</span> <span class='ocrx_word' id='word_1_421' title='bbox 776 3197 884 3268; x_wconf 90' lang='lat' dir='ltr'>signas·</span> <span class='ocrx_word' id='word_1_422' title='bbox 897 3152 925 3227; x_wconf 75' lang='lat' dir='ltr'>C</span> <span class='ocrx_word' id='word_1_423' title='bbox 937 3198 1103 3269; x_wconf 78' lang='lat' dir='ltr'>praestitutis</span> <span class='ocrx_word' id='word_1_424' title='bbox 1115 3196 1194 3251; x_wconf 89' lang='lat' dir='ltr'>nulla</span> <span class='ocrx_word' id='word_1_425' title='bbox 1204 3203 1252 3252; x_wconf 89' lang='lat' dir='ltr'>aut</span> <span class='ocrx_word' id='word_1_426' title='bbox 1268 3197 1455 3269; x_wconf 89' lang='lat' dir='ltr'>negligentia,</span> <span class='ocrx_word' id='word_1_427' title='bbox 1468 3202 1516 3252; x_wconf 90' lang='lat' dir='ltr'>aut</span> <span class='ocrx_word' id='word_1_428' title='bbox 1531 3196 1756 3269; x_wconf 69' lang='lat' dir='ltr'>praesumptione</span> 
     </span>
     <span class='ocr_line' id='line_1_33' title="bbox 68 3286 1092 3363; baseline 0.005 -23"><span class='ocrx_word' id='word_1_429' title='bbox 68 3290 122 3355; x_wconf 89' lang='lat' dir='ltr'>set,</span> <span class='ocrx_word' id='word_1_430' title='bbox 140 3292 172 3342; x_wconf 92' lang='lat' dir='ltr'>ut</span> <span class='ocrx_word' id='word_1_431' title='bbox 182 3286 217 3342; x_wconf 89' lang='lat' dir='ltr'>dc</span> <span class='ocrx_word' id='word_1_432' title='bbox 228 3288 275 3343; x_wconf 89' lang='lat' dir='ltr'>illo</span> <span class='ocrx_word' id='word_1_433' title='bbox 288 3304 346 3344; x_wconf 92' lang='lat' dir='ltr'>non</span> <span class='ocrx_word' id='word_1_434' title='bbox 356 3288 434 3344; x_wconf 92' lang='lat' dir='ltr'>aliud</span> <span class='ocrx_word' id='word_1_435' title='bbox 444 3307 461 3344; x_wconf 91' lang='lat' dir='ltr'>a</span> <span class='ocrx_word' id='word_1_436' title='bbox 473 3290 553 3346; x_wconf 92' lang='lat' dir='ltr'>nohis</span> <span class='ocrx_word' id='word_1_437' title='bbox 565 3290 683 3363; x_wconf 87' lang='lat' dir='ltr'>intelligi</span> <span class='ocrx_word' id='word_1_438' title='bbox 696 3295 791 3363; x_wconf 87' lang='lat' dir='ltr'>posset</span> <span class='ocrx_word' id='word_1_439' title='bbox 799 3307 886 3363; x_wconf 89' lang='lat' dir='ltr'>quam</span> <span class='ocrx_word' id='word_1_440' title='bbox 937 3291 1092 3346; x_wconf 91' lang='lat' dir='ltr'>discedant.</span> 
     </span>
    </p>

    <p class='ocr_par' dir='ltr' id='par_1_3' title="bbox 68 3381 1764 5245">
     <span class='ocr_line' id='line_1_34' title="bbox 68 3381 1757 3457; baseline 0.001 -22"><span class='ocrx_word' id='word_1_441' title='bbox 68 3381 180 3452; x_wconf 88' lang='lat' dir='ltr'>proprii</span> <span class='ocrx_word' id='word_1_442' title='bbox 194 3381 304 3437; x_wconf 88' lang='lat' dir='ltr'>arbitrii</span> <span class='ocrx_word' id='word_1_443' title='bbox 316 3386 516 3455; x_wconf 86' lang='lat' dir='ltr'>etspontaneae</span> <span class='ocrx_word' id='word_1_444' title='bbox 529 3386 687 3441; x_wconf 90' lang='lat' dir='ltr'>devotionis</span> <span class='ocrx_word' id='word_1_445' title='bbox 698 3385 798 3441; x_wconf 88' lang='lat' dir='ltr'>iuissso</span> <span class='ocrx_word' id='word_1_446' title='bbox 808 3386 886 3457; x_wconf 92' lang='lat' dir='ltr'>quod</span> <span class='ocrx_word' id='word_1_447' title='bbox 974 3386 1002 3439; x_wconf 95' lang='lat' dir='ltr'>ln</span> <span class='ocrx_word' id='word_1_448' title='bbox 1014 3385 1181 3451; x_wconf 88' lang='lat' dir='ltr'>civitatibus,</span> <span class='ocrx_word' id='word_1_449' title='bbox 1192 3400 1313 3456; x_wconf 90' lang='lat' dir='ltr'>quarum</span> <span class='ocrx_word' id='word_1_450' title='bbox 1327 3389 1449 3438; x_wconf 88' lang='lat' dir='ltr'>rectores</span> <span class='ocrx_word' id='word_1_451' title='bbox 1462 3383 1595 3451; x_wconf 87' lang='lat' dir='ltr'>obierint,</span> <span class='ocrx_word' id='word_1_452' title='bbox 1609 3383 1644 3437; x_wconf 93' lang='lat' dir='ltr'>de</span> <span class='ocrx_word' id='word_1_453' title='bbox 1657 3382 1757 3439; x_wconf 88' lang='lat' dir='ltr'>substi-</span> 
     </span>
     <span class='ocr_line' id='line_1_35' title="bbox 68 3475 1758 3551; baseline 0.002 -23"><span class='ocrx_word' id='word_1_454' title='bbox 68 3479 194 3544; x_wconf 81' lang='lat' dir='ltr'>venerat,</span> <span class='ocrx_word' id='word_1_455' title='bbox 210 3491 324 3548; x_wconf 89' lang='lat' dir='ltr'>quoque</span> <span class='ocrx_word' id='word_1_456' title='bbox 338 3477 495 3533; x_wconf 88' lang='lat' dir='ltr'>chartulam</span> <span class='ocrx_word' id='word_1_457' title='bbox 509 3479 543 3535; x_wconf 90' lang='lat' dir='ltr'>de</span> <span class='ocrx_word' id='word_1_458' title='bbox 554 3479 725 3535; x_wconf 84' lang='lat' dir='ltr'>obedientiae</span> <span class='ocrx_word' id='word_1_459' title='bbox 735 3480 887 3551; x_wconf 89' lang='lat' dir='ltr'>sponsione</span> <span class='ocrx_word' id='word_1_460' title='bbox 939 3478 1048 3532; x_wconf 89' lang='lat' dir='ltr'>tuendis</span> <span class='ocrx_word' id='word_1_461' title='bbox 1062 3477 1269 3549; x_wconf 79' lang='lat' dir='ltr'>episcopishsec</span> <span class='ocrx_word' id='word_1_462' title='bbox 1277 3477 1368 3532; x_wconf 86' lang='lat' dir='ltr'>forma</span> <span class='ocrx_word' id='word_1_463' title='bbox 1380 3483 1516 3543; x_wconf 84' lang='lat' dir='ltr'>servetur,</span> <span class='ocrx_word' id='word_1_464' title='bbox 1525 3482 1557 3532; x_wconf 87' lang='lat' dir='ltr'>ut</span> <span class='ocrx_word' id='word_1_465' title='bbox 1566 3475 1616 3547; x_wconf 92' lang='lat' dir='ltr'>qui</span> <span class='ocrx_word' id='word_1_466' title='bbox 1624 3476 1758 3532; x_wconf 86' lang='lat' dir='ltr'>ordinan-</span> 
     </span>
     <span class='ocr_line' id='line_1_36' title="bbox 69 3569 1755 3643; baseline 0.003 -22"><span class='ocrx_word' id='word_1_467' title='bbox 69 3569 288 3639; x_wconf 88' lang='lat' dir='ltr'>conscripserat.</span> <span class='ocrx_word' id='word_1_468' title='bbox 308 3572 338 3625; x_wconf 95' lang='lat' dir='ltr'>ln</span> <span class='ocrx_word' id='word_1_469' title='bbox 360 3572 439 3643; x_wconf 88' lang='lat' dir='ltr'>cujus</span> <span class='ocrx_word' id='word_1_470' title='bbox 459 3579 558 3628; x_wconf 87' lang='lat' dir='ltr'>tamen</span> <span class='ocrx_word' id='word_1_471' title='bbox 580 3574 716 3629; x_wconf 81' lang='lat' dir='ltr'>chartule</span> <span class='ocrx_word' id='word_1_472' title='bbox 743 3574 887 3629; x_wconf 89' lang='lat' dir='ltr'>mentione</span> <span class='ocrx_word' id='word_1_473' title='bbox 937 3572 989 3627; x_wconf 88' lang='lat' dir='ltr'>dns</span> <span class='ocrx_word' id='word_1_474' title='bbox 998 3577 1049 3642; x_wconf 88' lang='lat' dir='ltr'>est,</span> <span class='ocrx_word' id='word_1_475' title='bbox 1062 3573 1148 3626; x_wconf 89' lang='lat' dir='ltr'>etiam</span> <span class='ocrx_word' id='word_1_476' title='bbox 1157 3571 1181 3626; x_wconf 93' lang='lat' dir='ltr'>si</span> <span class='ocrx_word' id='word_1_477' title='bbox 1190 3571 1274 3627; x_wconf 80' lang='lat' dir='ltr'>bona</span> <span class='ocrx_word' id='word_1_478' title='bbox 1285 3570 1350 3625; x_wconf 81' lang='lat' dir='ltr'>vitae</span> <span class='ocrx_word' id='word_1_479' title='bbox 1360 3570 1466 3625; x_wconf 89' lang='lat' dir='ltr'>habeat</span> <span class='ocrx_word' id='word_1_480' title='bbox 1477 3570 1682 3638; x_wconf 88' lang='lat' dir='ltr'>testimonium,</span> <span class='ocrx_word' id='word_1_481' title='bbox 1694 3587 1755 3626; x_wconf 91' lang='lat' dir='ltr'>non</span> 
     </span>
     <span class='ocr_line' id='line_1_37' title="bbox 69 3662 1754 3738; baseline 0.002 -23"><span class='ocrx_word' id='word_1_482' title='bbox 69 3662 187 3733; x_wconf 88' lang='lat' dir='ltr'>signum</span> <span class='ocrx_word' id='word_1_483' title='bbox 202 3663 377 3734; x_wconf 87' lang='lat' dir='ltr'>prodebatur</span> <span class='ocrx_word' id='word_1_484' title='bbox 391 3665 514 3738; x_wconf 76' lang='lat' dir='ltr'>injuriae.</span> <span class='ocrx_word' id='word_1_485' title='bbox 530 3668 590 3722; x_wconf 90' lang='lat' dir='ltr'>Non</span> <span class='ocrx_word' id='word_1_486' title='bbox 601 3667 678 3721; x_wconf 91' lang='lat' dir='ltr'>enim</span> <span class='ocrx_word' id='word_1_487' title='bbox 694 3667 887 3722; x_wconf 91' lang='lat' dir='ltr'>necessarium</span> <span class='ocrx_word' id='word_1_488' title='bbox 935 3666 1032 3732; x_wconf 89' lang='lat' dir='ltr'>laicus,</span> <span class='ocrx_word' id='word_1_489' title='bbox 1044 3682 1100 3720; x_wconf 92' lang='lat' dir='ltr'>non</span> <span class='ocrx_word' id='word_1_490' title='bbox 1111 3665 1279 3737; x_wconf 84' lang='lat' dir='ltr'>neophytus,</span> <span class='ocrx_word' id='word_1_491' title='bbox 1288 3681 1340 3719; x_wconf 92' lang='lat' dir='ltr'>nec</span> <span class='ocrx_word' id='word_1_492' title='bbox 1346 3663 1477 3719; x_wconf 79' lang='lat' dir='ltr'>secunde</span> <span class='ocrx_word' id='word_1_493' title='bbox 1485 3664 1616 3735; x_wconf 90' lang='lat' dir='ltr'>conjugis</span> <span class='ocrx_word' id='word_1_494' title='bbox 1624 3664 1754 3731; x_wconf 89' lang='lat' dir='ltr'>maritus,</span> 
     </span>
     <span class='ocr_line' id='line_1_38' title="bbox 69 3755 1757 3833; baseline 0.002 -24"><span class='ocrx_word' id='word_1_495' title='bbox 69 3755 165 3810; x_wconf 88' lang='lat' dir='ltr'>fuerat</span> <span class='ocrx_word' id='word_1_496' title='bbox 177 3760 212 3810; x_wconf 91' lang='lat' dir='ltr'>ut</span> <span class='ocrx_word' id='word_1_497' title='bbox 225 3756 401 3827; x_wconf 88' lang='lat' dir='ltr'>obligaretur</span> <span class='ocrx_word' id='word_1_498' title='bbox 415 3759 528 3831; x_wconf 82' lang='lat' dir='ltr'>scripto,</span> <span class='ocrx_word' id='word_1_499' title='bbox 540 3761 589 3833; x_wconf 90' lang='lat' dir='ltr'>qui</span> <span class='ocrx_word' id='word_1_500' title='bbox 599 3760 792 3816; x_wconf 88' lang='lat' dir='ltr'>obedientiam</span> <span class='ocrx_word' id='word_1_501' title='bbox 803 3776 886 3815; x_wconf 90' lang='lat' dir='ltr'>suam</span> <span class='ocrx_word' id='word_1_502' title='bbox 937 3763 986 3814; x_wconf 92' lang='lat' dir='ltr'>aut</span> <span class='ocrx_word' id='word_1_503' title='bbox 995 3760 1044 3830; x_wconf 94' lang='lat' dir='ltr'>qui</span> <span class='ocrx_word' id='word_1_504' title='bbox 1053 3775 1139 3815; x_wconf 78' lang='lat' dir='ltr'>arnam</span> <span class='ocrx_word' id='word_1_505' title='bbox 1149 3759 1263 3830; x_wconf 91' lang='lat' dir='ltr'>quidem</span> <span class='ocrx_word' id='word_1_506' title='bbox 1275 3758 1387 3827; x_wconf 89' lang='lat' dir='ltr'>haheat,</span> <span class='ocrx_word' id='word_1_507' title='bbox 1397 3758 1441 3812; x_wconf 93' lang='lat' dir='ltr'>vel</span> <span class='ocrx_word' id='word_1_508' title='bbox 1450 3757 1658 3828; x_wconf 66' lang='lat' dir='ltr'>habuerit‚fsed</span> <span class='ocrx_word' id='word_1_509' title='bbox 1669 3774 1757 3829; x_wconf 88' lang='lat' dir='ltr'>qnam</span> 
     </span>
     <span class='ocr_line' id='line_1_39' title="bbox 69 3849 1757 3925; baseline 0.002 -23"><span class='ocrx_word' id='word_1_510' title='bbox 69 3849 130 3920; x_wconf 87' lang='lat' dir='ltr'>ipso</span> <span class='ocrx_word' id='word_1_511' title='bbox 142 3849 206 3920; x_wconf 90' lang='lat' dir='ltr'>jam</span> <span class='ocrx_word' id='word_1_512' title='bbox 217 3851 370 3906; x_wconf 88' lang='lat' dir='ltr'>volontarii</span> <span class='ocrx_word' id='word_1_513' title='bbox 381 3853 519 3909; x_wconf 81' lang='lat' dir='ltr'>adventus</span> <span class='ocrx_word' id='word_1_514' title='bbox 536 3854 676 3925; x_wconf 89' lang='lat' dir='ltr'>probabat</span> <span class='ocrx_word' id='word_1_515' title='bbox 689 3854 791 3909; x_wconf 86' lang='lat' dir='ltr'>cilicio.</span> <span class='ocrx_word' id='word_1_516' title='bbox 807 3855 887 3909; x_wconf 90' lang='lat' dir='ltr'>Unde</span> <span class='ocrx_word' id='word_1_517' title='bbox 938 3853 990 3908; x_wconf 91' lang='lat' dir='ltr'>sibi</span> <span class='ocrx_word' id='word_1_518' title='bbox 1000 3853 1114 3908; x_wconf 89' lang='lat' dir='ltr'>viduam</span> <span class='ocrx_word' id='word_1_519' title='bbox 1130 3853 1279 3925; x_wconf 88' lang='lat' dir='ltr'>copularit.</span> <span class='ocrx_word' id='word_1_520' title='bbox 1296 3851 1478 3907; x_wconf 87' lang='lat' dir='ltr'>Sacerdotum</span> <span class='ocrx_word' id='word_1_521' title='bbox 1498 3852 1577 3906; x_wconf 91' lang='lat' dir='ltr'>enim</span> <span class='ocrx_word' id='word_1_522' title='bbox 1594 3854 1652 3906; x_wconf 89' lang='lat' dir='ltr'>tarn</span> <span class='ocrx_word' id='word_1_523' title='bbox 1663 3853 1757 3906; x_wconf 83' lang='lat' dir='ltr'>excel-</span> 
     </span>
     <span class='ocr_line' id='line_1_40' title="bbox 68 3943 1757 4018; baseline 0.004 -22"><span class='ocrx_word' id='word_1_524' title='bbox 68 3943 317 4014; x_wconf 88' lang='lat' dir='ltr'>deplorationibus</span> <span class='ocrx_word' id='word_1_525' title='bbox 331 3947 509 4018; x_wconf 88' lang='lat' dir='ltr'>supradictis,</span> <span class='ocrx_word' id='word_1_526' title='bbox 520 3948 582 4004; x_wconf 78' lang='lat' dir='ltr'>haec</span> <span class='ocrx_word' id='word_1_527' title='bbox 595 3947 682 4003; x_wconf 89' lang='lat' dir='ltr'>verba</span> <span class='ocrx_word' id='word_1_528' title='bbox 694 3949 888 4018; x_wconf 76' lang='lat' dir='ltr'>epistolatum</span> <span class='ocrx_word' id='word_1_529' title='bbox 937 3948 1000 4003; x_wconf 90' lang='lat' dir='ltr'>lens</span> <span class='ocrx_word' id='word_1_530' title='bbox 1010 3952 1051 4002; x_wconf 87' lang='lat' dir='ltr'>est</span> <span class='ocrx_word' id='word_1_531' title='bbox 1062 3946 1161 4003; x_wconf 88' lang='lat' dir='ltr'>electio</span> <span class='ocrx_word' id='word_1_532' title='bbox 1171 3952 1202 4001; x_wconf 91' lang='lat' dir='ltr'>ut</span> <span class='ocrx_word' id='word_1_533' title='bbox 1212 3947 1273 4001; x_wconf 81' lang='lat' dir='ltr'>hec</span> <span class='ocrx_word' id='word_1_534' title='bbox 1288 3962 1352 4017; x_wconf 74' lang='lat' dir='ltr'>quse</span> <span class='ocrx_word' id='word_1_535' title='bbox 1363 3946 1393 4000; x_wconf 90' lang='lat' dir='ltr'>in</span> <span class='ocrx_word' id='word_1_536' title='bbox 1404 3945 1466 3999; x_wconf 87' lang='lat' dir='ltr'>aliis</span> <span class='ocrx_word' id='word_1_537' title='bbox 1476 3945 1605 4001; x_wconf 73' lang='lat' dir='ltr'>Ecclesiae</span> <span class='ocrx_word' id='word_1_538' title='bbox 1619 3946 1757 4002; x_wconf 88' lang='lat' dir='ltr'>membris</span> 
     </span>
     <span class='ocr_line' id='line_1_41' title="bbox 70 4037 1759 4115; baseline 0.002 -23"><span class='ocrx_word' id='word_1_539' title='bbox 70 4037 268 4093; x_wconf 86' lang='lat' dir='ltr'>testimonium</span> <span class='ocrx_word' id='word_1_540' title='bbox 292 4041 453 4111; x_wconf 78' lang='lat' dir='ltr'>praetulere.</span> <span class='ocrx_word' id='word_1_541' title='bbox 476 4043 510 4097; x_wconf 84' lang='lat' dir='ltr'>Et</span> <span class='ocrx_word' id='word_1_542' title='bbox 529 4057 581 4113; x_wconf 92' lang='lat' dir='ltr'>per</span> <span class='ocrx_word' id='word_1_543' title='bbox 599 4043 653 4097; x_wconf 94' lang='lat' dir='ltr'>hoc</span> <span class='ocrx_word' id='word_1_544' title='bbox 676 4043 751 4115; x_wconf 90' lang='lat' dir='ltr'>quod</span> <span class='ocrx_word' id='word_1_545' title='bbox 770 4048 890 4099; x_wconf 90' lang='lat' dir='ltr'>nonest</span> <span class='ocrx_word' id='word_1_546' title='bbox 938 4059 995 4097; x_wconf 94' lang='lat' dir='ltr'>non</span> <span class='ocrx_word' id='word_1_547' title='bbox 1003 4046 1138 4096; x_wconf 88' lang='lat' dir='ltr'>vocantur</span> <span class='ocrx_word' id='word_1_548' title='bbox 1148 4041 1176 4095; x_wconf 92' lang='lat' dir='ltr'>in</span> <span class='ocrx_word' id='word_1_549' title='bbox 1187 4042 1314 4112; x_wconf 92' lang='lat' dir='ltr'>culpam,</span> <span class='ocrx_word' id='word_1_550' title='bbox 1325 4039 1355 4093; x_wconf 91' lang='lat' dir='ltr'>in</span> <span class='ocrx_word' id='word_1_551' title='bbox 1367 4039 1525 4095; x_wconf 86' lang='lat' dir='ltr'>illistamen</span> <span class='ocrx_word' id='word_1_552' title='bbox 1537 4040 1697 4095; x_wconf 89' lang='lat' dir='ltr'>habeantur</span> <span class='ocrx_word' id='word_1_553' title='bbox 1705 4041 1759 4096; x_wconf 90' lang='lat' dir='ltr'>illi·</span> 
     </span>
     <span class='ocr_line' id='line_1_42' title="bbox 70 4131 1759 4207; baseline 0.004 -23"><span class='ocrx_word' id='word_1_554' title='bbox 70 4131 192 4186; x_wconf 89' lang='lat' dir='ltr'>tacitum</span> <span class='ocrx_word' id='word_1_555' title='bbox 207 4132 347 4188; x_wconf 88' lang='lat' dir='ltr'>nudatum</span> <span class='ocrx_word' id='word_1_556' title='bbox 362 4139 405 4190; x_wconf 88' lang='lat' dir='ltr'>est</span> <span class='ocrx_word' id='word_1_557' title='bbox 416 4135 488 4191; x_wconf 92' lang='lat' dir='ltr'>illud</span> <span class='ocrx_word' id='word_1_558' title='bbox 502 4136 578 4207; x_wconf 93' lang='lat' dir='ltr'>quod</span> <span class='ocrx_word' id='word_1_559' title='bbox 594 4137 705 4192; x_wconf 89' lang='lat' dir='ltr'>silentio</span> <span class='ocrx_word' id='word_1_560' title='bbox 720 4139 811 4193; x_wconf 86' lang='lat' dir='ltr'>iuerat</span> <span class='ocrx_word' id='word_1_561' title='bbox 822 4137 889 4192; x_wconf 89' lang='lat' dir='ltr'>ado·</span> <span class='ocrx_word' id='word_1_562' title='bbox 939 4138 1002 4192; x_wconf 89' lang='lat' dir='ltr'>cita.</span> <span class='ocrx_word' id='word_1_563' title='bbox 1013 4137 1083 4190; x_wconf 88' lang='lat' dir='ltr'>Nam</span> <span class='ocrx_word' id='word_1_564' title='bbox 1093 4152 1159 4190; x_wconf 91' lang='lat' dir='ltr'>cum</span> <span class='ocrx_word' id='word_1_565' title='bbox 1176 4139 1254 4189; x_wconf 84' lang='lat' dir='ltr'>extra</span> <span class='ocrx_word' id='word_1_566' title='bbox 1270 4135 1436 4189; x_wconf 87' lang='lat' dir='ltr'>clericorum</span> <span class='ocrx_word' id='word_1_567' title='bbox 1452 4134 1581 4190; x_wconf 88' lang='lat' dir='ltr'>ordinem</span> <span class='ocrx_word' id='word_1_568' title='bbox 1596 4135 1759 4190; x_wconf 88' lang='lat' dir='ltr'>constitutis</span> 
     </span>
     <span class='ocr_line' id='line_1_43' title="bbox 71 4226 1760 4302; baseline 0.003 -23"><span class='ocrx_word' id='word_1_569' title='bbox 71 4229 207 4296; x_wconf 77' lang='lat' dir='ltr'>perium,</span> <span class='ocrx_word' id='word_1_570' title='bbox 239 4226 398 4284; x_wconf 87' lang='lat' dir='ltr'>adhibitam</span> <span class='ocrx_word' id='word_1_571' title='bbox 429 4230 534 4284; x_wconf 88' lang='lat' dir='ltr'>scilicet</span> <span class='ocrx_word' id='word_1_572' title='bbox 562 4231 662 4302; x_wconf 83' lang='lat' dir='ltr'>lllyrici</span> <span class='ocrx_word' id='word_1_573' title='bbox 691 4232 890 4302; x_wconf 77' lang='lat' dir='ltr'>praefecturam</span> <span class='ocrx_word' id='word_1_574' title='bbox 940 4229 1104 4301; x_wconf 89' lang='lat' dir='ltr'>nuptiarum</span> <span class='ocrx_word' id='word_1_575' title='bbox 1116 4228 1244 4284; x_wconf 86' lang='lat' dir='ltr'>societati</span> <span class='ocrx_word' id='word_1_576' title='bbox 1255 4232 1284 4282; x_wconf 90' lang='lat' dir='ltr'>et</span> <span class='ocrx_word' id='word_1_577' title='bbox 1293 4228 1481 4299; x_wconf 90' lang='lat' dir='ltr'>procreationi</span> <span class='ocrx_word' id='word_1_578' title='bbox 1493 4227 1649 4284; x_wconf 89' lang='lat' dir='ltr'>liberorum</span> <span class='ocrx_word' id='word_1_579' title='bbox 1666 4228 1760 4284; x_wconf 89' lang='lat' dir='ltr'>stude·</span> 
     </span>
     <span class='ocr_line' id='line_1_44' title="bbox 70 4319 1758 4397; baseline 0.003 -24"><span class='ocrx_word' id='word_1_580' title='bbox 70 4319 306 4376; x_wconf 85' lang='lat' dir='ltr'>sublimissimam</span> <span class='ocrx_word' id='word_1_581' title='bbox 330 4322 405 4379; x_wconf 87' lang='lat' dir='ltr'>inter</span> <span class='ocrx_word' id='word_1_582' title='bbox 429 4323 591 4378; x_wconf 91' lang='lat' dir='ltr'>mundanos</span> <span class='ocrx_word' id='word_1_583' title='bbox 620 4325 714 4396; x_wconf 90' lang='lat' dir='ltr'>apices</span> <span class='ocrx_word' id='word_1_584' title='bbox 741 4329 888 4397; x_wconf 86' lang='lat' dir='ltr'>potestan·</span> <span class='ocrx_word' id='word_1_585' title='bbox 940 4341 970 4378; x_wconf 91' lang='lat' dir='ltr'>re</span> <span class='ocrx_word' id='word_1_586' title='bbox 982 4325 1017 4379; x_wconf 89' lang='lat' dir='ltr'>sit</span> <span class='ocrx_word' id='word_1_587' title='bbox 1030 4324 1161 4392; x_wconf 90' lang='lat' dir='ltr'>liberum,</span> <span class='ocrx_word' id='word_1_588' title='bbox 1176 4323 1212 4378; x_wconf 92' lang='lat' dir='ltr'>ad</span> <span class='ocrx_word' id='word_1_589' title='bbox 1225 4322 1418 4377; x_wconf 82' lang='lat' dir='ltr'>exhibendam</span> <span class='ocrx_word' id='word_1_590' title='bbox 1429 4326 1527 4376; x_wconf 89' lang='lat' dir='ltr'>tamen</span> <span class='ocrx_word' id='word_1_591' title='bbox 1544 4323 1678 4392; x_wconf 84' lang='lat' dir='ltr'>perlectae</span> <span class='ocrx_word' id='word_1_592' title='bbox 1693 4339 1758 4378; x_wconf 91' lang='lat' dir='ltr'>con·</span> 
     </span>
     <span class='ocr_line' id='line_1_45' title="bbox 71 4414 1758 4489; baseline 0.003 -22"><span class='ocrx_word' id='word_1_593' title='bbox 71 4416 130 4467; x_wconf 86' lang='lat' dir='ltr'>tem</span> <span class='ocrx_word' id='word_1_594' title='bbox 151 4414 182 4468; x_wconf 89' lang='lat' dir='ltr'>in</span> <span class='ocrx_word' id='word_1_595' title='bbox 207 4414 410 4472; x_wconf 84' lang='lat' dir='ltr'>exhibitionem</span> <span class='ocrx_word' id='word_1_596' title='bbox 432 4418 551 4473; x_wconf 87' lang='lat' dir='ltr'>insontis</span> <span class='ocrx_word' id='word_1_597' title='bbox 574 4419 706 4474; x_wconf 88' lang='lat' dir='ltr'>antistitis</span> <span class='ocrx_word' id='word_1_598' title='bbox 731 4419 888 4486; x_wconf 87' lang='lat' dir='ltr'>incitatam,</span> <span class='ocrx_word' id='word_1_599' title='bbox 939 4418 1068 4476; x_wconf 74' lang='lat' dir='ltr'>tinentia</span> <span class='ocrx_word' id='word_1_600' title='bbox 1084 4417 1253 4489; x_wconf 88' lang='lat' dir='ltr'>puritatem,</span> <span class='ocrx_word' id='word_1_601' title='bbox 1270 4433 1322 4471; x_wconf 87' lang='lat' dir='ltr'>nec</span> <span class='ocrx_word' id='word_1_602' title='bbox 1336 4415 1557 4471; x_wconf 90' lang='lat' dir='ltr'>subdiaconibus</span> <span class='ocrx_word' id='word_1_603' title='bbox 1569 4416 1681 4472; x_wconf 88' lang='lat' dir='ltr'>carnale</span> <span class='ocrx_word' id='word_1_604' title='bbox 1691 4433 1758 4472; x_wconf 89' lang='lat' dir='ltr'>con·</span> 
     </span>
     <span class='ocr_line' id='line_1_46' title="bbox 71 4507 1758 4609; baseline 0.001 -47"><span class='ocrx_word' id='word_1_605' title='bbox 71 4512 104 4562; x_wconf 88' lang='lat' dir='ltr'>nt</span> <span class='ocrx_word' id='word_1_606' title='bbox 112 4507 202 4563; x_wconf 89' lang='lat' dir='ltr'>missa</span> <span class='ocrx_word' id='word_1_607' title='bbox 213 4510 394 4565; x_wconf 85' lang='lat' dir='ltr'>exsecutione</span> <span class='ocrx_word' id='word_1_608' title='bbox 410 4511 531 4566; x_wconf 90' lang='lat' dir='ltr'>terribili</span> <span class='ocrx_word' id='word_1_609' title='bbox 547 4528 610 4584; x_wconf 83' lang='lat' dir='ltr'>que</span> <span class='ocrx_word' id='word_1_610' title='bbox 624 4515 720 4568; x_wconf 91' lang='lat' dir='ltr'>omnia</span> <span class='ocrx_word' id='word_1_611' title='bbox 732 4513 785 4568; x_wconf 90' lang='lat' dir='ltr'>sibi</span> <span class='ocrx_word' id='word_1_612' title='bbox 798 4512 930 4609; x_wconf 69' lang='lat' dir='ltr'>official)</span> <span class='ocrx_word' id='word_1_613' title='bbox 942 4511 1061 4567; x_wconf 92' lang='lat' dir='ltr'>nubium</span> <span class='ocrx_word' id='word_1_614' title='bbox 1071 4511 1249 4578; x_wconf 85' lang='lat' dir='ltr'>conceditur,</span> <span class='ocrx_word' id='word_1_615' title='bbox 1262 4515 1291 4564; x_wconf 92' lang='lat' dir='ltr'>nt</span> <span class='ocrx_word' id='word_1_616' title='bbox 1303 4510 1351 4581; x_wconf 90' lang='lat' dir='ltr'>qui</span> <span class='ocrx_word' id='word_1_617' title='bbox 1362 4509 1470 4564; x_wconf 90' lang='lat' dir='ltr'>habent</span> <span class='ocrx_word' id='word_1_618' title='bbox 1481 4509 1537 4563; x_wconf 90' lang='lat' dir='ltr'>sint</span> <span class='ocrx_word' id='word_1_619' title='bbox 1552 4512 1689 4580; x_wconf 91' lang='lat' dir='ltr'>tanquam</span> <span class='ocrx_word' id='word_1_620' title='bbox 1699 4526 1758 4564; x_wconf 88' lang='lat' dir='ltr'>non</span> 
     </span>
     <span class='ocr_line' id='line_1_47' title="bbox 72 4601 1759 4679; baseline 0.001 -23"><span class='ocrx_word' id='word_1_621' title='bbox 72 4601 188 4673; x_wconf 89' lang='lat' dir='ltr'>publica</span> <span class='ocrx_word' id='word_1_622' title='bbox 202 4603 240 4658; x_wconf 89' lang='lat' dir='ltr'>ad</span> <span class='ocrx_word' id='word_1_623' title='bbox 251 4603 384 4659; x_wconf 84' lang='lat' dir='ltr'>ellectum</span> <span class='ocrx_word' id='word_1_624' title='bbox 398 4607 601 4678; x_wconf 81' lang='lat' dir='ltr'>preceptionis</span> <span class='ocrx_word' id='word_1_625' title='bbox 615 4607 795 4679; x_wconf 83' lang='lat' dir='ltr'>adjungeret,</span> <span class='ocrx_word' id='word_1_626' title='bbox 816 4624 891 4663; x_wconf 87' lang='lat' dir='ltr'>asa·</span> <span class='ocrx_word' id='word_1_627' title='bbox 942 4606 1088 4675; x_wconf 89' lang='lat' dir='ltr'>habentes,</span> <span class='ocrx_word' id='word_1_628' title='bbox 1100 4605 1186 4677; x_wconf 90' lang='lat' dir='ltr'>etqui</span> <span class='ocrx_word' id='word_1_629' title='bbox 1195 4603 1380 4672; x_wconf 91' lang='lat' dir='ltr'>nonhabent,</span> <span class='ocrx_word' id='word_1_630' title='bbox 1392 4602 1759 4675; x_wconf 87' lang='lat' dir='ltr'>permaneantsingulares.</span> 
     </span>
     <span class='ocr_line' id='line_1_48' title="bbox 72 4696 1761 4769; baseline 0.003 -20"><span class='ocrx_word' id='word_1_631' title='bbox 72 4696 129 4750; x_wconf 89' lang='lat' dir='ltr'>cris</span> <span class='ocrx_word' id='word_1_632' title='bbox 142 4697 268 4752; x_wconf 82' lang='lat' dir='ltr'>ecclesias</span> <span class='ocrx_word' id='word_1_633' title='bbox 286 4698 389 4753; x_wconf 91' lang='lat' dir='ltr'>additis</span> <span class='ocrx_word' id='word_1_634' title='bbox 403 4701 480 4755; x_wconf 91' lang='lat' dir='ltr'>nullo</span> <span class='ocrx_word' id='word_1_635' title='bbox 499 4702 544 4756; x_wconf 87' lang='lat' dir='ltr'>vel</span> <span class='ocrx_word' id='word_1_636' title='bbox 561 4702 632 4757; x_wconf 86' lang='lat' dir='ltr'>falso</span> <span class='ocrx_word' id='word_1_637' title='bbox 648 4702 828 4758; x_wconf 86' lang='lat' dir='ltr'>insimulatus</span> <span class='ocrx_word' id='word_1_638' title='bbox 841 4702 893 4757; x_wconf 89' lang='lat' dir='ltr'>cri·</span> <span class='ocrx_word' id='word_1_639' title='bbox 941 4700 1023 4766; x_wconf 83' lang='lat' dir='ltr'>Quod</span> <span class='ocrx_word' id='word_1_640' title='bbox 1037 4700 1061 4754; x_wconf 90' lang='lat' dir='ltr'>si</span> <span class='ocrx_word' id='word_1_641' title='bbox 1071 4700 1103 4754; x_wconf 91' lang='lat' dir='ltr'>in</span> <span class='ocrx_word' id='word_1_642' title='bbox 1117 4699 1171 4754; x_wconf 92' lang='lat' dir='ltr'>hoc</span> <span class='ocrx_word' id='word_1_643' title='bbox 1185 4697 1296 4765; x_wconf 87' lang='lat' dir='ltr'>ordine,</span> <span class='ocrx_word' id='word_1_644' title='bbox 1312 4696 1363 4769; x_wconf 89' lang='lat' dir='ltr'>qui</span> <span class='ocrx_word' id='word_1_645' title='bbox 1376 4699 1495 4768; x_wconf 83' lang='lat' dir='ltr'>quartns</span> <span class='ocrx_word' id='word_1_646' title='bbox 1509 4713 1526 4751; x_wconf 92' lang='lat' dir='ltr'>a</span> <span class='ocrx_word' id='word_1_647' title='bbox 1539 4696 1630 4768; x_wconf 88' lang='lat' dir='ltr'>capite</span> <span class='ocrx_word' id='word_1_648' title='bbox 1648 4703 1701 4765; x_wconf 91' lang='lat' dir='ltr'>est,</span> <span class='ocrx_word' id='word_1_649' title='bbox 1717 4699 1761 4754; x_wconf 93' lang='lat' dir='ltr'>di·</span> 
     </span>
     <span class='ocr_line' id='line_1_49' title="bbox 73 4790 1760 4866; baseline 0.002 -22"><span class='ocrx_word' id='word_1_650' title='bbox 73 4791 153 4844; x_wconf 88' lang='lat' dir='ltr'>mine</span> <span class='ocrx_word' id='word_1_651' title='bbox 166 4792 364 4847; x_wconf 82' lang='lat' dir='ltr'>extraheretur</span> <span class='ocrx_word' id='word_1_652' title='bbox 381 4794 521 4864; x_wconf 89' lang='lat' dir='ltr'>sacerdos,</span> <span class='ocrx_word' id='word_1_653' title='bbox 537 4797 583 4850; x_wconf 93' lang='lat' dir='ltr'>cui</span> <span class='ocrx_word' id='word_1_654' title='bbox 604 4813 663 4852; x_wconf 93' lang='lat' dir='ltr'>non</span> <span class='ocrx_word' id='word_1_655' title='bbox 679 4796 715 4851; x_wconf 94' lang='lat' dir='ltr'>ob</span> <span class='ocrx_word' id='word_1_656' title='bbox 732 4797 893 4852; x_wconf 88' lang='lat' dir='ltr'>molestiam</span> <span class='ocrx_word' id='word_1_657' title='bbox 943 4810 1031 4866; x_wconf 90' lang='lat' dir='ltr'>gnum</span> <span class='ocrx_word' id='word_1_658' title='bbox 1048 4797 1091 4848; x_wconf 89' lang='lat' dir='ltr'>est</span> <span class='ocrx_word' id='word_1_659' title='bbox 1105 4792 1251 4858; x_wconf 89' lang='lat' dir='ltr'>custodiri,</span> <span class='ocrx_word' id='word_1_660' title='bbox 1268 4794 1373 4862; x_wconf 90' lang='lat' dir='ltr'>quanto</span> <span class='ocrx_word' id='word_1_661' title='bbox 1387 4790 1481 4862; x_wconf 90' lang='lat' dir='ltr'>magis</span> <span class='ocrx_word' id='word_1_662' title='bbox 1493 4790 1522 4845; x_wconf 92' lang='lat' dir='ltr'>in</span> <span class='ocrx_word' id='word_1_663' title='bbox 1537 4790 1640 4862; x_wconf 89' lang='lat' dir='ltr'>primo,</span> <span class='ocrx_word' id='word_1_664' title='bbox 1653 4797 1703 4848; x_wconf 91' lang='lat' dir='ltr'>aut</span> <span class='ocrx_word' id='word_1_665' title='bbox 1715 4809 1760 4848; x_wconf 90' lang='lat' dir='ltr'>se·</span> 
     </span>
     <span class='ocr_line' id='line_1_50' title="bbox 73 4881 1760 4957; baseline 0.004 -21"><span class='ocrx_word' id='word_1_666' title='bbox 73 4881 253 4955; x_wconf 79' lang='lat' dir='ltr'>egritudinis</span> <span class='ocrx_word' id='word_1_667' title='bbox 265 4886 404 4942; x_wconf 91' lang='lat' dir='ltr'>obstantis</span> <span class='ocrx_word' id='word_1_668' title='bbox 419 4888 520 4945; x_wconf 89' lang='lat' dir='ltr'>hiemis</span> <span class='ocrx_word' id='word_1_669' title='bbox 533 4890 671 4946; x_wconf 90' lang='lat' dir='ltr'>darentur</span> <span class='ocrx_word' id='word_1_670' title='bbox 690 4889 821 4957; x_wconf 79' lang='lat' dir='ltr'>inducie,</span> <span class='ocrx_word' id='word_1_671' title='bbox 842 4890 893 4945; x_wconf 89' lang='lat' dir='ltr'>sed</span> <span class='ocrx_word' id='word_1_672' title='bbox 943 4888 1046 4955; x_wconf 91' lang='lat' dir='ltr'>cundo,</span> <span class='ocrx_word' id='word_1_673' title='bbox 1058 4887 1101 4942; x_wconf 89' lang='lat' dir='ltr'>vel</span> <span class='ocrx_word' id='word_1_674' title='bbox 1112 4889 1196 4941; x_wconf 87' lang='lat' dir='ltr'>tortio</span> <span class='ocrx_word' id='word_1_675' title='bbox 1211 4884 1383 4941; x_wconf 89' lang='lat' dir='ltr'>servandum</span> <span class='ocrx_word' id='word_1_676' title='bbox 1394 4888 1446 4953; x_wconf 89' lang='lat' dir='ltr'>est,</span> <span class='ocrx_word' id='word_1_677' title='bbox 1465 4900 1500 4939; x_wconf 88' lang='lat' dir='ltr'>ue</span> <span class='ocrx_word' id='word_1_678' title='bbox 1511 4888 1561 4939; x_wconf 88' lang='lat' dir='ltr'>ant</span> <span class='ocrx_word' id='word_1_679' title='bbox 1571 4885 1694 4941; x_wconf 88' lang='lat' dir='ltr'>Levitico</span> <span class='ocrx_word' id='word_1_680' title='bbox 1704 4888 1760 4942; x_wconf 92' lang='lat' dir='ltr'>mi·</span> 
     </span>
     <span class='ocr_line' id='line_1_51' title="bbox 74 4978 1764 5055; baseline 0.002 -24"><span class='ocrx_word' id='word_1_681' title='bbox 74 4978 130 5034; x_wconf 89' lang='lat' dir='ltr'>iter</span> <span class='ocrx_word' id='word_1_682' title='bbox 153 4978 285 5050; x_wconf 89' lang='lat' dir='ltr'>aspidum</span> <span class='ocrx_word' id='word_1_683' title='bbox 311 4986 339 5035; x_wconf 89' lang='lat' dir='ltr'>et</span> <span class='ocrx_word' id='word_1_684' title='bbox 361 4983 493 5052; x_wconf 89' lang='lat' dir='ltr'>periculis</span> <span class='ocrx_word' id='word_1_685' title='bbox 513 4985 632 5055; x_wconf 86' lang='lat' dir='ltr'>planum</span> <span class='ocrx_word' id='word_1_686' title='bbox 651 5000 703 5055; x_wconf 85' lang='lat' dir='ltr'>per</span> <span class='ocrx_word' id='word_1_687' title='bbox 721 4984 811 5039; x_wconf 88' lang='lat' dir='ltr'>invias</span> <span class='ocrx_word' id='word_1_688' title='bbox 826 5001 892 5038; x_wconf 89' lang='lat' dir='ltr'>cau·</span> <span class='ocrx_word' id='word_1_689' title='bbox 943 4981 1069 5050; x_wconf 88' lang='lat' dir='ltr'>nistcrio,</span> <span class='ocrx_word' id='word_1_690' title='bbox 1087 4985 1137 5036; x_wconf 90' lang='lat' dir='ltr'>aut</span> <span class='ocrx_word' id='word_1_691' title='bbox 1150 4978 1338 5051; x_wconf 87' lang='lat' dir='ltr'>presbyterali</span> <span class='ocrx_word' id='word_1_692' title='bbox 1355 4979 1474 5048; x_wconf 89' lang='lat' dir='ltr'>bonore,</span> <span class='ocrx_word' id='word_1_693' title='bbox 1493 4979 1764 5053; x_wconf 82' lang='lat' dir='ltr'>autepiscopaliea·</span> 
     </span>
     <span class='ocr_line' id='line_1_52' title="bbox 76 5072 1760 5149; baseline 0 -22"><span class='ocrx_word' id='word_1_694' title='bbox 76 5077 117 5127; x_wconf 78' lang='lat' dir='ltr'>us</span> <span class='ocrx_word' id='word_1_695' title='bbox 146 5087 233 5143; x_wconf 89' lang='lat' dir='ltr'>agere</span> <span class='ocrx_word' id='word_1_696' title='bbox 255 5077 379 5145; x_wconf 81' lang='lat' dir='ltr'>cogeret.</span> <span class='ocrx_word' id='word_1_697' title='bbox 400 5076 473 5139; x_wconf 81' lang='lat' dir='ltr'>Quid</span> <span class='ocrx_word' id='word_1_698' title='bbox 493 5079 564 5133; x_wconf 91' lang='lat' dir='ltr'>tanti</span> <span class='ocrx_word' id='word_1_699' title='bbox 581 5078 685 5134; x_wconf 89' lang='lat' dir='ltr'>laboris</span> <span class='ocrx_word' id='word_1_700' title='bbox 705 5077 831 5149; x_wconf 88' lang='lat' dir='ltr'>tantique</span> <span class='ocrx_word' id='word_1_701' title='bbox 848 5077 893 5131; x_wconf 92' lang='lat' dir='ltr'>di·</span> <span class='ocrx_word' id='word_1_702' title='bbox 945 5075 1072 5130; x_wconf 88' lang='lat' dir='ltr'>cellentia</span> <span class='ocrx_word' id='word_1_703' title='bbox 1089 5072 1374 5146; x_wconf 84' lang='lat' dir='ltr'>quisquamjdonens</span> <span class='ocrx_word' id='word_1_704' title='bbox 1391 5072 1559 5143; x_wconf 77' lang='lat' dir='ltr'>aestimetur,</span> <span class='ocrx_word' id='word_1_705' title='bbox 1577 5074 1627 5145; x_wconf 93' lang='lat' dir='ltr'>qui</span> <span class='ocrx_word' id='word_1_706' title='bbox 1642 5091 1671 5128; x_wconf 92' lang='lat' dir='ltr'>se</span> <span class='ocrx_word' id='word_1_707' title='bbox 1685 5091 1701 5127; x_wconf 90' lang='lat' dir='ltr'>a</span> <span class='ocrx_word' id='word_1_708' title='bbox 1714 5090 1760 5128; x_wconf 93' lang='lat' dir='ltr'>vo-</span> 
     </span>
     <span class='ocr_line' id='line_1_53' title="bbox 76 5165 1607 5245; baseline 0.001 -25"><span class='ocrx_word' id='word_1_709' title='bbox 76 5165 221 5220; x_wconf 85' lang='lat' dir='ltr'>scriminis</span> <span class='ocrx_word' id='word_1_710' title='bbox 248 5167 312 5235; x_wconf 84' lang='lat' dir='ltr'>init,</span> <span class='ocrx_word' id='word_1_711' title='bbox 338 5173 369 5223; x_wconf 95' lang='lat' dir='ltr'>ut</span> <span class='ocrx_word' id='word_1_712' title='bbox 388 5186 422 5224; x_wconf 84' lang='lat' dir='ltr'>ex</span> <span class='ocrx_word' id='word_1_713' title='bbox 442 5171 486 5226; x_wconf 90' lang='lat' dir='ltr'>his</span> <span class='ocrx_word' id='word_1_714' title='bbox 509 5172 557 5243; x_wconf 92' lang='lat' dir='ltr'>qni</span> <span class='ocrx_word' id='word_1_715' title='bbox 583 5173 748 5245; x_wconf 89' lang='lat' dir='ltr'>episcopum</span> <span class='ocrx_word' id='word_1_716' title='bbox 767 5171 895 5227; x_wconf 86' lang='lat' dir='ltr'>comitati</span> <span class='ocrx_word' id='word_1_717' title='bbox 945 5171 1052 5240; x_wconf 91' lang='lat' dir='ltr'>luptate</span> <span class='ocrx_word' id='word_1_718' title='bbox 1065 5168 1164 5222; x_wconf 84' lang='lat' dir='ltr'>uxoria</span> <span class='ocrx_word' id='word_1_719' title='bbox 1176 5167 1299 5221; x_wconf 91' lang='lat' dir='ltr'>necdum</span> <span class='ocrx_word' id='word_1_720' title='bbox 1313 5167 1440 5221; x_wconf 85' lang='lat' dir='ltr'>tranasse</span> <span class='ocrx_word' id='word_1_721' title='bbox 1454 5166 1607 5238; x_wconf 91' lang='lat' dir='ltr'>detegitur.</span> 
     </span>
    </p>

    <p class='ocr_par' dir='ltr' id='par_1_4' title="bbox 76 5259 1773 5808">
     <span class='ocr_line' id='line_1_54' title="bbox 77 5259 1761 5338; baseline -0.001 -24"><span class='ocrx_word' id='word_1_722' title='bbox 77 5266 144 5316; x_wconf 85' lang='lat' dir='ltr'>sunt</span> <span class='ocrx_word' id='word_1_723' title='bbox 168 5260 286 5332; x_wconf 89' lang='lat' dir='ltr'>quidam</span> <span class='ocrx_word' id='word_1_724' title='bbox 314 5263 449 5319; x_wconf 83' lang='lat' dir='ltr'>deiecisse</span> <span class='ocrx_word' id='word_1_725' title='bbox 474 5266 613 5322; x_wconf 89' lang='lat' dir='ltr'>dicantur.</span> <span class='ocrx_word' id='word_1_726' title='bbox 636 5268 755 5324; x_wconf 88' lang='lat' dir='ltr'>ldultum</span> <span class='ocrx_word' id='word_1_727' title='bbox 774 5270 893 5338; x_wconf 88' lang='lat' dir='ltr'>stupeo,</span> <span class='ocrx_word' id='word_1_728' title='bbox 980 5263 1042 5319; x_wconf 86' lang='lat' dir='ltr'>Cuu</span> <span class='ocrx_word' id='word_1_729' title='bbox 1056 5279 1124 5334; x_wconf 90' lang='lat' dir='ltr'>ergo</span> <span class='ocrx_word' id='word_1_730' title='bbox 1138 5262 1171 5317; x_wconf 94' lang='lat' dir='ltr'>de</span> <span class='ocrx_word' id='word_1_731' title='bbox 1184 5262 1294 5323; x_wconf 86' lang='lat' dir='ltr'>summi</span> <span class='ocrx_word' id='word_1_732' title='bbox 1304 5260 1459 5316; x_wconf 87' lang='lat' dir='ltr'>sacerdotis</span> <span class='ocrx_word' id='word_1_733' title='bbox 1473 5260 1613 5315; x_wconf 88' lang='lat' dir='ltr'>electione</span> <span class='ocrx_word' id='word_1_734' title='bbox 1628 5259 1761 5313; x_wconf 87' lang='lat' dir='ltr'>tractabi-</span> 
     </span>
     <span class='ocr_line' id='line_1_55' title="bbox 77 5353 1762 5433; baseline 0.001 -26"><span class='ocrx_word' id='word_1_735' title='bbox 77 5354 167 5409; x_wconf 85' lang='lat' dir='ltr'>irater</span> <span class='ocrx_word' id='word_1_736' title='bbox 186 5356 360 5426; x_wconf 86' lang='lat' dir='ltr'>charissime,</span> <span class='ocrx_word' id='word_1_737' title='bbox 377 5358 427 5412; x_wconf 89' lang='lat' dir='ltr'>sed</span> <span class='ocrx_word' id='word_1_738' title='bbox 450 5364 478 5414; x_wconf 91' lang='lat' dir='ltr'>et</span> <span class='ocrx_word' id='word_1_739' title='bbox 495 5361 653 5430; x_wconf 90' lang='lat' dir='ltr'>plurimum</span> <span class='ocrx_word' id='word_1_740' title='bbox 667 5362 759 5428; x_wconf 89' lang='lat' dir='ltr'>doleo,</span> <span class='ocrx_word' id='word_1_741' title='bbox 776 5360 852 5433; x_wconf 90' lang='lat' dir='ltr'>quod</span> <span class='ocrx_word' id='word_1_742' title='bbox 865 5359 895 5414; x_wconf 91' lang='lat' dir='ltr'>in</span> <span class='ocrx_word' id='word_1_743' title='bbox 946 5365 1001 5425; x_wconf 90' lang='lat' dir='ltr'>tur,</span> <span class='ocrx_word' id='word_1_744' title='bbox 1018 5358 1064 5413; x_wconf 94' lang='lat' dir='ltr'>ille</span> <span class='ocrx_word' id='word_1_745' title='bbox 1077 5357 1210 5412; x_wconf 88' lang='lat' dir='ltr'>omnibus</span> <span class='ocrx_word' id='word_1_746' title='bbox 1223 5359 1416 5428; x_wconf 78' lang='lat' dir='ltr'>preponatur,</span> <span class='ocrx_word' id='word_1_747' title='bbox 1427 5354 1604 5427; x_wconf 88' lang='lat' dir='ltr'>quemcleris</span> <span class='ocrx_word' id='word_1_748' title='bbox 1615 5353 1762 5424; x_wconf 89' lang='lat' dir='ltr'>plebisque</span> 
     </span>
     <span class='ocr_line' id='line_1_56' title="bbox 77 5446 1761 5527; baseline -0.001 -24"><span class='ocrx_word' id='word_1_749' title='bbox 77 5466 145 5503; x_wconf 90' lang='lat' dir='ltr'>eum</span> <span class='ocrx_word' id='word_1_750' title='bbox 162 5449 198 5504; x_wconf 89' lang='lat' dir='ltr'>de</span> <span class='ocrx_word' id='word_1_751' title='bbox 216 5467 273 5522; x_wconf 90' lang='lat' dir='ltr'>quo</span> <span class='ocrx_word' id='word_1_752' title='bbox 293 5451 363 5506; x_wconf 92' lang='lat' dir='ltr'>nibil</span> <span class='ocrx_word' id='word_1_753' title='bbox 379 5455 504 5524; x_wconf 89' lang='lat' dir='ltr'>amplius</span> <span class='ocrx_word' id='word_1_754' title='bbox 523 5454 696 5511; x_wconf 87' lang='lat' dir='ltr'>indicaveras</span> <span class='ocrx_word' id='word_1_755' title='bbox 716 5472 802 5527; x_wconf 90' lang='lat' dir='ltr'>quam</span> <span class='ocrx_word' id='word_1_756' title='bbox 820 5453 897 5526; x_wconf 90' lang='lat' dir='ltr'>quod</span> <span class='ocrx_word' id='word_1_757' title='bbox 946 5469 1098 5508; x_wconf 88' lang='lat' dir='ltr'>consensus</span> <span class='ocrx_word' id='word_1_758' title='bbox 1111 5450 1289 5505; x_wconf 88' lang='lat' dir='ltr'>concorditer</span> <span class='ocrx_word' id='word_1_759' title='bbox 1301 5448 1493 5521; x_wconf 90' lang='lat' dir='ltr'>postulaverit.</span> <span class='ocrx_word' id='word_1_760' title='bbox 1507 5448 1586 5502; x_wconf 90' lang='lat' dir='ltr'>ltaut</span> <span class='ocrx_word' id='word_1_761' title='bbox 1598 5446 1622 5501; x_wconf 87' lang='lat' dir='ltr'>si</span> <span class='ocrx_word' id='word_1_762' title='bbox 1634 5447 1664 5500; x_wconf 92' lang='lat' dir='ltr'>in</span> <span class='ocrx_word' id='word_1_763' title='bbox 1676 5446 1761 5501; x_wconf 88' lang='lat' dir='ltr'>aliam</span> 
     </span>
     <span class='ocr_line' id='line_1_57' title="bbox 76 5539 1761 5629; baseline -0.002 -31"><span class='ocrx_word' id='word_1_764' title='bbox 76 5545 733 5618; x_wconf 80' lang='lat' dir='ltr'>evocatusadessedilferret,etexcusationem</span> <span class='ocrx_word' id='word_1_765' title='bbox 748 5548 897 5603; x_wconf 88' lang='lat' dir='ltr'>intirmita-</span> <span class='ocrx_word' id='word_1_766' title='bbox 946 5547 1018 5601; x_wconf 84' lang='lat' dir='ltr'>torte</span> <span class='ocrx_word' id='word_1_767' title='bbox 1044 5561 1195 5617; x_wconf 87' lang='lat' dir='ltr'>personam</span> <span class='ocrx_word' id='word_1_768' title='bbox 1221 5544 1346 5614; x_wconf 90' lang='lat' dir='ltr'>partium</span> <span class='ocrx_word' id='word_1_769' title='bbox 1374 5556 1404 5596; x_wconf 87' lang='lat' dir='ltr'>se</span> <span class='ocrx_word' id='word_1_770' title='bbox 1431 5545 1494 5629; x_wconf 80' lang='lat' dir='ltr'>vqta</span> <span class='ocrx_word' id='word_1_771' title='bbox 1515 5539 1670 5608; x_wconf 86' lang='lat' dir='ltr'>diviserint,</span> <span class='ocrx_word' id='word_1_772' title='bbox 1702 5557 1761 5595; x_wconf 90' lang='lat' dir='ltr'>me-</span> 
     </span>
     <span class='ocr_line' id='line_1_58' title="bbox 77 5633 1761 5715; baseline -0.002 -22"><span class='ocrx_word' id='word_1_773' title='bbox 77 5639 113 5693; x_wconf 88' lang='lat' dir='ltr'>tis</span> <span class='ocrx_word' id='word_1_774' title='bbox 124 5638 299 5707; x_wconf 84' lang='lat' dir='ltr'>ostenderet,</span> <span class='ocrx_word' id='word_1_775' title='bbox 312 5644 371 5695; x_wconf 91' lang='lat' dir='ltr'>tam</span> <span class='ocrx_word' id='word_1_776' title='bbox 387 5643 521 5698; x_wconf 85' lang='lat' dir='ltr'>atrociter</span> <span class='ocrx_word' id='word_1_777' title='bbox 536 5647 565 5697; x_wconf 89' lang='lat' dir='ltr'>et</span> <span class='ocrx_word' id='word_1_778' title='bbox 580 5647 637 5697; x_wconf 86' lang='lat' dir='ltr'>tarn</span> <span class='ocrx_word' id='word_1_779' title='bbox 653 5643 837 5698; x_wconf 88' lang='lat' dir='ltr'>vehementer</span> <span class='ocrx_word' id='word_1_780' title='bbox 850 5657 898 5715; x_wconf 94' lang='lat' dir='ltr'>po·</span> <span class='ocrx_word' id='word_1_781' title='bbox 947 5638 1112 5710; x_wconf 88' lang='lat' dir='ltr'>tropolitani</span> <span class='ocrx_word' id='word_1_782' title='bbox 1132 5638 1252 5710; x_wconf 83' lang='lat' dir='ltr'>judicio,</span> <span class='ocrx_word' id='word_1_783' title='bbox 1276 5636 1298 5690; x_wconf 88' lang='lat' dir='ltr'>is</span> <span class='ocrx_word' id='word_1_784' title='bbox 1325 5634 1408 5689; x_wconf 87' lang='lat' dir='ltr'>alteri</span> <span class='ocrx_word' id='word_1_785' title='bbox 1432 5633 1610 5705; x_wconf 79' lang='lat' dir='ltr'>praeferatur,</span> <span class='ocrx_word' id='word_1_786' title='bbox 1631 5635 1680 5705; x_wconf 91' lang='lat' dir='ltr'>qui</span> <span class='ocrx_word' id='word_1_787' title='bbox 1698 5651 1761 5691; x_wconf 89' lang='lat' dir='ltr'>ma-</span> 
     </span>
     <span class='ocr_line' id='line_1_59' title="bbox 78 5726 1773 5808; baseline -0.004 -20"><span class='ocrx_word' id='word_1_788' title='bbox 78 5732 169 5789; x_wconf 82' lang='lat' dir='ltr'>lueris</span> <span class='ocrx_word' id='word_1_789' title='bbox 189 5734 372 5806; x_wconf 87' lang='lat' dir='ltr'>commoveri,</span> <span class='ocrx_word' id='word_1_790' title='bbox 394 5737 550 5808; x_wconf 80' lang='lat' dir='ltr'>presertim</span> <span class='ocrx_word' id='word_1_791' title='bbox 570 5754 636 5792; x_wconf 84' lang='lat' dir='ltr'>curn</span> <span class='ocrx_word' id='word_1_792' title='bbox 651 5737 702 5793; x_wconf 91' lang='lat' dir='ltr'>etsi</span> <span class='ocrx_word' id='word_1_793' title='bbox 718 5737 773 5792; x_wconf 89' lang='lat' dir='ltr'>tale</span> <span class='ocrx_word' id='word_1_794' title='bbox 791 5735 898 5808; x_wconf 87' lang='lat' dir='ltr'>aliquid</span> <span class='ocrx_word' id='word_1_795' title='bbox 945 5733 1056 5804; x_wconf 87' lang='lat' dir='ltr'>joribns</span> <span class='ocrx_word' id='word_1_796' title='bbox 1078 5735 1107 5786; x_wconf 90' lang='lat' dir='ltr'>et</span> <span class='ocrx_word' id='word_1_797' title='bbox 1130 5731 1229 5786; x_wconf 88' lang='lat' dir='ltr'>studiis</span> <span class='ocrx_word' id='word_1_798' title='bbox 1247 5731 1374 5801; x_wconf 87' lang='lat' dir='ltr'>juvatur,</span> <span class='ocrx_word' id='word_1_799' title='bbox 1400 5732 1429 5782; x_wconf 89' lang='lat' dir='ltr'>et</span> <span class='ocrx_word' id='word_1_800' title='bbox 1452 5726 1572 5783; x_wconf 83' lang='lat' dir='ltr'>meritis.</span> <span class='ocrx_word' id='word_1_801' title='bbox 1595 5729 1723 5782; x_wconf 85' lang='lat' dir='ltr'>Tantum</span> <span class='ocrx_word' id='word_1_802' title='bbox 1734 5735 1773 5782; x_wconf 66' lang='lat' dir='ltr'>ut</span> 
     </span>
    </p>
   </div>
   <div class='ocr_carea' id='block_1_3' title="bbox 77 5817 1803 5904">
    <p class='ocr_par' dir='ltr' id='par_1_5' title="bbox 77 5817 1803 5904">
     <span class='ocr_line' id='line_1_60' title="bbox 77 5817 1803 5904; baseline -0.012 -20"><span class='ocrx_word' id='word_1_803' title='bbox 77 5832 250 5898; x_wconf 83' lang='lat' dir='ltr'>mereretur,</span> <span class='ocrx_word' id='word_1_804' title='bbox 272 5831 494 5901; x_wconf 72' lang='lat' dir='ltr'>exspmtandum</span> <span class='ocrx_word' id='word_1_805' title='bbox 518 5831 569 5887; x_wconf 92' lang='lat' dir='ltr'>tibi</span> <span class='ocrx_word' id='word_1_806' title='bbox 592 5833 684 5888; x_wconf 87' lang='lat' dir='ltr'>tuerat</span> <span class='ocrx_word' id='word_1_807' title='bbox 704 5830 775 5904; x_wconf 91' lang='lat' dir='ltr'>quid</span> <span class='ocrx_word' id='word_1_808' title='bbox 795 5832 830 5887; x_wconf 87' lang='lat' dir='ltr'>ad</span> <span class='ocrx_word' id='word_1_809' title='bbox 850 5834 899 5885; x_wconf 88' lang='lat' dir='ltr'>tuo</span> <span class='ocrx_word' id='word_1_810' title='bbox 949 5824 1155 5885; x_wconf 85' lang='lat' dir='ltr'>nullusinvitis</span> <span class='ocrx_word' id='word_1_811' title='bbox 1167 5828 1275 5883; x_wconf 86' lang='lat' dir='ltr'>etnnn</span> <span class='ocrx_word' id='word_1_812' title='bbox 1282 5817 1803 5896; x_wconf 60' lang='lat' dir='ltr'>petanhhnsarhtnetnr,necasse</span> 
     </span>
    </p>
   </div>
   <div class='ocr_carea' id='block_1_4' title="bbox 0 0 1957 6148">
    <p class='ocr_par' dir='ltr' id='par_1_6' title="bbox 0 0 1957 6148">
     <span class='ocr_line' id='line_1_61' title="bbox 0 0 1957 6148; baseline 0 0"><span class='ocrx_word' id='word_1_813' title='bbox 0 0 1957 6148; x_wconf 95' lang='lat' dir='ltr'> </span> 
     </span>
    </p>
   </div>
  </div>
 </body>
</html>
