3870 6150
129 229 183 283 l85
751 229 986 291 DECRETALIUM
1004 235 1199 294 adusseris.
1763 247 1813 305 186

125 335 241 403 fratres,
257 351 320 408 quae
334 333 397 391 dico
406 336 487 392 valde
497 335 625 394 timenda
635 341 711 408 sunt,
723 343 752 394 et
761 357 874 397 summo
883 358 945 398 mo·
957 343 1062 428 Arari.
1079 344 1157 400 lusto
1171 345 1248 400 enim
1259 345 1367 417 judicio
1377 347 1426 403 Dei
1439 348 1521 405 datur
1532 346 1702 423 plerumque
1716 368 1815 423 pecca·

125 428 278 484 deramine
300 432 457 501 pensanda,
480 436 565 504 atque
590 449 626 486 ne
639 432 708 488 fiant
727 435 869 505 cavenda3
885 436 947 508 ipsa
996 438 1105 493 toribus
1125 442 1251 510 potestas
1269 457 1325 512 qua
1346 445 1459 498 sanctos
1481 443 1571 516 ipsius
1593 450 1813 519 persequantur,

125 522 379 595 enimVeritasper
388 541 417 580 se
426 524 536 580 dixit:«
546 526 677 582 Vosestis
685 527 725 581 sal
734 529 914 593 terrae.0uod
923 529 947 585 si
996 534 1028 586 ut
1052 531 1102 604 qui
1123 531 1230 604 Spiritu
1249 533 1297 588 Dei
1312 533 1449 606 juvantur
1470 538 1499 592 et
1521 543 1646 609 aguntur
1665 538 1736 594 fiant
1761 557 1814 612 per

125 616 586 691 salevanuerit,inquosalieturf
602 620 710 690 (Marti.
724 622 947 694 v,l3letc.ldeo
996 625 1125 681 laborum
1154 626 1288 682 exercitia
1311 628 1451 684 clariores.
1482 630 1524 686 illi
1553 634 1647 687 tamen
1678 634 1729 705 qui
1758 634 1814 690 hoc

124 726 182 776 ros,
199 710 370 780 charissimi,
381 729 495 780 moneo,
506 712 573 786 quia
585 714 665 770 vobis
681 715 793 771 debitor
815 733 889 784 sum,
918 719 947 772 et
996 723 1087 791 agunt
1100 720 1263 776 nullatenus
1278 721 1399 777 evadant
1419 739 1542 794 poenam,
1561 725 1638 797 quia,
1653 728 1686 781 ut
1702 727 1742 781 ait
1754 727 1812 783 Do·

124 803 208 858 valde
217 821 268 860 vos
278 805 376 878 diligo.
392 808 425 861 Et
433 807 725 878 quandobonaaudio
738 808 774 864 de
783 810 872 880 vobis,
883 825 947 867 con·
996 812 1093 868 minus
1108 831 1115 868 :
1130 833 1144 865 u
1157 815 1203 869 vc
1217 813 1260 869 illi
1270 831 1323 886 per
1335 831 1421 886 quem
1435 817 1598 872 scandalum
1612 818 1691 874 venit
1700 820 1811 891 (Mettis.

124 899 260 968 gratulor
269 900 346 967 satis,
355 906 384 956 et
394 903 510 957 econtra
521 902 634 974 quando
645 902 865 972 adversa‚nimis
875 921 945 960 con·
995 923 1071 975 xviii,
1088 908 1132 979 7).
1141 929 1155 958 »
1170 909 1205 963 Et
1217 924 1383 981 quanquam
1390 909 1473 981 juxte
1483 910 1632 967 salvatoris
1642 913 1813 970 senteutiam

123 991 238 1048 turbor.
249 994 309 1065 Ego
326 1010 394 1050 vero
410 994 539 1068 quamvis
553 1012 571 1051 a
596 996 673 1052 robis
693 1013 745 1069 per
760 998 845 1069 longa
859 1004 946 1055 terra·
994 1017 1110 1057 neccsse
1123 1001 1161 1057 sit
1174 1003 1270 1058 venire
1285 1003 1483 1072 scandulare
1495 1007 1589 1060 tamen
1602 1021 1747 1078 perquem
1762 1024 1811 1063 re-

123 1102 190 1139 mm
203 1086 354 1142 intervalla
367 1088 524 1158 disjunctus
547 1089 611 1157 sim,
628 1107 692 1146 sum
705 1094 806 1147 tamen
826 1094 945 1150 omuino
995 1094 1089 1151 niunt.
1104 1097 1143 1151 lle
1165 1096 1281 1152 occultis
1298 1097 1374 1152 enim
1393 1097 1485 1153 cordis
1506 1097 1592 1154 alieni
1609 1102 1717 1156 temere
1733 1100 1811 1172 judi·

123 1178 274 1235 robiscum
294 1181 379 1237 corde
391 1182 570 1254 conjunctus.
581 1183 706 1256 Ideoque
719 1185 753 1241 de
767 1190 859 1241 vestra
872 1186 944 1243 bea·
994 1199 1058 1239 care
1073 1190 1223 1257 peccatum
1234 1190 1286 1254 est,
1301 1190 1330 1242 et
1342 1202 1409 1242 eum
1420 1186 1501 1258 cujus
1514 1203 1572 1242 non
1584 1187 1716 1244 ridentur
1725 1205 1813 1261 opera

123 1272 250 1329 titudine
264 1291 335 1348 erga
347 1292 394 1333 me
409 1276 502 1332 modis
516 1277 649 1333 omnibus
663 1279 785 1347 confido,
802 1279 868 1351 quia
879 1298 945 1338 cum
994 1277 1049 1333 nisi
1062 1278 1146 1349 bona,
1162 1279 1291 1352 iniquum
1306 1283 1350 1336 est
1371 1296 1405 1335 er
1422 1281 1582 1352 suspicione
1602 1283 1812 1354 reprehendere

125 1382 169 1421 me
181 1368 311 1424 vicissim
321 1368 529 1441 diligitisame
541 1371 629 1444 longe
641 1389 699 1427 non
709 1373 785 1441 estis,
797 1374 874 1431 unde
884 1391 944 1431 ma·
994 1387 1061 1427 oum
1087 1390 1190 1429 eorum
1216 1389 1280 1446 quae
1316 1373 1425 1430 bomini
1457 1377 1523 1430 sunt
1557 1376 1710 1449 incognita,
1735 1377 1813 1434 solus

124 1461 166 1530 gis
176 1463 285 1533 gratias
297 1462 597 1538 referimusilligrano
611 1466 718 1539 sinapis
729 1467 804 1539 quod
815 1468 945 1524 ermodi-
994 1467 1068 1522 Deus
1088 1467 1179 1538 judex
1205 1467 1241 1523 sit
1262 1469 1366 1540 justus,
1397 1468 1446 1541 qui
1473 1469 1616 1541 inspector
1647 1475 1691 1527 est
1716 1487 1810 1528 rems.

123 1554 147 1608 ci
160 1554 401 1629 despicabilisque
414 1557 530 1614 seminis
544 1559 650 1631 specie,
661 1560 702 1616 ita
710 1561 836 1616 rumisex
845 1562 944 1618 eadem
993 1561 1071 1616 Unde
1095 1562 1231 1634 scriptum
1254 1567 1296 1618 est
1311 1579 1318 1618 ε
1332 1564 1441 1619 lncerta
1465 1579 1523 1618 non
1543 1563 1706 1635 judoeemus
1718 1564 1812 1638 quoad

123 1647 219 1705 radice
236 1651 420 1722 surgentibus
441 1656 525 1724 atque
546 1670 575 1709 se
600 1654 826 1711 distendentibus
842 1673 945 1728 usque·
995 1653 1058 1728 43
1071 1672 1163 1727 usque
1178 1656 1273 1712 veniat
1289 1657 1423 1713 Dominus
1436 1659 1486 1729 qui
1509 1658 1680 1714 illuminabit
1693 1659 1812 1717 abscon·

123 1758 238 1814 quaque
254 1743 391 1800 diffusum
414 1749 465 1816 est,
477 1746 547 1801 utin
566 1747 607 1802 eis
624 1748 747 1803 volatilia
766 1749 828 1804 coeli
845 1736 1053 1809 cunctaBdita
1068 1751 1265 1817 tenebrarum,
1287 1755 1317 1805 et
1337 1751 1531 1807 manifestabit
1552 1752 1672 1808 consilia
1682 1754 1812 1809 cordium

122 1836 280 1893 nidificent.
304 1839 453 1910 Gratiaque
476 1841 512 1895 sit
533 1840 677 1898 fermento
693 1842 733 1898 illi
756 1843 831 1915 quod
853 1845 944 1900 tribus
995 1842 1019 1913 (i
1032 1845 1091 1902 Cor.
1103 1860 1140 1913 iv,
1157 1845 1193 1917 5.)
1209 1846 1243 1900 Et
1257 1844 1383 1916 quamvis
1397 1861 1464 1900 vera
1479 1845 1544 1914 sint,
1568 1863 1625 1902 non
1639 1850 1736 1902 tamen
1748 1863 1810 1903 cre·

122 1930 224 1985 farinae
235 1933 303 1986 satis
316 1934 404 1988 totius
413 1934 531 1990 humani
540 1935 651 2007 generis
661 1952 784 1993 massam
795 1938 825 1992 iu
837 1938 944 1994 unitate
996 1935 1090 1992 denda
1111 1942 1185 2005 sunt,
1202 1938 1257 1992 nisi
1280 1937 1363 1993 certis
1381 1938 1491 1994 indiciis
1510 1940 1743 2012 comprobentur,
1757 1939 1813 1996 nisi

122 2024 289 2097 conspersit,
296 2031 382 2099 atque
395 2043 481 2099 parvo
496 2027 584 2100 lapidi
593 2030 643 2101 qui
659 2030 796 2086 abscissus
810 2032 845 2087 de
860 2048 942 2088 mou·
995 2046 1059 2102 quae
1069 2031 1219 2087 manifesto
1230 2031 1339 2102 judicio
1354 2031 1571 2100 convincuntur,
1585 2033 1640 2088 nisi
1655 2049 1720 2106 quae
1732 2033 1811 2105 judi·

124 2125 152 2176 tc
165 2120 227 2174 sine
244 2121 387 2189 manibus,
404 2122 553 2194 occuparit
573 2123 733 2180 universam
751 2125 854 2182 faciem
868 2126 944 2182 orbis
994 2123 1079 2178 ciario
1091 2125 1190 2180 ordine
1214 2125 1408 2199 publicantur.
1438 2125 1536 2181 Nullus
1560 2142 1629 2198 ergo
1653 2130 1748 2199 potest
1774 2143 1811 2184 ex

122 2219 204 2269 terrae
222 2231 231 2268 ε
247 2214 297 2286 qui
310 2216 347 2270 ad
360 2214 413 2271 boc
428 2219 560 2272 naturam
575 2221 680 2273 nostrae
696 2220 798 2286 carnis,
813 2225 842 2275 et
855 2223 944 2276 status
994 2219 1120 2274 humano
1131 2218 1316 2274 condemnari
1324 2219 1457 2275 examine
1467 2236 1553 2291 quem
1563 2220 1638 2274 Deus
1647 2220 1810 2292 subjudicio

121 2308 230 2363 servilis
240 2307 365 2364 formam
388 2326 547 2378 assumens,
571 2311 718 2369 humiliter
737 2329 943 2386 usquequaque
993 2312 1156 2368 reservarit.
1172 2314 1236 2368 llaec
1247 2313 1344 2370 omnia
1357 2329 1538 2386 summopere
1549 2316 1616 2370 sunt
1627 2314 1811 2387 praestanda

121 2401 270 2469 distendit,
285 2403 408 2458 utomni
425 2404 554 2460 humano
578 2421 683 2477 genere
698 2406 728 2462 in
748 2406 887 2463 unitatem
901 2424 944 2465 re·
994 2422 1030 2461 ne
1040 2411 1262 2480 praesumptores
1272 2423 1332 2463 esse
1341 2407 1497 2464 videamur.
1510 2408 1543 2462 Et
1554 2408 1695 2464 accusatio
1705 2408 1812 2481 episco-

122 2500 215 2566 dacto,
227 2501 313 2555 totius
325 2517 427 2573 corpus
442 2503 555 2559 unitum
574 2504 725 2577 perficeret
742 2506 884 2575 Ecclcsiae,
899 2509 941 2562 at·
993 2515 1096 2572 porum
1110 2504 1226 2556 nonest
1245 2500 1327 2557 facile
1346 2501 1519 2573 recipienda,
1542 2500 1653 2557 dicente
1665 2501 1808 2558 Domino:

121 2609 175 2665 que
189 2594 232 2649 ita
247 2593 286 2648 ad
297 2594 384 2650 totius
398 2596 575 2668 compaginis
587 2598 745 2669 pertineret
759 2598 943 2656 commodum
995 2615 1009 2643 u
1024 2594 1086 2650 Non
1101 2593 1235 2665 suscipias
1252 2610 1350 2651 vocem
1370 2593 1512 2651 mendacii
1530 2595 1627 2666 (Erod.
1645 2611 1722 2665 xrru,
1742 2596 1777 2668 l).
1793 2615 1808 2646 a

121 2687 320 2743 membrorum
339 2689 467 2760 partialis
480 2690 535 2746 isca
548 2690 794 2750 djsffin0i10‚nnd0
807 2710 858 2749 „0⁵
871 2710 942 2767 quo.
993 2687 1027 2742 Et
1033 2688 1184 2759 Apostolus
1194 2686 1288 2759 inquit
1298 2688 1432 2744 aduersus
1441 2687 1640 2760 presbyterum
1651 2687 1809 2761 inscriptio·

121 2799 175 2854 quc
187 2798 205 2837 a
218 2782 300 2838 vobis
313 2783 397 2855 longe
410 2786 822 2859 nonsumiic‚quiciuil10qui
834 2788 942 2861 utiquc
993 2795 1060 2836 nem
1072 2797 1131 2836 nou
1140 2781 1337 2853 recipiendam
1352 2782 1458 2854 absque
1469 2781 1581 2837 duobus
1593 2783 1639 2837 rel
1650 2782 1740 2838 tribus
1749 2781 1810 2837 ido·

122 2879 269 2932 estunam
284 2893 390 2934 sumus.
406 2880 530 2950 Agamus
553 2879 661 2953 ergoet
682 2881 786 2952 gratias
798 2881 848 2954 qui
864 2881 942 2938 scic·
991 2874 1054 2931 neis
1067 2875 1196 2932 testibus.
1210 2875 1239 2931 si
1253 2876 1314 2932 haec
1334 2876 1370 2931 de
1383 2875 1554 2948 presbyteris
1568 2877 1612 2931 vel
1628 2875 1811 2932 ceterisftde-

122 2969 154 3024 tis
171 2970 333 3026 inimicitiis
351 2971 382 3026 in
407 2988 492 3027 carne
507 2990 576 3044 sua,
599 2974 666 3030 fecit
681 2977 715 3029 ut
735 2974 764 3031 in
784 2975 862 3031 omni
875 2975 943 3032 orbe
993 2968 1066 3024 libUS
1079 2972 1147 3025 suni
1159 2969 1355 3042 Praefflffldss,
1372 2973 1479 3042 (111ῧῦῑο
1493 2969 1587 3042 ¹¹¹⁸ssss
1599 2969 1633 3025 (10
1645 2967 1810 3041 0Pl⁸⁰⁰lli³i

122 3064 263 3119 tatarum
279 3080 353 3119 unus
376 3071 449 3121 essct
469 3082 547 3138 grex,
567 3070 595 3123 ct
613 3083 703 3123 unum
722 3068 794 3123 cvilc
809 3069 861 3124 cub
882 3085 942 3125 unc
952 3107 980 3184 C
991 3061 1100 3126 Quibus
1109 3063 1238 3134 cognitis,
1250 3062 1341 3135 magis
1350 3079 1399 3118 ros
1407 3063 1539 3119 damnari
1546 3063 1617 3119 uelle
1627 3063 1810 3120 manifestum
1847 3117 1858 3130 ,

122 3161 941 3234 pastore,sempermemoresquodvosveritatisPraedica·
992 3160 1035 3212 est
1050 3171 1137 3228 quam
1161 3156 1309 3213 consulere
1339 3157 1485 3225 fratribus,
1509 3161 1559 3213 aut
1579 3163 1735 3214 sustentare
1751 3173 1809 3230 eos,
1901 3198 1904 3204 -

121 3254 164 3306 tor
172 3251 444 3321 admoneat,dicens
453 3271 483 3309 :a
495 3254 618 3312 Sollicite
627 3262 735 3312 servate
742 3256 881 3313 unitatem
888 3257 944 3330 spi·
992 3250 1058 3322 quia
1067 3250 1161 3306 honor
1173 3250 1254 3306 inflat
1266 3250 1439 3324 superbiam,
1449 3255 1479 3306 et
1489 3251 1567 3324 quod
1576 3250 1810 3324 provisumestad

121 3346 188 3401 ritus
198 3346 232 3401 in
244 3345 361 3402 vinculo
378 3348 456 3419 pacis
467 3349 575 3420 (Fptcc,
589 3352 673 3423 1v‚3);
685 3369 700 3403 i
711 3350 855 3407 vinculum
865 3351 942 3407 cnim
992 3344 1175 3401 concordiam
1184 3345 1275 3402 tendit
1284 3345 1320 3401 ad
1329 3362 1444 3402 noxam.
1452 3347 1812 3418 Decueratnamquejuxta

120 3440 195 3512 pacis
211 3456 300 3496 nemo
317 3446 412 3498 servat
433 3442 503 3499 dum
523 3444 612 3500 alium
630 3443 756 3516 infestat,
775 3449 824 3501 cus
837 3445 941 3513 verbis,
992 3439 1127 3510 praefatas
1140 3439 1264 3511 regulas,
1274 3444 1308 3495 ut
1322 3439 1344 3495 si
1356 3440 1464 3512 aliquid
1479 3440 1604 3512 egissent
1618 3446 1717 3496 contra
1726 3455 1811 3497 suum
1833 3444 1835 3449 “

121 3538 167 3589 aut
182 3534 268 3590 factis
280 3536 474 3608 persequitur.
992 3531 1123 3588 ordinem
1147 3533 1284 3589 mandare
1298 3533 1389 3602 nobis,
1405 3537 1435 3590 et
1453 3536 1618 3608 exspectare
1631 3535 1700 3607 quid
1713 3534 1748 3591 ad
1762 3551 1809 3591 re·

152 3629 233 3697 ldeo,
246 3628 362 3698 boues,
375 3631 430 3686 istc
444 3633 632 3704 pcaetustmuc,
644 3633 711 3706 quic
724 3632 883 3689 audivimus
895 3633 940 3690 in.
991 3628 1051 3681 stra
1065 3627 1195 3682 consulta
1214 3627 1445 3717 rescriberemus,
1469 3627 1612 3683 intantum
1631 3630 1663 3683 ut
1682 3628 1706 3683 si
1723 3627 1812 3684 etiarn

120 3721 161 3772 ter
174 3734 227 3773 ros
250 3718 444 3778 accusationes
466 3723 600 3794 exerceri,
623 3726 652 3780 et
672 3724 768 3795 pulsos
789 3741 807 3778 a
827 3722 942 3780 sedibus
993 3718 1220 3793 quidquidgrare
1232 3719 1501 3792 intolerandumque
1511 3721 1732 3789 committerent,
1742 3737 1811 3776 nos·

121 3811 282 3884 episcopos,
298 3817 349 3868 aut
362 3813 420 3869 suis
438 3814 524 3871 rebus
538 3816 709 3889 exspoliatos
719 3816 852 3889 judicari.
864 3816 941 3882 Qua·
993 3816 1036 3869 tra
1051 3814 1264 3886 prestolaretur
1281 3829 1411 3885 censura,
1421 3817 1455 3870 ut
1467 3813 1539 3869 nihil
1549 3814 1628 3887 prius
1641 3816 1692 3870 aut
1700 3813 1811 3885 aliquid

121 3907 240 3978 propter
261 3910 402 3963 statutum
416 3914 469 3979 cst,
484 3914 517 3966 ut
535 3909 558 3965 si
582 3911 646 3983 quis
668 3915 765 3967 contra
777 3911 942 3984 episcopum
992 3907 1068 3964 aliud
1082 3907 1273 3964 decerneretis
1283 3907 1810 3980 quamquodnobisplacerecognove-

122 4000 161 4055 rel
186 4004 306 4056 actores
324 4001 455 4058 Ecclesiae
480 4020 511 4058 se
541 4004 690 4078 proprium
717 4004 870 4062 crediderit
890 4005 940 4061 ha·
992 4001 1054 4058 ritis
1069 4000 1245 4074 etaregulis
1254 4002 1420 4072 praestitutis
1431 4003 1510 4058 nulla
1521 4000 1753 4075 autnegligentia
1761 4005 1812 4059 aut

122 4091 186 4149 bere
199 4094 362 4167 negotium,
376 4113 434 4151 uon
444 4096 523 4169 prius
535 4097 619 4154 adeat
629 4098 740 4170 judices
749 4115 838 4172 quam
848 4099 883 4154 ad
893 4115 942 4156 eos
992 4096 1214 4169 presumptione
1229 4095 1409 4153 recederetis.
1425 4095 1696 4169 Cessethujusmodi
1713 4111 1811 4168 pressa

122 4192 250 4244 recmrat
265 4189 410 4244 charitatis
422 4190 516 4247 studio
526 4196 558 4248 ut
567 4191 703 4249 familiari
712 4192 853 4266 colloquio
863 4210 940 4249 com·
993 4194 1090 4246 nostra
1103 4191 1272 4247 auctoritate
1299 4189 1495 4263 presumptio,
1508 4191 1634 4246 vitentur
1646 4187 1812 4263 hujusmodi

123 4282 943 4359 monitteasanaredebeant,quaeinquerimoniamdedu·
991 4289 1173 4354 nocumenta,
1181 4284 1811 4358 quianequequamtaliapatienterferrepos·

125 4381 236 4430 cuntur.
249 4375 333 4439 Quod
348 4376 371 4430 si
387 4377 470 4433 aliter
483 4379 574 4451 egerit
587 4381 789 4436 communione
803 4380 940 4452 privetur.
992 4376 1813 4452 sumusmachinamenta,quoniamconvenitnobispater·

124 4466 211 4522 Nemo
222 4468 391 4541 pontificum
405 4470 539 4545 deinceps
556 4473 684 4546 aliquem
701 4473 865 4547 episcopum
882 4473 979 4557 suisD
991 4489 1095 4528 narum
1107 4472 1287 4529 sanctionum
1305 4473 1457 4545 diligentes
1479 4490 1539 4529 esse
1559 4471 1812 4529 cicumsedente

125 4562 313 4634 exspoliatum
321 4563 415 4633 rebus,
422 4566 565 4623 autasede
572 4568 687 4639 pulsum
693 4568 939 4625 excommunicare
989 4582 1117 4639 namque
1128 4582 1213 4622 causa
1220 4584 1271 4623 uos
1280 4567 1394 4640 respicit
1401 4566 1423 4622 si
1434 4566 1547 4623 silentio
1555 4567 1698 4622 faveamus
1708 4566 1809 4623 errori.

126 4658 172 4710 aut
175 4656 309 4727 judicare
319 4663 483 4730 prasumat,
494 4660 560 4732 quia
568 4677 626 4718 non
640 4667 682 4718 est
691 4661 872 4736 privilegium
882 4677 939 4734 quo
989 4663 1037 4718 Est
1045 4661 1292 4734 insuperasanctis
1301 4659 1557 4733 praedecessoribus
1570 4661 1673 4717 nostris
1684 4659 1811 4750 plerom-

125 4750 270 4822 exspoliari
285 4752 375 4823 possit
385 4753 446 4825 jani
459 4754 590 4811 nudatus.
604 4757 701 4813 Nullus
712 4756 858 4828 episcopus
870 4757 938 4812 alte·
990 4771 1046 4826 que
1056 4755 1119 4827 jam
1133 4756 1282 4824 statutum,
1294 4759 1328 4810 ut
1340 4769 1426 4809 nemo
1440 4753 1595 4811 anathema
1607 4754 1636 4810 in
1649 4756 1748 4811 nostra
1760 4765 1809 4810 su-

126 4843 941 4919 rinsparocbiauumpraesumatretinereautordinareabs-
989 4848 1125 4921 scipiatur
1136 4846 1326 4918 accusatione,
1340 4863 1393 4904 nec
1405 4846 1445 4903 illi
1460 4847 1510 4921 qui
1527 4865 1580 4904 nos
1595 4848 1627 4903 in
1647 4863 1697 4905 sus
1708 4847 1810 4906 nolunt

125 4953 177 5009 que
189 4939 253 5010 ejus
265 4940 410 4997 voluntate
420 4943 462 4996 rel
469 4941 609 5014 judicare,
624 4944 689 5016 quia
704 4943 777 5000 sicut
785 4943 867 4999 irrita
879 4943 940 5015 ejus
989 4942 1117 5015 recipere
1137 4941 1253 5016 querela
1277 4942 1321 4998 vel
1342 4941 1530 5008 accusatione,
1554 4958 1619 4998 cum
1641 4959 1695 4998 nos
1723 4957 1810 5015 super

125 5031 176 5087 erit
188 5032 345 5101 ordinatio,
359 5033 398 5089 ita
411 5039 440 5091 et
451 5035 628 5109 dijudicatio,
642 5037 778 5111 quoniam
795 5053 940 5094 censemus
989 5035 1053 5092 illos
1068 5036 1221 5105 sciamusa
1234 5035 1355 5093 Domino
1370 5036 1548 5106 constitutos,
1571 5050 1630 5093 non
1645 5037 1710 5094 illos
1722 5046 1809 5109 super

125 5125 234 5182 nubum
242 5127 940 5200 alteriusjudicis,nisisui,senlentiateneri.Nam
989 5146 1052 5186 nos.
1068 5131 1102 5186 Et
1115 5131 1187 5186 sicut
1200 5130 1293 5203 major
1316 5147 1376 5187 non
1399 5134 1491 5204 potest
1511 5147 1528 5186 a
1549 5131 1659 5188 minore
1673 5129 1808 5204 judicari,

125 5221 172 5291 qui
184 5237 254 5278 eum
262 5220 396 5278 ordinare
410 5238 470 5279 non
484 5225 585 5295 potuit,
596 5241 649 5282 nec
658 5225 788 5298 judicare
800 5225 941 5282 ullawnus
991 5224 1030 5280 ita
1040 5240 1093 5281 nec
1102 5224 1240 5297 colligari,
1251 5224 1320 5297 quia
1328 5241 1427 5281 ramm
1433 5228 1476 5282 est
1482 5225 1649 5299 omnequod
1656 5237 1807 5296 magnum,

125 5315 238 5384 poterit.
255 5316 310 5371 lsta
324 5316 402 5372 enim
415 5317 494 5373 robis
506 5317 639 5392 deinceps
653 5321 786 5391 tenenda,
801 5324 829 5376 et
839 5319 941 5376 fratres
991 5324 1044 5375 est.
1054 5319 1202 5375 Portemus
1212 5335 1299 5375 onera
1309 5314 1500 5393 omniumqui
1506 5323 1671 5393 merantur,
1678 5315 1808 5390 quinimo

124 5407 766 5482 unissimadjovaremandamusl'ratresrere
777 5412 940 5487 quostimo·
991 5413 1053 5468 haec
1067 5415 1163 5486 portat
1178 5412 1209 5468 in
1223 5413 1306 5468 nobis
1319 5413 1419 5470 beatos
1438 5414 1584 5486 apostolus
1600 5413 1709 5479 Petrus,
1726 5404 1807 5481 cuius
1899 5421 1901 5426 ’

124 5507 275 5560 reterreno
283 5503 389 5577 injuste
399 5503 565 5577 damnastis,
575 5506 672 5564 scitote
682 5508 871 5581 anobisjuste
880 5524 941 5565 csse
990 5506 1050 5562 rice
1058 5506 1207 5578 fungimur
1215 5507 1366 5580 legatione,
1377 5513 1407 5563 et
1415 5508 1496 5579 cujus
1504 5504 1603 5578 regula
1614 5502 1808 5561 informamur

123 5598 277 5654 restitutos.
285 5598 608 5664 Quibusexauctoritate
615 5601 820 5658 sanctiPetriel
828 5605 940 5675 aposto·
990 5606 1134 5673 quatenus
1146 5601 1209 5673 eJus
1232 5600 1296 5657 fulti
1308 5600 1415 5657 auxilio
1439 5597 1619 5655 abomnibus
1639 5613 1715 5653 nunc
1731 5600 1761 5655 et
1775 5597 1805 5657 in

122 5689 174 5746 lica
180 5692 349 5749 auctoritate
358 5696 457 5752 omnia
464 5712 528 5768 quae
539 5696 579 5751 eis
586 5695 678 5752 ablata
685 5701 752 5752 sunt
758 5695 943 5769 integerrime
991 5699 1162 5768 perpetuum
1177 5699 1312 5751 tueamur
1323 5693 1456 5750 adversis.
1473 5693 1551 5749 Data.
1565 5707 1622 5748 nu
1635 5691 1732 5750 Kalen.
1746 5695 1805 5755 Au.

123 5785 205 5846 reddi
225 5788 421 5860 praecipimus,
444 5790 469 5847 si
482 5807 542 5847 non
563 5789 647 5846 rutis
666 5805 727 5860 vos,
749 5795 786 5867 et
798 5789 943 5868 principes
992 5788 1079 5867 gusti,
1094 5788 1245 5852 Valeriano
1259 5787 1428 5852 etitecioti
1445 5787 1617 5850 recensui.

123 5879 241 5939 restris
254 5880 375 5963 wliegio
390 5885 487 5941 nostru
507 5886 537 5940 et
553 5882 691 5943 membris
708 5883 842 5946 Ecclesia
855 5901 939 5967 sepa-
