3870 6150
16 40 27 215 t

13 218 23 353 t

67 271 1753 334 Q

344 547 737 733 vernon
779 543 1521 735 nummulus,
1741 816 1746 821 .

114 871 784 1017 coniberto
853 851 1709 1021 DEG'RETALIUM.

517 1152 610 1224 (Apud
631 1151 793 1222 lterlinum,
812 1153 929 1211 Collect.
945 1152 1063 1222 concil,
1078 1153 1202 1211 Colonia
1219 1154 1309 1226 ¹530.)

176 1574 359 1678 titoni
391 1575 612 1681 MERLINI
641 1578 895 1684 bottonis
928 1577 1182 1682 eristum
1214 1579 1639 1686 innutriretur.

101 1994 352 2052 deserendissirois
364 1994 395 2050 in
406 1994 518 2052 Christo
530 1996 662 2052 Patribus
676 2001 705 2053 et
719 1995 842 2052 dominis
856 1994 928 2053 meis
939 1994 1184 2068 praestantissimis
1201 1995 1342 2052 Srsrasuo
1356 1999 1385 2051 et
1402 1995 1554 2052 Pnsnarsco
1573 1997 1748 2066 Poucusnus,

68 2093 241 2149 Senonensis
260 2097 288 2150 et
307 2093 475 2150 parisiensis
496 2094 626 2152 Ecclesia
643 2094 814 2168 presulibus
834 2094 1136 2168 circumspectissimis,
1160 2096 1278 2151 lacones
1305 2095 1442 2152 Hmrnus
1463 2094 1565 2152 doctor
1586 2095 1748 2168 theologus,

66 2191 95 2247 S.
111 2192 142 2246 P.
158 2193 192 2247 l).
256 2185 259 2190 ’

99 2378 349 2435 Sacrosanetorum
363 2378 551 2437 conciliorum
564 2380 848 2454 orthodoxorumque
859 2380 1025 2453 pontificum
1039 2380 1182 2450 instituta,
1191 2396 1255 2452 qua
1267 2380 1374 2451 partim
1389 2381 1500 2437 dudum
1510 2380 1610 2439 beatus
1623 2382 1749 2442 isidorus

65 2468 92 2522 in
106 2484 198 2523 unum
207 2473 442 2541 comportaverit,
456 2470 563 2542 partim
578 2473 620 2541 tu,
633 2470 873 2528 reverendissime
886 2471 977 2540 Pater,
992 2469 1111 2543 plumbo
1133 2469 1281 2526 obfirmata
1293 2469 1464 2541 publicanda
1486 2470 1596 2541 dedisti,
1613 2471 1644 2527 in
1658 2488 1749 2530 unuin

65 2557 171 2612 reterre
186 2557 323 2614 volumen
335 2575 393 2615 non
409 2559 595 2632 dissimttlavi,
609 2559 816 2619 conducibilius
829 2559 995 2632 reipublice
1010 2560 1083 2616 nihil
1098 2559 1162 2616 tore
1174 2558 1349 2628 existimans,
1362 2559 1468 2633 quippe
1482 2576 1549 2615 curn
1561 2565 1622 2617 tam
1634 2562 1749 2634 copiose

65 2651 180 2719 tamque
201 2648 339 2704 catholice
360 2648 472 2721 singula
494 2665 559 2722 qnae
583 2654 633 2706 aut
654 2650 691 2706 ad
712 2649 879 2706 atterendus
898 2649 1064 2706 mortalium
1083 2665 1204 2718 amurca,
1224 2653 1274 2705 aut
1295 2648 1332 2704 ad
1351 2649 1567 2705 instaurandum
1580 2651 1642 2722 jam
1660 2668 1749 2726 prope

64 2737 221 2809 cossapsum
233 2738 333 2795 orbem
346 2739 541 2811 praeseferant,
559 2743 590 2795 ut
601 2739 683 2796 facile
695 2755 773 2795 nune
783 2739 904 2812 quisque
917 2738 955 2794 ad
968 2755 1087 2804 manum
1102 2739 1207 2795 habeat
1222 2738 1298 2794 unde
1311 2738 1432 2794 hareses
1450 2742 1480 2795 et
1495 2738 1644 2796 beneficos
1658 2741 1748 2814 jugu-

64 2824 110 2895 let,
128 2827 220 2883 elatos
232 2827 384 2900 deprimat,
398 2829 582 2901 voluptuosos
595 2829 743 2902 defatiget,
758 2829 863 2886 excitat
873 2833 1030 2902 torpentes,
1044 2816 1191 2887 exinaniat
1208 2827 1383 2898 ambitiosos,
1398 2826 1498 2900 vulpes
1510 2827 1603 2900 capiat
1616 2830 1748 2902 parvulas

63 2915 175 2971 vineam
199 2917 418 2974 ecclesiasticam
441 2918 637 2977 demolientes.
653 2919 681 2975 si
701 2917 791 2990 igitur
812 2919 933 2991 posthac
957 2923 1084 2975 monstra
1107 2935 1125 2975 a
1145 2916 1292 2991 republica
1309 2933 1408 2973 arcere
1428 2916 1592 2990 pellensque
1606 2918 1749 2992 quispiam

64 3004 225 3074 mntendat,
238 3006 308 3077 quid
329 3009 509 3079 prestantius
532 3008 672 3083 lapidibus
693 3009 791 3077 David,
807 3024 878 3081 qnos
899 3009 946 3065 hic
958 3009 1088 3064 lordonis
1109 3006 1301 3080 copiosissime
1317 3005 1536 3064 subministrati
1551 3006 1578 3063 st
1591 3005 1663 3064 item
1675 3009 1748 3066 votis

64 3094 249 3151 esuriemium
271 3096 432 3153 satisfacere
454 3101 553 3170 tentet,
569 3091 641 3172 quid
658 3097 801 3171 copiosius
823 3097 993 3171 suaviusque
1014 3097 1116 3170 opibus
1136 3113 1207 3169 quas
1222 3096 1284 3152 hac
1299 3095 1334 3152 de
1350 3094 1549 3152 remotissimis
1561 3096 1619 3152 oris
1630 3096 1747 3154 veniens

64 3184 138 3237 navis
161 3184 277 3240 attulitt
292 3186 322 3241 Si
340 3202 406 3242 vero
427 3188 559 3244 semitam
581 3190 610 3244 et
632 3188 756 3260 veritatis
774 3188 956 3261 splendorem
980 3186 1170 3260 concupiscat,
1193 3203 1227 3243 ex
1251 3184 1355 3259 quibus
1381 3185 1491 3258 optimo
1514 3184 1580 3257 jure
1602 3185 1747 3258 pellantur

65 3288 193 3328 errorum
215 3275 352 3343 tenebrae,
373 3280 403 3331 et
420 3263 520 3349 procul
541 3278 646 3334 abeant
663 3294 730 3334 cum
746 3278 804 3334 suis
818 3277 991 3346 auctoribus,
1004 3276 1075 3350 quid
1088 3275 1214 3348 apertius
1226 3272 1343 3331 Pat'rum
1354 3277 1571 3348 parentumque
1586 3275 1744 3347 sententiis,

60 3377 127 3432 quas
141 3363 310 3434 impellente
324 3369 420 3421 sancto
438 3366 545 3438 Spiritu
566 3367 597 3423 in
615 3368 693 3424 hunc
715 3384 847 3446 acervum
870 3366 1108 3439 comportarunt?
1121 3364 1171 3421 llic
1182 3381 1297 3437 nempe,
1313 3364 1391 3421 velut
1404 3380 1438 3421 er
1456 3367 1538 3436 prato
1550 3362 1669 3421 lloribus
1681 3364 1744 3421 uni·

58 3450 149 3504 versis
161 3452 256 3522 pleno,
271 3454 356 3510 tacite
367 3455 539 3527 colliguntur
552 3473 729 3531 qumnnque
741 3458 778 3514 ad
796 3473 858 3515 reru
878 3458 1030 3514 conterunt
1046 3455 1274 3525 eeclesiasticam,
1289 3468 1469 3528 quacunque
1481 3453 1519 3508 ad
1532 3453 1747 3526 comprimenda

59 3539 126 3594 vitia
140 3541 403 3616 extinguendosque
416 3547 651 3618 concupiscentiae
669 3547 784 3604 ardum
797 3547 972 3604 conducunt.
988 3545 1038 3601 llic
1054 3543 1289 3618 prestantissima
1300 3542 1458 3615 margarita
1471 3558 1546 3614 mox,
1560 3541 1583 3598 si
1596 3541 1744 3615 paululum

56 3628 204 3698 effoderis,
218 3637 356 3688 occurret
366 3634 416 3690 llic
427 3651 611 3708 quoscunque
623 3636 738 3693 damon
752 3635 896 3692 suscitarit
907 3634 1067 3706 haereticos,
1080 3634 1237 3707 jugulatos,
1253 3632 1409 3701 confossos,
1424 3636 1638 3706 prostratosque
1648 3632 1742 3691 intue-

56 3717 145 3774 beris.
156 3719 206 3774 llic
217 3721 325 3777 rituum
334 3725 421 3796 atque
431 3725 600 3781 orthodoxa
610 3726 741 3782 Ecclesia
750 3706 993 3782 sacramentorum
1006 3738 1112 3793 osores,
1123 3721 1215 3794 plagis
1224 3720 1375 3793 impositis,
1387 3721 1587 3778 semimortuos
1596 3738 1742 3795 agnosces.

55 3807 106 3860 llic
122 3824 181 3880 quo
196 3809 299 3882 sponsi
310 3812 443 3870 Ecclesiae
451 3813 519 3886 jura
530 3815 647 3886 tuearis,
665 3815 711 3870 hic
724 3831 836 3888 sponsa
849 3815 1005 3885 libertates,
1021 3816 1051 3869 et
1062 3826 1242 3884 quacunque
1260 3810 1368 3882 reliqua
1381 3826 1445 3882 qua
1457 3809 1494 3865 ad
1509 3809 1658 3882 pacificum
1672 3827 1741 3868 con·

55 3894 165 3951 victum
180 3898 331 3956 hominurn
346 3903 521 3976 conspirant,
533 3903 614 3962 tacite
630 3904 790 3978 depromes.
802 3905 851 3961 llic
863 3905 939 3963 velut
952 3904 989 3960 ad
1007 3905 1117 3977 petram
1129 3899 1242 3974 parvuli
1253 3901 1375 3957 Novatus
1389 3899 1575 3969 Helchessite,
1591 3898 1741 3968 sabellius,

53 3984 221 4056 cerinthus,
235 3989 407 4061 Nepotianus
419 4009 486 4049 cum
497 3993 584 4051 Panlo
597 3995 782 4051 Samoseteno
791 3995 945 4052 eliduntur.
960 3993 1009 4050 tlie
1023 3990 1145 4048 scintilla
1154 3991 1268 4048 Amana
1275 3987 1415 4061 pertidia,
1425 4003 1462 4044 na
1473 4003 1614 4060 magnum
1624 3987 1743 4045 undem

53 4074 202 4144 praeberet
219 4076 394 4150 incendium,
410 4082 561 4154 Photinus,
581 4084 748 4154 Ennomius,
771 4084 890 4153 llebion,
913 4085 1063 4141 llontanus
1084 4081 1178 4155 prisca
1198 4077 1388 4136 emoriuntur.
1411 4076 1462 4132 liic
1481 4077 1559 4133 velut
1577 4076 1740 4136 condensis·

52 4166 128 4221 sima
150 4164 219 4220 silva
238 4166 351 4225 latitant
370 4171 534 4244 orthodoxi,
553 4173 613 4247 qui,
635 4172 725 4231 instar
749 4190 893 4242 ursorum,
915 4173 1076 4246 Pelagium,
1091 4170 1292 4244 Apollinarem,
1309 4166 1525 4239 Priscillianum,
1539 4164 1700 4225 Nestorium
1712 4171 1741 4226 et

51 4256 264 4330 Cetaphrygas,
275 4276 342 4316 curn
350 4260 415 4317 tiliis
427 4262 537 4320 llierico
550 4265 658 4321 laniant
669 4265 861 4337 lacerantque.
875 4263 925 4320 llic
938 4264 1078 4337 Eutyches
1089 4261 1270 4329 llanichaeus,
1283 4256 1429 4332 acephali,
1443 4257 1592 4313 Dioscorus
1605 4261 1635 4314 et
1646 4257 1737 4316 Theo·

53 4345 147 4401 donrs
170 4352 401 4418 prosternuntur.
422 4352 472 4408 llic
494 4353 613 4410 Severus
629 4353 838 4427 Aqrrilegiausis
857 4352 953 4426 gladio
976 4352 1099 4408 Phineas
1113 4349 1273 4424 jugulatur.
1293 4348 1343 4404 llic
1364 4345 1554 4404 llonuthelitre
1571 4345 1740 4404 mandibula

51 4435 129 4490 asini
147 4436 329 4508 dejiciuntur.
353 4441 404 4497 llic
424 4442 550 4516 Sergius,
562 4445 699 4517 Pyrrhus,
711 4444 878 4515 lactarios,
892 4443 969 4500 velut
991 4443 1090 4515 vulpes
1111 4439 1238 4514 parvula
1259 4440 1405 4495 tenentur.
1424 4434 1474 4491 llic
1486 4434 1605 4492 llussitae
1624 4435 1736 4508 perfidi,

53 4523 216 4581 Wicleflstss
237 4528 340 4598 insani,
360 4535 389 4587 et
409 4531 527 4589 Bobemi
549 4536 685 4606 apostata
704 4538 791 4606 atquc
812 4533 993 4600 schismatici,
1011 4548 1078 4589 cum
1096 4547 1147 4587 sua
1163 4532 1224 4586 tota
1239 4527 1413 4602 posteritate,
1430 4528 1462 4580 ut
1479 4523 1631 4596 singularis
1651 4525 1737 4597 fetus,

50 4619 191 4686 perpetuo
203 4616 346 4675 tenuntur
360 4623 553 4681 mathemate.
568 4624 619 4680 liic
631 4640 734 4697 regum
743 4628 772 4681 et
784 4624 993 4697 imperatorum
1007 4621 1138 4696 tyrannis
1154 4619 1230 4676 velut
1240 4619 1345 4674 chamo
1359 4619 1388 4672 et
1402 4616 1484 4672 treno
1499 4612 1676 4687 reprimitur.
1688 4613 1736 4671 llic

49 4706 210 4773 praesulum
231 4713 261 4764 et
278 4709 445 4780 pontificum
464 4713 548 4769 luxus
567 4714 742 4787 coarguitur.
756 4715 785 4771 st
799 4713 966 4771 dissentiant
978 4712 1133 4786 principes,
1149 4710 1195 4766 hic
1210 4709 1321 4764 sincera
1333 4721 1388 4778 pax
1402 4705 1503 4761 latitat.
1518 4703 1548 4760 Si
1560 4703 1596 4760 de
1609 4704 1735 4776 primatu

49 4790 213 4864 disceptent
224 4799 369 4871 praesules,
383 4801 430 4856 hic
444 4802 545 4876 magni
556 4804 668 4861 comitii
682 4805 804 4878 angelus
820 4803 1036 4877 preficiendum
1049 4800 1159 4859 caeteris
1172 4796 1317 4872 patefacit.
1329 4794 1358 4854 Si
1371 4794 1504 4868 pestilens
1516 4793 1620 4850 zizania
1630 4810 1733 4868 agrurn
1776 4857 1779 4864 ⁵

48 4879 231 4940 Dominicum
242 4886 410 4947 labefactare
421 4890 549 4965 incipiat,
562 4910 631 4951 mox
644 4898 726 4967 pater
738 4895 877 4951 excitattrr
889 4893 1079 4966 evangelicus,
1093 4891 1143 4964 qui
1158 4889 1189 4945 in
1200 4887 1357 4955 fasciculos,
1367 4883 1499 4941 incendio
1508 4883 1646 4952 dandam,
1657 4884 1734 4941 colli·

48 4983 122 5040 gere
133 4974 288 5047 praecipiat,
302 4993 426 5050 quornm
437 4981 497 5038 vim
510 4986 596 5056 atque
607 4983 804 5040 conditionem
820 4983 843 5040 si
856 4984 945 5040 semu
964 4980 1180 5054 degustaverint
1192 4976 1377 5035 auuontates
1390 4975 1445 5031 illc
1459 4989 1610 5046 supremae,
1626 4973 1732 5046 princi-

46 5075 125 5129 pum
138 5062 242 5121 scilicet
253 5069 468 5140 etpontilicum,
482 5073 700 5131 ecelesiasticam
714 5090 783 5131 mox
794 5073 961 5132 excitabunt
973 5075 1155 5146 potestatem,
1171 5085 1236 5142 quse
1250 5065 1360 5123 dudum
1372 5080 1389 5119 a
1401 5063 1548 5119 Besiliensi
1560 5062 1679 5120 concilio
1693 5067 1733 5119 to

47 5147 103 5203 ties
117 5155 301 5224 commonita,
315 5158 389 5215 vires
401 5177 546 5220 resumere
557 5180 617 5221 non
627 5164 726 5235 valuit,
737 5165 857 5221 excitata
865 5163 984 5220 tandem
993 5161 1143 5218 brachium
1153 5156 1284 5225 vibravit,
1294 5171 1347 5210 nec
1356 5152 1435 5226 prius
1446 5152 1482 5208 ab
1491 5152 1619 5208 instituto
1629 5168 1733 5209 manus

47 5239 205 5312 revocabit,
219 5243 311 5302 donec
323 5248 393 5304 olim
402 5252 545 5324 perditam
557 5253 893 5328 drachmam(reritatem
905 5253 967 5310 dico
981 5252 1047 5308 vita
1060 5249 1206 5317 doctrines,
1216 5240 1248 5303 'et
1256 5242 1385 5319 justitia)
1396 5240 1627 5298 invenerit.Cum
1636 5240 1731 5314 itaque

47 5343 84 5381 ex
101 5327 266 5400 hujusmodi
276 5340 454 5409 argumentis
465 5345 524 5398 tem
536 5344 683 5418 copiosum
693 5344 821 5418 utileque
835 5343 1002 5417 reipublicae
1019 5341 1183 5399 antidotum
1196 5337 1387 5410 exspectetur,
1401 5331 1479 5388 vobis
1491 5328 1730 5388 reverendissimis

47 5416 190 5488 Patribus,
206 5424 255 5495 qui
273 5427 450 5487 verissimam
472 5432 631 5491 cicatricem
649 5435 752 5494 Christi
774 5434 888 5504 tenetis,
909 5432 1110 5506 supremisque
1131 5424 1232 5486 studiis
1246 5426 1373 5481 sanctmn
1394 5421 1579 5489 ilienrsalem,
1594 5432 1728 5490 sponsam

45 5506 151 5564 Christi
173 5512 380 5590 electissimam,
400 5522 550 5582 restituere
572 5525 780 5600 illustrareque,
798 5525 886 5599 pulsis
904 5524 1038 5581 omnibus
1056 5536 1186 5579 errorum
1206 5515 1288 5585 lucis,
1304 5507 1487 5580 contenditis,
1505 5508 1580 5564 hunc
1600 5511 1729 5564 nostrum

46 5598 192 5655 tantillum
215 5604 340 5664 laborem
359 5626 413 5682 per
432 5628 480 5668 vos
496 5613 659 5687 reipublice
679 5616 870 5685 atterendum,
886 5614 1007 5688 dignum
1020 5612 1087 5669 duxi
1102 5629 1109 5667 ε
1127 5626 1185 5667 non
1198 5621 1303 5682 parurn
1318 5598 1457 5660 mercedis
1472 5613 1519 5653 me
1532 5599 1730 5696 assecuturum

46 5687 224 5764 existimans,
240 5695 329 5753 modo
341 5712 377 5755 ex
391 5700 507 5759 alumno
515 5708 611 5760 >vestro
621 5705 711 5778 (cujus
724 5706 855 5762 animum
868 5703 1036 5762 vixhumeri
1044 5700 1193 5770 sufferunt)
1205 5694 1454 5770 qualibuscunque
1464 5685 1565 5742 ’ΨΜ
1574 5683 1662 5758 (Velut
1672 5689 1729 5746 mel

250 5792 387 5865 Parnes.
413 5798 532 5870 CXXX.
1516 5791 1531 5855 ¹
