3870 6150
127 238 161 295 ih
746 241 982 300 ostentationi
1001 243 1193 301 contactio.
1775 201 1810 303 to

127 345 305 421 prehensum
317 344 446 412 estouae
457 345 487 402 in
498 361 532 402 eo
546 346 653 419 pariter
663 348 792 405 universa
804 351 945 423 completa
954 351 1106 436 Alicentia
1124 356 1221 424 agant.
1240 353 1302 409 Non
1322 354 1420 427 utique
1440 353 1541 411 missas
1563 353 1624 412 sine
1647 351 1708 428 ejus
1726 350 1809 429 jussu

127 443 201 496 arnt
210 440 294 505 Quod
304 439 573 496 antemlndaeorum
583 429 724 513 propheta
736 442 870 513 praedixit
878 460 944 500 eum
993 445 1114 516 quisque
1132 446 1363 518 presbyterorum
1384 447 1413 502 in
1434 465 1485 503 sna
1503 449 1638 521 parochia
1657 453 1810 521 agatnen

127 533 757 606 agentibnsexspectandum,snpramodum
770 536 800 591 in
814 537 945 593 aolidem
993 537 1133 609 baptizet,
1153 554 1206 593 nec
1228 539 1384 612 quidquam
1405 540 1510 613 absque
1530 542 1591 613 ejus
1611 541 1752 613 permissu
1770 543 1812 598 ia·

126 644 223 683 veram
240 627 347 683 tirmat.
362 627 392 683 Si
407 626 483 682 enim
496 626 612 683 dixisset
625 643 643 682 a
658 628 761 684 Judaeis
777 635 942 702 exspectan·
993 630 1060 686 ciat.
1076 630 1213 687 Similiter
1226 635 1255 687 et
1268 633 1371 705 reliqui
1388 635 1500 705 populi,
1516 635 1640 706 majores
1655 635 1810 691 scilicetne

127 721 204 789 dum,
225 736 285 777 non
304 720 412 793 aliquid
431 719 568 775 eximium
587 721 771 792 prophetasse
789 723 943 794 videretur,
994 723 1130 792 minores,
1144 741 1197 796 per
1211 724 1272 796 ejus
1284 725 1432 780 licentiam
1445 721 1584 798 quidquid
1596 728 1739 800 agendum
1753 730 1807 797 est,

127 814 203 886 quod
220 831 238 868 a
252 813 407 870 contribuli
423 813 528 885 populo
544 816 601 869 eta
618 815 733 885 propria
747 820 831 888 gente
848 833 943 888 spera·
993 822 1090 888 agant,
1100 834 1154 872 nec
1170 818 1231 873 sinc
1246 819 1306 891 ejus
1318 819 1459 890 permissu
1474 835 1490 874 a
1503 836 1553 875 sua
1564 821 1699 892 parochia
1712 821 1810 876 absce-

126 911 204 963 rctur
218 907 243 961 is
256 907 339 978 cujus
350 907 488 962 adventus
500 906 537 960 ad
549 905 671 962 salntem
684 907 786 964 mundi
797 908 891 964 iuerat
902 925 945 966 re-
994 910 1073 979 dant,
1084 911 1128 966 vel
1140 911 1170 966 in
1180 927 1214 966 ea
1227 911 1413 968 adventantes
1426 913 1532 968 morari
1546 918 1731 984 praesumant.
1744 914 1809 970 ltni-

125 999 305 1072 promissus,
327 1000 437 1055 videtur
461 1000 538 1055 enim
563 1001 654 1073 magis
677 1017 851 1073 consequens
872 1002 944 1058 ratio
992 1018 1048 1058 mre
1069 1019 1135 1059 vero
1152 1020 1253 1060 eorum
1273 1004 1300 1059 ei
1319 1005 1433 1061 creditne
1452 1009 1527 1061 sunt.
1547 1005 1611 1061 ldeo
1632 1006 1729 1061 omnia
1747 1007 1809 1078 eins

125 1109 182 1150 csse
198 1097 234 1149 nt
255 1093 310 1148 hoc
327 1093 409 1148 tieret
424 1109 513 1164 mam
529 1094 740 1166 magnificentia
759 1095 941 1167 prophetalis.
992 1095 1202 1168 consilioagere
1212 1096 1328 1167 debent,
1339 1101 1411 1152 eteo
1424 1097 1585 1153 inconsulto
1595 1097 1676 1152 nihil
1688 1098 1810 1162 Quicun-

124 1187 203 1241 Nunc
228 1189 328 1242 autem
350 1202 416 1241 cum
437 1187 585 1258 prophete
610 1187 706 1243 dicant
727 1203 841 1242 omnem
865 1187 943 1243 illam
992 1205 1048 1261 que
1062 1189 1141 1244 enim
1153 1189 1289 1246 obediunt
1306 1189 1446 1264 episcopis
1463 1190 1532 1257 suis,
1548 1189 1808 1262 videnturquidem

124 1295 203 1352 qam
227 1295 297 1352 quae
318 1279 354 1334 de
372 1279 463 1335 salute
481 1279 582 1336 mundi
604 1279 822 1353 repromittitur,
844 1286 873 1336 et
892 1296 943 1336 no
993 1280 1101 1352 aliquid
1124 1281 1224 1353 gratiae
1250 1282 1378 1338 conferre
1400 1283 1467 1338 Deo.
1496 1283 1549 1347 Dni
1570 1285 1666 1338 autem
1688 1281 1729 1339 eis
1750 1298 1809 1339 non

123 1373 240 1428 vitatem
262 1372 347 1444 regni
369 1388 434 1443 quei
456 1372 623 1429 instruenda
644 1389 697 1445 per
717 1373 859 1430 Christum
881 1379 941 1443 est,
992 1372 1141 1440 obediunt,
1151 1372 1348 1431 indubitanter
1356 1374 1400 1430 rei
1409 1378 1436 1430 et
1449 1373 1563 1446 reprobi
1576 1375 1711 1431 existunt.
1721 1376 1808 1430 Porro

123 1471 211 1538 atque
231 1464 411 1537 omniaque
428 1466 465 1520 de
482 1482 516 1521 eo
531 1466 697 1537 judicantur
710 1467 746 1521 od
765 1471 863 1538 gentes
882 1484 941 1522 esse
991 1465 1046 1537 ipsi
1067 1483 1084 1521 a
1104 1467 1163 1521 Deo
1181 1467 1291 1523 donum
1309 1467 1415 1523 summi
1434 1468 1563 1524 muneris
1581 1471 1806 1539 consequuntur,

122 1558 399 1630 transferenda,jam
412 1575 470 1614 non
483 1559 640 1614 secuudum
653 1559 889 1632 consequentiam
899 1577 942 1615 re·
991 1559 1041 1630 qui
1060 1559 1178 1630 justitiae
1200 1564 1230 1614 ct
1250 1560 1385 1632 praecepti
1408 1561 1469 1633 ejus
1492 1561 1610 1617 semitas
1631 1560 1806 1628 incedentes,

121 1668 196 1720 rum,
210 1651 267 1706 sed
283 1651 443 1707 incredibili
460 1651 583 1724 quodam
600 1651 807 1708 vaticinationis
824 1657 938 1719 eventu,
991 1651 1156 1708 doctoribus
1181 1652 1239 1708 suis
1264 1653 1323 1724 (qni
1346 1658 1422 1709 recte
1448 1654 1571 1726 episcopi
1597 1653 1806 1726 intelliguntur)

121 1744 337 1817 magnificentia
355 1744 521 1817 prophetica
536 1745 732 1801 confirmatur.
748 1746 838 1802 Judaei
856 1763 938 1802 nam·
950 1723 978 1796 Β
989 1744 1112 1800 libenter
1130 1745 1275 1801 obediunt.
1296 1746 1336 1800 De
1357 1746 1460 1819 quibus
1479 1750 1509 1802 et
1527 1747 1628 1803 beatus
1648 1749 1747 1803 Petrus
1766 1745 1807 1802 in·

120 1850 175 1907 que
199 1851 234 1888 ex
260 1833 342 1889 initio
369 1832 456 1889 affore
479 1832 631 1905 aliquando
656 1833 732 1888 hunc
757 1833 865 1901 virum,
887 1851 939 1906 per
989 1840 1122 1905 structor,
1138 1840 1167 1893 et
1181 1839 1327 1894 ordinator
1343 1844 1449 1907 noster,
1465 1843 1494 1895 et
1509 1839 1646 1912 princeps
1663 1839 1805 1911 apostolo-

121 1944 210 2000 quem
228 1931 332 1983 ctmcta
350 1930 524 1999 reparantur
541 1926 691 1996 verissima]
704 1926 859 1982 traditione
881 1943 940 1982 sus-
988 1947 1054 1986 rum
1065 1930 1215 1986 manifeste
1226 1931 1499 1987 cunctosaudientes
1509 1931 1679 2000 instruebat,
1689 1932 1802 1987 dicens:

120 2024 276 2093 ceperunt,
293 2023 322 2075 et
339 2019 466 2091 qnotidie
484 2019 671 2088 meditantes,
688 2035 720 2075 ac
738 2020 939 2092 perspicientes
988 2023 1125 2080 Videntur
1140 2024 1213 2079 mihi
1230 2024 1278 2096 qui
1292 2024 1449 2096 loquuntur
1461 2023 1546 2079 verba
1558 2024 1697 2090 veritatis,
1712 2028 1741 2079 et
1757 2023 1806 2095 qni

122 2113 243 2186 qnando
257 2113 314 2184 ejas
328 2113 410 2168 fleret
424 2112 574 2180 adventus,
594 2112 643 2167 ubi
652 2111 653 2115 ’
663 2113 760 2169 adesse
776 2128 844 2167 eum
858 2113 937 2170 vide·
989 2117 1149 2173 illuminant
1160 2117 1270 2172 animas
1280 2117 1431 2173 hominum
1441 2116 1550 2172 similes
1559 2133 1619 2173 esse
1629 2116 1718 2173 radiis
1728 2116 1803 2173 solis.

120 2210 201 2276 runt,
224 2210 254 2261 et
272 2206 356 2278 signa
375 2222 409 2260 ac
427 2205 559 2278 prodigia
580 2205 653 2260 sicut
676 2205 711 2261 de
731 2222 764 2261 eo
784 2205 939 2279 ascriptum
987 2210 1041 2275 Qui
1053 2214 1084 2266 ut
1097 2209 1287 2282 processerint
1299 2215 1328 2265 et
1340 2209 1523 2282 apparuerint
1534 2209 1655 2277 mundo,
1668 2209 1752 2265 celari
1765 2208 1806 2264 ul-

120 2300 214 2354 fuerat
239 2298 461 2371 adimplentem,
492 2297 600 2354 invidia
625 2299 757 2355 excaecati
784 2315 938 2371 agnoscere
987 2308 1043 2371 tra,
1056 2307 1106 2358 aut
1118 2302 1256 2358 occultari
1269 2302 1432 2358 nullatenus
1446 2307 1575 2373 possunt,
1590 2303 1658 2357 dum
1674 2304 1805 2357 nontam

121 2393 315 2464 nequiverunt
337 2394 523 2463 presentem,
545 2390 575 2445 in
599 2392 678 2463 cujus
699 2408 748 2464 spe
770 2392 939 2448 laetabantnr
987 2395 1123 2451 videntur
1138 2396 1175 2450 ab
1190 2395 1353 2450 hominibus
1369 2411 1457 2466 quam
1473 2394 1571 2451 videre
1589 2394 1722 2451 omnibus
1735 2411 1806 2466 pree·

120 2486 262 2541 absentes.
274 2486 480 2540 lntellexerunt
491 2489 604 2540 tantum
619 2486 710 2541 sancti
726 2485 844 2557 apostoli
859 2486 938 2558 qnia
989 2492 1074 2544 stant.
1090 2489 1170 2544 Unde
1188 2494 1217 2544 et
1230 2489 1305 2544 bene
1320 2489 1381 2560 ipsa
1397 2504 1450 2559 per
1462 2504 1492 2543 se
1504 2487 1615 2544 Veritas
1629 2488 1666 2543 ad
1679 2487 1805 2543 veritatis

122 2580 179 2636 Deo
191 2579 277 2635 eiecti
291 2581 367 2644 sunt,
383 2582 412 2634 et
428 2594 480 2632 nos
494 2578 543 2649 qui
557 2581 621 2649 post
632 2578 668 2633 eb
682 2578 722 2633 eis
736 2579 817 2634 electi
829 2595 937 2635 snmus.
988 2597 1132 2653 precones
1147 2581 1187 2636 ait
1203 2599 1210 2636 :
1227 2582 1309 2636 «Vos
1322 2581 1387 2635 estis
1403 2582 1450 2635 lux
1468 2580 1581 2646 mundi,
1599 2584 1627 2636 et
1641 2596 1699 2635 non
1712 2584 1805 2651 potest

121 2674 177 2729 tloc
191 2676 289 2728 autem
306 2671 482 2743 providentia
498 2670 612 2727 Domini
626 2671 798 2741 factumest,
812 2675 843 2726 ut
855 2673 937 2745 agui·
988 2674 1084 2729 civitas
1097 2673 1230 2729 abscondi
1245 2689 1331 2745 supra
1345 2676 1471 2728 montem
1486 2672 1589 2745 posita,
1603 2688 1696 2744 neque
1708 2688 1804 2728 accen·

122 2767 161 2821 tio
174 2765 245 2820 boni
258 2765 344 2836 hujus
356 2764 442 2819 etiarn
459 2764 593 2835 gentibus
608 2764 780 2830 traderetur,
794 2770 822 2820 et
834 2764 875 2834 hi,
889 2766 938 2837 qni
988 2767 1060 2823 dunt
1072 2768 1227 2834 lucernam,
1239 2770 1269 2822 et
1279 2770 1392 2838 ponunt
1403 2781 1468 2820 eam
1479 2765 1532 2821 snb
1540 2765 1650 2833 modio,
1659 2765 1709 2820 sed
1719 2781 1804 2836 supra

123 2875 270 2931 nunqnam
286 2857 320 2913 de
337 2873 370 2913 eo
390 2857 548 2924 audierant,
564 2874 616 2913 nec
634 2858 816 2930 aprophetis
832 2857 936 2914 didice·
988 2859 1202 2926 candelabrum,
1218 2864 1251 2914 nt
1270 2860 1361 2915 luceat
1377 2858 1510 2914 omnibus
1527 2857 1623 2930 quiin
1640 2857 1724 2913 domo
1738 2861 1805 2914 sunt

123 2957 199 3018 rant,
223 2954 411 3023 agnoscerent
432 2967 498 3006 eum
521 2967 528 3006 ε
550 2951 591 3006 illi
610 2967 677 3006 vero
695 2951 744 3023 qui
766 2951 938 3023 quotidianis
988 2951 1096 3022 (aaran.
1108 2968 1135 3021 v,
1146 2953 1199 3023 ll).
1212 2971 1226 3004 a
1237 2952 1267 3009 Si
1277 2952 1340 3023 quis
1348 2967 1418 3023 ergo
1428 2951 1473 3006 his
1482 2949 1631 3018 obedierit,
1642 2952 1712 3018 Deo,
1724 2955 1755 3006 nt
1764 2950 1805 3007 di-

125 3044 355 3100 meditationibus
374 3048 545 3100 evanuerant
568 3044 744 3116 ignorarent.
766 3046 835 3100 Ecce
859 3044 937 3099 enim
946 3081 974 3157 C
988 3049 1126 3112 ctumest,
1138 3060 1277 3116 magnum
1287 3044 1494 3099 mnnnsoifert.
1504 3042 1659 3108 Duiautem
1670 3043 1715 3098 his
1725 3042 1804 3099 resti·

125 3153 195 3193 nunc
215 3154 273 3210 per
294 3154 343 3192 vos
367 3137 417 3208 qui
439 3141 593 3208 presentes
615 3137 697 3206 estis,
721 3142 750 3192 et
772 3137 937 3193 desideratis
985 3138 1061 3205 terit,
1078 3141 1127 3192 aut
1139 3136 1306 3193 inobediens
1320 3137 1468 3204 exstiterit,
1482 3152 1539 3192 non
1553 3135 1609 3206 his,
1621 3135 1802 3192 sedDomino

127 3230 217 3286 andire
239 3229 398 3286 doctrinam
420 3229 487 3285 fidei
507 3230 577 3301 ejus,
599 3234 630 3285 et
648 3246 803 3302 agnoscere
822 3230 887 3301 quis
909 3235 938 3286 et
985 3230 1122 3287 salvatori
1135 3235 1243 3298 nostro,
1254 3231 1335 3303 cujus
1349 3230 1491 3300 legatione
1503 3230 1674 3301 iunguntur,
1688 3229 1801 3298 resistit,

127 3324 273 3394 quomodo,
292 3326 321 3379 et
341 3322 435 3394 qualis
457 3323 494 3377 sit
514 3323 575 3394 ejus
597 3323 748 3392 adventus,
770 3323 936 3395 prophetica
984 3328 1102 3395 propter
1114 3324 1190 3394 quod
1202 3324 1328 3395 primum
1342 3327 1385 3379 est
1397 3323 1529 3378 omnium
1539 3322 1682 3393 justitiam
1695 3322 1745 3377 Dei
1760 3339 1803 3377 re·

127 3417 222 3471 veritas
237 3415 412 3487 adimpletur
426 3434 433 3470 ε
450 3416 503 3471 hoc
515 3415 593 3471 enim
606 3417 681 3488 quod
695 3416 845 3489 propbetae
859 3433 934 3489 prte-
985 3432 1133 3489 gnumque
1147 3417 1209 3488 ejus
1222 3416 1378 3489 inquirere,
1390 3419 1420 3471 et
1434 3417 1492 3471 suis
1503 3416 1679 3488 jussionibus
1692 3415 1802 3470 obtem·

127 3508 249 3565 dixeram
266 3508 335 3580 quia
354 3525 371 3563 a
389 3507 469 3564 vobis
490 3510 662 3581 querendae
683 3514 759 3564 esset
775 3509 825 3580 qni
844 3509 879 3564 de
900 3525 935 3564 eo
984 3525 1096 3582 perere.
1108 3509 1251 3565 iustitiam
1261 3509 1388 3581 quidem,
1398 3513 1431 3564 ut
1445 3512 1522 3565 recte
1535 3524 1621 3580 agere
1633 3509 1801 3573 doceamus,

126 3615 266 3673 nunquam
289 3600 416 3656 audistis.
436 3602 470 3656 Et
490 3600 555 3656 ideo
575 3601 703 3656 videntes
720 3601 750 3656 in
768 3600 848 3656 vobis
867 3601 936 3673 ipsis
984 3603 1116 3673 Regnum
1134 3618 1210 3670 vero,
1226 3606 1258 3658 nt
1277 3619 1342 3673 qne
1361 3603 1398 3657 sit
1415 3619 1524 3659 merces
1543 3601 1634 3675 posita
1649 3599 1754 3657 laboris
1773 3604 1803 3655 et

127 3694 285 3766 prophetica
298 3692 373 3748 dicta
391 3693 543 3766 compleri,
564 3693 630 3750 huic
647 3693 696 3748 nni
711 3698 787 3749 recte
806 3693 934 3759 creditis,
984 3693 1129 3765 patientiae
1142 3693 1316 3761 noverimus,
1331 3694 1361 3748 in
1373 3712 1430 3766 quo
1446 3701 1488 3750 est
1500 3695 1583 3750 bonis
1594 3695 1712 3766 quidem
1722 3697 1802 3749 teter·

127 3785 193 3842 hunc
212 3791 290 3842 recte
308 3787 487 3858 exspectatis,
507 3786 542 3841 de
562 3787 617 3842 hoc
637 3790 714 3841 recte
732 3786 885 3858 inquiritis,
906 3791 936 3842 ut
985 3786 1242 3841 norumbonorum
1255 3787 1461 3853 remuneratio,
1476 3786 1520 3841 bis
1532 3790 1629 3841 autem
1640 3787 1689 3857 qui
1701 3788 1803 3840 contra

128 3895 177 3935 non
189 3879 283 3935 solnm
298 3879 466 3951 exspectetis
478 3895 555 3949 eum,
569 3879 618 3935 sed
635 3883 665 3935 et
678 3879 875 3935 haereditatem
890 3895 933 3936 re·
983 3879 1160 3935 voluntatem
1177 3877 1240 3950 ejus
1253 3884 1375 3949 egerunt
1390 3892 1397 3932 :
1412 3895 1465 3949 pro
1479 3877 1702 3948 uniuscujusque
1716 3876 1802 3948 gestis

127 3973 168 4043 gni
186 3973 249 4045 ejus
270 3973 418 4029 credentes
437 3972 661 4045 consequamini,
683 3972 839 4028 secundum
858 3973 935 4045 quod
984 3987 1136 4044 penarum
1145 3971 1234 4042 digna
1245 3970 1397 4040 restitutio,
1408 3970 1455 4026 hic
1467 3986 1547 4043 ergo,
1559 3970 1613 4025 hoc
1626 3973 1678 4036 est,
1690 3969 1802 4041 inprae-

126 4064 178 4135 ipse
191 4064 274 4135 dixit,
295 4064 363 4136 quia
375 4065 573 4137 unusquisque
587 4064 663 4120 illius
681 4064 717 4120 sit
736 4080 832 4120 servas
846 4064 890 4120 cui
904 4082 935 4120 se
985 4065 1058 4120 senti
1071 4064 1128 4120 vita
1140 4064 1258 4136 positos,
1269 4067 1384 4136 oportet
1397 4080 1449 4120 nos
1462 4078 1615 4136 agnoscere
1628 4063 1801 4118 voluntatem

126 4157 178 4228 ipse
202 4157 364 4229 subjecerit.
386 4158 540 4229 Propterea
563 4173 633 4229 ergo
654 4157 769 4229 vigilate
792 4161 823 4212 et
843 4158 936 4214 Domi·
984 4158 1045 4226 Dei,
1055 4156 1104 4213 ubi
1120 4161 1149 4213 et
1160 4158 1264 4230 agendi
1278 4161 1306 4214 et
1317 4157 1493 4213 sacrificandi
1507 4160 1550 4213 est
1561 4157 1650 4213 locus.
1660 4156 1802 4221 Quoniam

126 4251 348 4322 uumDenmque
361 4255 493 4316 nostrum
505 4251 583 4306 vobis
592 4250 761 4307 conscribite
772 4250 934 4320 Dominum,
984 4250 1015 4304 in
1040 4250 1103 4304 aliis
1128 4250 1197 4305 locis
1219 4249 1378 4305 sacrificare
1401 4254 1429 4305 et
1454 4249 1553 4304 missas
1579 4248 1722 4305 celebrare
1742 4265 1801 4303 non

127 4344 168 4413 qui
186 4347 217 4398 et
231 4343 295 4398 coeli
308 4358 340 4398 ac
356 4347 442 4398 terrae
460 4343 597 4399 Dominus
612 4348 663 4399 est.
683 4345 717 4400 nt
730 4343 767 4398 ad
787 4344 874 4416 ipsius
887 4361 936 4399 vos
984 4343 1058 4411 licet,
1077 4341 1133 4399 nisi
1152 4343 1181 4398 in
1196 4343 1241 4397 his
1257 4342 1288 4398 in
1308 4342 1412 4415 quibus
1430 4342 1578 4414 episcopus
1598 4340 1732 4415 proprius
1742 4341 1802 4412 jus·

127 4434 276 4507 maginem
298 4452 331 4490 ac
354 4434 572 4492 similitudinem
594 4437 766 4503 reformate,
787 4436 859 4491 sicut
875 4435 1060 4517 ipseDserit,
1079 4439 1129 4491 ant
1148 4434 1331 4508 abepiscopo
1347 4434 1519 4507 regulariter
1535 4434 1667 4501 ordinato
1684 4438 1801 4490 tenente

128 4541 202 4592 rann
215 4528 358 4600 Propheta
372 4528 454 4585 docet
467 4529 609 4585 dicensz«
622 4531 718 4585 Estote
731 4528 799 4585 boni
812 4530 935 4584 etmise-
984 4527 1115 4584 videlicet
1141 4527 1284 4585 civitatem
1309 4528 1359 4584 nbi
1385 4533 1564 4584 consecratus
1590 4527 1685 4583 fuerit.
1714 4526 1802 4582 Aliter

128 4620 244 4677 ricordes
257 4621 331 4676 ment
344 4624 373 4676 et
384 4624 467 4677 Pater
482 4625 575 4678 vester
586 4622 708 4678 coelestis
720 4622 879 4678 misericors
893 4627 936 4677 est
984 4620 1062 4676 enim
1081 4636 1139 4676 non
1161 4624 1228 4676 sunt
1247 4620 1308 4676 haec
1327 4620 1449 4692 agenda,
1469 4636 1521 4676 nec
1540 4619 1595 4676 rite
1614 4619 1799 4685 celebranda,

128 4711 192 4779 (lac.
215 4731 258 4780 vr,
287 4716 341 4785 36],
368 4714 417 4787 qui
443 4715 513 4770 oriri
536 4715 604 4770 iacit
629 4716 720 4771 solem
744 4732 829 4771 snum
850 4731 936 4787 super
984 4713 1101 4769 docente
1117 4729 1170 4768 nos
1187 4714 1263 4769 Novo
1278 4718 1307 4768 et
1325 4712 1420 4768 Veteri
1440 4714 1631 4768 Testamenta.
1646 4713 1710 4767 ilaec
1729 4728 1799 4783 apo·

128 4803 208 4860 bonos
230 4812 260 4861 et
282 4808 373 4862 malos
396 4808 425 4860 et
446 4806 519 4878 pluit
542 4823 629 4879 super
647 4808 740 4879 justos
764 4812 793 4864 et
816 4808 935 4880 injustos
984 4806 1396 4878 stoliaDominoacceperunt,
1409 4804 1801 4874 etnobistradiderunt,haec

128 4896 225 4961 (runa
242 4916 269 4965 v,
288 4899 341 4969 te).
359 4917 374 4950 s
392 4900 472 4954 Hunc
491 4916 560 4972 ergo
578 4900 743 4969 imitamini,
759 4905 788 4956 et
805 4901 882 4957 hunc
896 4901 933 4956 ti·
985 4916 1038 4954 nos
1048 4899 1192 4965 docemus,
1201 4899 1338 4970 vobisque
1348 4903 1376 4954 et
1388 4898 1521 4953 omnibus
1531 4898 1638 4971 absque
1647 4898 1801 4969 reprehen-

127 4994 204 5059 nete,
210 4996 248 5060 ct,
255 4991 498 5048 sicutmandetum
507 4992 773 5064 datnrhominibus,
781 4993 935 5050 Dominum
985 4991 1065 5047 sione
1077 4995 1177 5047 tenere
1190 4996 1219 5047 et
1233 4992 1336 5047 docere
1349 4991 1454 5063 quibus
1464 4992 1610 5063 agendum
1624 4994 1667 5048 est
1678 4991 1799 5046 manda-

128 5079 210 5138 Deum
225 5087 309 5141 tuum
329 5084 453 5151 timebis,
468 5090 498 5141 et
514 5085 554 5141 illi
569 5086 622 5142 soli
639 5086 756 5142 servies.
774 5086 935 5142 lnfidelibus
984 5101 1064 5154 mus,
1088 5101 1267 5157 unaquaeque
1288 5084 1393 5141 etenim
1412 5101 1457 5140 res
1480 5089 1593 5156 tempus
1612 5101 1696 5140 sunm
1713 5084 1802 5139 habet

126 5176 235 5245 quidem
252 5175 362 5231 dormit
377 5177 527 5245 Dominus,
549 5183 578 5232 et
594 5178 697 5234 absens
715 5179 837 5234 habetur
855 5178 901 5233 his
918 5195 935 5232 a
984 5180 1013 5233 et
1024 5178 1128 5233 locum.
1142 5179 1268 5248 Operum
1284 5177 1329 5233 hic
1344 5178 1422 5233 locus
1436 5181 1489 5247 est,
1501 5183 1615 5250 tempus
1630 5193 1697 5232 vero
1711 5175 1798 5231 meri·

126 5267 218 5337 quibus
241 5285 301 5324 esse
323 5285 381 5325 non
404 5271 545 5341 creditur,
572 5275 600 5327 et
624 5271 767 5327 mandatis
791 5272 853 5343 ejus
877 5286 934 5326 non
983 5274 1077 5348 tornm
1093 5272 1137 5324 est
1150 5270 1285 5325 saeculnm
1303 5271 1443 5326 futurum.
1458 5271 1498 5326 Ne
1512 5287 1581 5343 ergo
1597 5269 1799 5343 impediamur,

126 5358 263 5430 obediunt,
278 5367 365 5433 atque
383 5362 419 5417 ab
437 5362 492 5419 illis
510 5364 622 5420 videtur
637 5364 720 5436 quasi
739 5364 864 5420 dormire
881 5365 933 5419 Do·
985 5363 1117 5419 ordinem
1129 5365 1256 5419 locorum
1267 5380 1299 5418 ac
1311 5369 1473 5437 temporum
1483 5368 1677 5436 permutantes
1682 5379 1691 5430 3
1702 5359 1798 5433 primo

124 5452 221 5521 minus,
235 5455 305 5527 quia
318 5471 370 5526 pro
381 5456 504 5527 peccatis
516 5458 574 5514 suis
588 5473 646 5513 non
662 5458 861 5514 exaudiuntur.
983 5471 1046 5527 quae
1068 5456 1105 5510 sit
1123 5457 1171 5511 Dei
1189 5456 1301 5528 justitia
1321 5456 1518 5528 requiramus,
1542 5461 1570 5512 et
1587 5459 1723 5524 tanquam
1745 5449 1800 5505 iter

152 5547 330 5620 Quapropter
341 5549 451 5604 cunctis
462 5550 604 5618 fidelibus,
615 5553 835 5622 etsnmmopere
845 5551 935 5605 omni·
984 5548 1076 5605 acturi
1093 5548 1249 5605 abundanti
1262 5547 1364 5605 viatico
1379 5550 1460 5605 bonis
1475 5548 1608 5621 operibus
1621 5544 1796 5615 repleamur,

120 5635 167 5695 bus
188 5640 375 5713 presbyteris,
390 5645 420 5697 et
436 5641 611 5714 diaconibus,
630 5660 663 5699 ac
679 5643 795 5716 reliquis
814 5642 932 5713 clericis,
983 5658 1040 5714 qno
1051 5642 1193 5714 possimus
1203 5642 1240 5698 ad
1252 5658 1375 5714 regnum
1384 5641 1497 5698 Domini
1505 5645 1640 5710 tanquam
1650 5634 1798 5694 adurbem

120 5734 325 5790 attendendum
344 5739 396 5802 est,
418 5739 450 5790 nt
463 5736 535 5792 nibil
555 5736 663 5808 absque
680 5735 804 5808 episcopi
822 5736 933 5808 proprii
983 5735 1140 5792 maximam
1172 5736 1330 5807 pervenire.
1362 5737 1435 5790 Deus
1465 5732 1541 5789 enim
1568 5730 1613 5787 his
1639 5729 1688 5803 qui
1721 5735 1796 5788 recte
