3870 6150
59 217 113 269 9³7
683 215 917 274 oneraremus
938 219 1129 275 cotahelm.
1268 231 1270 235 “
1694 223 1744 278 tut

60 321 184 377 meronie
204 321 362 392 vindicasti,
381 324 532 380 hereticos
548 329 577 382 et
598 341 774 397 pervasores,
791 331 878 398 atque
888 325 1134 412 Aobjectionibas
1148 327 1302 399 impetivit,
1316 328 1346 383 in
1359 328 1513 400 apostoliea
1527 327 1686 385 meandum
1697 343 1744 386 en-

59 418 96 471 ab
119 415 262 471 haereticis
283 416 437 485 ordinatos,
455 421 483 473 et
502 434 573 490 quos
598 419 658 491 ipse
681 418 877 490 damnaveras,
929 436 1017 475 nones
1037 419 1210 493 respondere
1230 420 1374 491 diflidens,
1391 422 1503 493 abjecta
1521 422 1656 490 firmasti3
1672 422 1743 479 reli-

59 517 149 583 atqae
164 509 201 565 ab
214 510 368 580 apostolica
383 512 447 568 sede
462 512 557 583 petisti
571 512 712 582 damnari,
722 529 783 569 non
796 513 881 569 modo
930 529 993 568 cem
1005 529 1119 585 quoque
1130 513 1308 570 defensorem
1318 515 1517 572 fidelissimam
1529 517 1613 572 nobis
1627 517 1747 574 necessi·

60 603 262 659 communioni
275 608 330 658 tuae
344 604 523 676 recipiendos
544 606 660 677 putasti,
676 623 776 662 veram
795 607 880 663 etiam
931 610 988 663 tate
1000 607 1120 662 iaciente
1134 607 1222 662 servis
1241 609 1423 665 subsecutum
1440 610 1592 682 indignum
1607 611 1663 665 tais
1677 628 1743 667 een·

58 698 124 752 aliis
138 696 275 766 Ecclesiis,
291 698 369 769 quod
391 714 443 753 nec
461 697 497 754 de
517 698 664 755 catholicis
681 700 743 755 lieri
757 704 880 771 poterat,
930 701 1010 756 suisti
1022 700 1120 756 oculis.
1135 702 1187 756 Eos
1195 717 1309 775 quoque
1319 706 1413 758 tecum
1423 703 1525 760 litteris
1534 704 1745 762 communicare

57 790 216 863 praesidere
236 790 336 860 iecisti,
352 796 437 863 atque
458 793 545 847 etiam
559 792 715 848 honoribus
730 793 808 865 qaod
822 810 880 849 uon
930 798 1046 850 testatas
1070 811 1141 866 quos
1162 798 1272 850 constat
1294 796 1453 852 hereticos.
1479 796 1551 862 Ouid
1577 797 1655 853 enim
1678 801 1746 853 sunt

58 883 259 953 merebantur,
272 884 386 939 auxisti.
401 886 530 941 Testatur
543 887 598 942 hoc
616 888 749 954 loannes,
763 904 850 960 quem
864 904 881 942 a
929 888 1067 961 aliudqai
1079 892 1143 961 post
1155 888 1265 944 obitum
1280 895 1385 945 sancta
1398 890 1545 946 memoriae
1560 891 1699 948 Timothei
1708 891 1743 947 ad

58 978 207 1033 catholicis
234 977 359 1049 Apamia
383 995 441 1033 non
469 985 626 1051 receptum,
650 981 820 1053 pulsumque
845 982 880 1038 de
931 981 1083 1037 Ecclesiam
1102 982 1153 1037 sab
1169 984 1251 1038 Petro
1272 983 1405 1052 redeunt,
1420 983 1464 1038 vel
1477 984 1527 1055 qui
1540 1001 1570 1039 se
1590 1001 1624 1039 ex
1644 985 1744 1041 catho-

59 1071 222 1126 Antiochia.
247 1072 336 1144 Tyriis
355 1072 517 1142 praefecisti,
532 1078 561 1128 et
582 1073 732 1129 ilumerius
754 1078 822 1130 tunc
846 1075 880 1130 de
930 1075 984 1129 lica
999 1074 1092 1131 eidem
1105 1074 1295 1146 tradiderunt,
1309 1076 1362 1131 nisi
1377 1077 1452 1148 qaod
1465 1078 1565 1132 Petras
1579 1078 1746 1150 quiabuni·

58 1165 880 1239 diacoaoejeotasalqaeChristianinominisappellaliona
930 1185 1010 1225 versa
1031 1168 1161 1236 Ecclesia,
1176 1174 1262 1240 atque
1283 1186 1299 1224 a
1317 1176 1345 1226 te
1367 1169 1461 1226 fuerat
1479 1170 1647 1242 judicatus?
1667 1170 1745 1228 Habe

58 1259 257 1331 privatus,ate
267 1259 353 1315 etiam
362 1260 391 1314 in
400 1260 568 1332 presbyterii
578 1266 729 1332 provectas
739 1261 863 1317 officiam
871 1281 879 1332 ;
931 1279 1000 1333 ergo
1013 1278 1079 1318 cum
1092 1261 1136 1317 his
1149 1279 1222 1334 quos
1240 1263 1363 1319 libenter
1374 1264 1555 1335 amplecteris
1568 1264 1743 1336 portionem,

59 1357 89 1407 et
102 1353 186 1424 quasi
205 1352 265 1407 brec
280 1352 392 1408 minora
414 1353 465 1408 tibi
489 1352 662 1422 viderentur,
676 1355 707 1410 in
725 1355 815 1427 ipsam
829 1357 879 1412 do·
930 1361 958 1411 et
970 1356 1112 1412 sententia
1124 1357 1258 1428 praesenti
1277 1374 1363 1428 quam
1384 1373 1436 1429 per
1451 1360 1508 1412 taae
1523 1356 1574 1412 tibi
1591 1357 1746 1415 direximus

57 1447 160 1502 ctrinae
182 1447 343 1518 apostolieae
366 1447 517 1503 veritatem
540 1464 625 1503 ausus
649 1453 714 1505 taos
734 1454 763 1504 et
782 1466 879 1522 saper·
931 1449 1058 1504 Ecclesia
1073 1449 1262 1517 defensorem,
1273 1450 1440 1506 sacerdotali
1453 1450 1563 1506 honore
1579 1456 1608 1506 et
1617 1467 1747 1507 comma·

58 1540 138 1594 biam
152 1539 307 1607 tetendisti,
324 1545 355 1595 at
372 1542 470 1596 Petras
489 1557 578 1613 quern
601 1541 878 1598 damnatumasan-
931 1542 1017 1598 aione
1039 1542 1188 1611 calholica,
1204 1558 1316 1598 necnon
1331 1543 1419 1598 etiam
1436 1559 1453 1598 a
1471 1543 1600 1599 fidelium
1624 1560 1744 1601 numero

57 1639 114 1688 cta·
136 1634 286 1689 memorias
304 1633 453 1690 decessore
475 1650 541 1690 meo
564 1635 624 1707 ipse
645 1637 795 1704 retuleras,
809 1636 881 1692 sicat
930 1642 1103 1707 segregatas,
1118 1635 1260 1691 sublatum
1276 1635 1447 1692 tibinomen
1462 1637 1746 1695 etmunnsministe·

57 1731 206 1783 testantur
215 1728 418 1794 annexa,beati
427 1729 611 1801 Evangelista
621 1730 720 1785 sedem
728 1733 755 1785 te
760 1709 964 1802 jubeniessrii
987 1729 1169 1785 sacerdotalis
1188 1746 1311 1802 agnosce
1331 1730 1420 1785 sancti
1441 1730 1562 1802 Spiritus
1581 1730 1701 1802 judicio,
1717 1734 1746 1787 et

58 1836 162 1876 narsus
176 1821 336 1888 invaderet,
352 1826 380 1876 et
393 1821 497 1893 iugatis
512 1823 677 1878 orthodoxis
692 1823 840 1895 episcopis,
851 1825 880 1878 et
929 1823 1082 1895 apostolica
1097 1840 1148 1895 per
1163 1840 1214 1879 nos
1236 1825 1405 1880 auctoritate
1430 1824 1591 1891 damnatus,
1609 1840 1664 1880 nee
1681 1825 1744 1896 ,iam

58 1914 174 1969 clericis
188 1914 246 1969 sais
259 1915 359 1987 procul
386 1915 474 1970 dnbio
492 1915 600 1971 similes
614 1917 769 1985 ordinaret,
783 1918 877 1988 palso·
929 1917 1118 1972 anathematis
1131 1917 1251 1973 maculis
1265 1918 1417 1973 eruendas.

57 2025 118 2080 que
129 2024 163 2063 eo
178 2008 228 2079 qni
241 2008 298 2063 illic
311 2007 403 2064 iuerat
416 2010 585 2081 regulariter
596 2011 777 2077 constitutus,
789 2011 878 2082 capti·
1194 2011 1269 2067 Felta
1279 2027 1356 2083 pope
1369 2014 1478 2068 Zenoni.

56 2118 124 2157 vam
135 2105 248 2157 teneret
260 2103 422 2158 Ecclesiam.
432 2104 517 2174 Cujus
526 2103 578 2158 tibi
588 2103 660 2159 adeo
668 2106 750 2176 grata
758 2121 880 2176 persona
966 2103 1150 2160 Dilectissimo
1165 2104 1246 2160 fratri
1264 2106 1369 2160 Zenoni
1388 2105 1462 2160 Eelir
1483 2107 1643 2179 episcopus.
1660 2107 1745 2163 Filius

57 2200 114 2263 est,
144 2199 173 2251 et
203 2195 394 2251 ministeriam
425 2197 485 2268 ejus
517 2201 677 2269 acceptam,
709 2203 740 2254 at
770 2199 877 2271 episco·
929 2215 1020 2266 meas,
1029 2198 1073 2253 vir
1085 2198 1256 2254 clarissimus
1266 2199 1454 2256 Terentianus
1467 2200 1503 2255 ad
1514 2200 1624 2257 ltaliam
1634 2200 1744 2258 dadum

56 2306 113 2364 pos
127 2296 158 2345 et
171 2289 287 2345 clericos
307 2290 446 2362 plurimos
464 2290 637 2346 orthodoxos
654 2296 722 2348 tanc
740 2293 877 2348 Constan-
929 2292 1047 2347 veniens
1067 2291 1225 2348 dilectionis
1240 2295 1297 2347 tuae
1317 2292 1469 2364 singularis
1483 2294 1591 2350 exstitit
1604 2293 1744 2366 praedica·

58 2383 214 2455 ariopolim
227 2384 374 2439 venientes
386 2384 528 2456 detegaris
543 2384 682 2457 affligere,
692 2390 721 2441 et
730 2387 880 2457 apocrisia·
928 2391 974 2443 tor
985 2386 1127 2458 talemque
1142 2388 1169 2441 te
1187 2401 1248 2441 essa
1263 2386 1399 2458 nilgavit,
1416 2386 1465 2458 qui
1477 2386 1518 2442 ita
1531 2387 1633 2443 Christi
1655 2389 1745 2460 gratia

56 2478 117 2533 rios
128 2477 191 2549 ejus
207 2477 370 2545 contovere,
386 2480 472 2550 alque
489 2478 774 2535 anathematizantem
796 2497 878 2536 eum·
929 2479 1112 2545 redundares,
1137 2482 1169 2533 at
1190 2480 1267 2535 inter
1287 2479 1386 2534 mundi
1411 2479 1540 2535 turbines
1571 2480 1746 2553 gubernator

60 2570 130 2626 dem
146 2572 261 2626 Petram
274 2571 509 2627 Chalcedonensis
524 2573 638 2628 decreta
652 2573 774 2642 concilii,
785 2579 814 2630 et
824 2575 879 2629 vio
928 2572 1060 2628 Ecclesiae
1081 2572 1241 2644 praecipuus
1262 2589 1424 2645 appareres.
1448 2573 1638 2646 Quapropter,
1656 2575 1744 2632 irater

58 2665 170 2722 lentem
180 2667 285 2721 sancte
298 2665 447 2721 memoriae
460 2666 598 2722 Timothei
611 2669 798 2738 sepulturam,
808 2669 879 2723 sicat
929 2665 1184 2728 charissimorum
1203 2666 1239 2722 ad
1257 2665 1436 2739 provinciam
1459 2672 1642 2736 commearet,
1658 2669 1744 2725 sedu-

58 2759 95 2813 ad
117 2775 172 2814 nos
193 2758 329 2814 certiores
352 2775 430 2814 nuno
450 2774 565 2830 quoqne
588 2760 682 2815 nuntii
703 2761 877 2827 detulerunt,
928 2759 1013 2832 leque
1026 2760 1194 2831 deposceret
1207 2764 1318 2815 nostras
1330 2760 1365 2814 ad
1381 2759 1563 2816 dilectionem
1576 2763 1655 2817 taam
1668 2762 1743 2818 litte·

59 2868 113 2923 per
134 2850 293 2907 Messanam
318 2856 346 2907 et
367 2852 486 2907 Vitalem
513 2852 645 2909 crederes
671 2853 876 2925 excusandam,
928 2869 976 2909 ras
994 2853 1146 2921 destinare,
1161 2855 1308 2926 gratanter
1323 2853 1488 2921 annuimus,
1502 2855 1570 2926 quia
1581 2859 1611 2911 et
1623 2855 1744 2928 dignum

59 2961 193 3000 neceam
214 2945 332 3001 laudare
356 2945 509 3013 desineres,
523 2949 552 3001 el
567 2947 664 3001 miritis
684 2946 785 3002 efferre
805 2964 878 3019 prae·
928 2947 988 3002 Deo
1010 2963 1140 3003 sermone
1164 2946 1316 3019 complecti
1337 2963 1506 3019 cuperemus
1528 2948 1697 3018 antistitem,
1716 2955 1746 3006 et

57 3038 159 3106 eoniis,
173 3037 214 3093 ila
229 3041 260 3093 at
274 3037 491 3094 damnationem
508 3039 595 3111 ipsias
608 3056 694 3111 qaam
719 3046 785 3096 ante
799 3044 877 3096 retu·
888 3082 916 3157 C
928 3056 981 3113 per
993 3056 1060 3095 eam
1072 3039 1195 3095 maxime
1208 3040 1345 3095 vellemus
1358 3039 1388 3096 id
1398 3040 1460 3096 lieri
1470 3041 1552 3112 cujus
1562 3041 1747 3099 nobisiaarat

57 3132 143 3199 laras,
166 3147 262 3186 veram
283 3147 342 3187 non
363 3132 449 3188 faisse
470 3133 603 3203 jnctares.
630 3134 751 3189 Tantum
781 3138 879 3189 atatem
928 3133 1061 3189 laudibus
1076 3132 1233 3188 intimatus.
1249 3133 1382 3196 Quamvis
1401 3150 1470 3205 ergo
1490 3136 1594 3190 sanetis
1609 3136 1744 3208 operibus

57 3242 224 3298 perseveras
237 3225 266 3280 in
282 3226 405 3282 hominis
419 3225 584 3283 defensione
597 3227 735 3299 perversi,
748 3233 778 3283 at
789 3244 880 3300 quon·
929 3227 1052 3282 exomni
1059 3230 1140 3298 parte
1147 3225 1310 3298 predictam
1320 3225 1528 3283 fraternitatem
1538 3234 1618 3285 tuam
1624 3229 1667 3284 vir
1675 3246 1745 3302 praa·

58 3319 128 3376 dam
147 3319 305 3392 episcopos,
321 3336 398 3377 nanc
413 3337 480 3376 vero
496 3322 605 3377 honore
625 3327 654 3376 et
674 3321 879 3377 communione
928 3320 1002 3375 tatas
1016 3318 1177 3386 astruxerit,
1191 3320 1375 3391 multamque
1391 3319 1503 3376 llducias
1517 3321 1552 3376 da
1567 3322 1744 3378 taabeaero

58 3414 197 3486 privatos,
214 3414 333 3469 vitalem
357 3420 443 3487 atqua
464 3416 636 3483 hiessenam,
662 3432 733 3487 quos
756 3415 792 3470 ad
817 3416 878 3486 ejas
927 3413 1015 3469 lentie
1026 3418 1147 3482 teneret,
1163 3416 1262 3467 tamen
1277 3428 1392 3484 aequum
1404 3416 1458 3480 est,
1469 3418 1502 3469 at
1514 3413 1592 3485 qaod
1606 3414 1745 3471 desidera·

58 3495 257 3579 expulsionem
263 3506 878 3580 specialitermiseramus,sablatoscustodiae
927 3507 976 3562 bat
988 3522 1164 3578 magnopere
1177 3511 1377 3577 consequatur,
1392 3509 1534 3578 quatenus
1548 3507 1597 3580 qui
1610 3508 1667 3564 tais
1676 3507 1744 3565 olim

56 3618 159 3674 passas
181 3601 267 3655 inens
289 3602 459 3674 mancipari,
476 3607 505 3657 et
525 3602 562 3658 ad
582 3603 793 3674 processionem
814 3618 878 3674 quse
929 3603 1026 3672 gratas
1049 3603 1092 3656 est
1109 3600 1224 3666 animis,
1240 3599 1479 3671 contemplatione
1496 3602 1587 3657 nostri
1609 3602 1745 3659 reddatur

57 3694 110 3751 tibi
122 3710 189 3749 cara
202 3693 344 3750 haereticis
362 3695 493 3763 habetur,
508 3696 612 3751 exinde
626 3695 789 3768 productos,
806 3697 879 3752 sicat
927 3693 1081 3767 acceptior,
1093 3694 1235 3765 simulque
1254 3697 1387 3749 materna
1405 3698 1435 3749 et
1454 3695 1621 3750 sacerdotali
1643 3711 1742 3753 conso·

57 3805 159 3844 eorum
176 3787 401 3860 professionibus
416 3790 587 3861 patefactam
607 3794 650 3846 est
670 3791 705 3846 ad
729 3790 877 3846 haeretico·
928 3790 1037 3844 latione
1051 3788 1188 3857 foveatur,
1205 3787 1501 3860 peregrinationisque
1514 3789 1679 3860 presidium
1692 3807 1744 3862 pa·

57 3899 123 3938 ram
142 3887 280 3953 tuamque
301 3884 532 3954 commonionem
556 3887 730 3956 contempta,
747 3900 813 3956 qure
835 3884 879 3940 vel
929 3883 1026 3939 storali
1045 3881 1151 3953 pietate
1172 3880 1306 3952 reperiat,
1320 3885 1352 3937 ut
1363 3884 1462 3937 restrae
1476 3882 1624 3954 dignitatis
1643 3883 1744 3940 affectu

58 3976 191 4048 gentiam
202 3976 267 4047 jure
282 3977 389 4032 serrari
405 3976 513 4045 debuit,
528 3978 672 4049 legatione
686 3977 877 4049 pertraheres,
928 3979 1063 4048 appareat
1074 3974 1151 4047 apud
1168 3973 1360 4030 sinceritatem
1374 3979 1509 4045 vestram,
1526 3979 1656 4032 nostram
1669 3993 1743 4050 quo·

57 4070 243 4142 praemiisque
256 4071 702 4142 corrumperes,etinloesionem
716 4070 878 4126 beatiPetri
929 4088 995 4143 qao,
1017 4086 1075 4125 noa
1096 4068 1249 4124 minimam
1269 4068 1397 4124 smutaris
1421 4069 1539 4125 valuisse
1560 4070 1742 4144 colloquium,

48 4166 191 4239 apostoli,
206 4182 223 4221 a
237 4167 318 4238 cajus
339 4166 405 4222 sede
427 4166 545 4238 profecti
567 4167 690 4236 fuerant,
706 4184 763 4223 noa
785 4167 878 4222 solam
928 4165 1002 4220 Deus
1029 4168 1057 4220 te
1082 4163 1246 4219 incolumen
1276 4162 1430 4234 custodiat,
1457 4163 1545 4219 frater
1568 4163 1741 4221 charissime.

58 4260 225 4316 inefficaces
239 4260 334 4315 redire
353 4260 470 4328 laceres,
488 4260 537 4316 sed
559 4260 643 4315 etiam
663 4260 878 4332 impugnatores
927 4257 1021 4314 celius
1046 4256 1112 4312 felix
1140 4257 1289 4329 episcopus
1315 4262 1418 4312 sancta
1440 4256 1571 4313 Ecclesia
1597 4258 1744 4315 catholica

57 4353 878 4426 omniumquoelucrantmandatamonstrares.lnquoram
929 4351 1007 4407 urbis
1019 4352 1118 4407 Romae
1131 4351 1295 4422 subscripsi.
1308 4353 1377 4407 Data
1386 4366 1402 4403 v
1412 4351 1605 4407 Kalendarum
1613 4353 1743 4424 Augusti,

58 4446 262 4519 deceptionem
277 4451 356 4502 tuam
371 4447 527 4519 nequitiam
540 4446 698 4519 prodidisti,
714 4453 743 4502 et
755 4463 771 4500 a
783 4446 918 4522 libelloD
929 4444 1068 4499 venantio
1092 4445 1115 4500 ll
1139 4444 1265 4500 consule.
1290 4444 1379 4501 Simul
1408 4448 1519 4514 septem
1544 4447 1572 4499 et
1598 4445 1744 4516 sexaginta

59 4541 156 4596 fratris
170 4543 200 4594 et
213 4540 373 4612 coepiscopi
389 4541 445 4595 mei
459 4541 586 4610 loannis,
600 4541 651 4613 qai
663 4545 692 4596 te
707 4539 881 4614 mavbsimis
931 4537 1055 4609 episcopi
1068 4537 1173 4609 absque
1186 4554 1262 4609 papa
1274 4537 1510 4609 subscripserant.

518 4898 795 4993 arissam
838 4901 1063 4995 auulsa
1112 4900 1291 4992 rara.
1400 4852 1406 4857 ’

58 5105 185 5175 Epistola
206 5106 307 5161 (telonii
324 5122 406 5177 popa
420 5108 457 5162 od
471 5110 607 5179 episcopos
629 5124 677 5179 per
692 5110 840 5163 tmoamm
854 5114 879 5164 et
965 5110 991 5163 t.
1006 5109 1041 5163 Ut
1055 5109 1077 5163 si
1102 5108 1137 5163 de
1159 5107 1236 5162 laicis
1259 5108 1402 5180 eligantur
1415 5109 1450 5163 ad
1472 5109 1589 5175 olerum,
1603 5110 1742 5179 quantum

239 5179 344 5234 aratus
358 5183 384 5233 et
395 5178 520 5233 Siciliam
532 5182 698 5236 constitutos.
929 5202 1066 5274 temporis
1080 5200 1256 5258 observatur·

94 5298 119 5347 l.
138 5293 178 5347 ile
193 5292 329 5349 institutis
350 5293 546 5349 ecclesiasticis
565 5295 715 5350 moderate
735 5311 788 5367 pro
803 5299 877 5350 tem·
965 5296 1177 5369 alienigenis
1197 5295 1317 5368 aliisque
1331 5296 1460 5368 personis
1474 5311 1538 5367 quae
1557 5294 1593 5348 ad
1613 5291 1742 5348 ministe-

56 5402 163 5458 porum
177 5386 316 5457 qualitate
332 5387 489 5460 dispositis.
929 5390 1002 5446 riam
1016 5390 1161 5446 clericatus
1182 5388 1345 5445 nullatenus
1358 5389 1546 5461 applicantur.

90 5483 120 5535 2.
146 5479 184 5534 Ut
210 5479 257 5534 abi
278 5480 356 5535 nulle
379 5485 515 5553 perurget
538 5481 701 5549 necessitas,
728 5480 879 5537 constituta
965 5487 991 5540 6.
1007 5485 1044 5539 Ut
1059 5484 1120 5540 sine
1138 5483 1331 5556 preceptione
1345 5498 1429 5556 papea
1449 5496 1529 5536 norae
1549 5477 1672 5536 basilieoe
1687 5494 1744 5536 aon

56 5575 177 5628 Petram
196 5572 333 5629 inviolata
344 5577 504 5630 serventur.
929 5576 1106 5633 dedicentur.

90 5671 118 5720 3,
144 5667 182 5721 Ut
204 5682 268 5722 eam
294 5667 438 5726 doluerint
466 5667 569 5733 clerici,
591 5668 626 5724 de
653 5669 801 5727 monachis
827 5670 878 5723 eli·
964 5671 1038 5726 7.Ut
1052 5672 1129 5726 aalla
1140 5671 1233 5743 pretia
1246 5671 1282 5727 de
1297 5667 1473 5741 baptizandis
1485 5666 1745 5739 consignandisque

55 5766 174 5832 garrium.
929 5763 1060 5821 fidelibus
1074 5764 1236 5837 exigantur.
1558 5769 1561 5773 ’
