3870 6150
126 191 178 249 ste
574 194 715 253 uranu.
735 196 779 255 ΑΙ)
797 196 877 253 SAEC.
900 195 942 251 lll.
957 222 991 234 —
1012 194 1132 251 lstnoltl
1151 193 1361 252 athenionis
1758 196 1810 249 820

125 301 197 356 sicut
217 299 336 356 damnet
357 302 518 359 Nestorium
530 303 580 376 qui
593 304 624 359 in
638 320 695 360 uno
709 306 828 362 homino
838 311 937 363 nostro
949 304 1094 391 Amultos
1109 303 1212 359 Christi
1227 303 1347 374 populos
1362 302 1616 369 conturbaverunt,
1638 301 1804 369 disserendi,

124 397 186 450 lesu
203 394 314 451 Christo
330 396 399 450 duas
412 413 498 452 ausus
513 403 555 452 est
570 399 725 469 praedicare
739 416 884 472 personas,
900 402 940 458 ita
990 401 1018 453 et
1029 397 1258 453 clementissimis
1271 396 1456 469 principibus,
1476 401 1506 455 et
1519 400 1615 453 sancto
1630 396 1754 453 concilio
1764 413 1808 468 sy-

126 488 242 543 damnat
254 489 339 544 etiam
353 491 492 546 Eutichen
506 507 571 547 cum
582 492 724 563 Dioscoro,
735 495 813 566 quod
824 497 860 551 ab
874 497 938 552 uni·
990 492 1094 559 nodali,
1110 496 1138 547 et
1151 491 1472 563 Constantinopolitanae
1486 491 1615 547 Ecclesiae
1634 491 1706 563 quid
1719 491 1753 547 de
1767 491 1808 546 in·

126 582 221 653 genito
235 582 284 638 liei
297 584 387 639 Verbo
401 592 507 656 negant
517 587 548 641 in
563 591 643 642 utero
652 589 773 660 Virginis
784 591 938 646 matrisve·
989 586 1239 641 carnationeVerbi
1248 585 1604 657 secundumerangelicam
1610 584 1808 656 apostolicam

125 676 236 732 ritatem
257 677 350 732 carnis
370 678 505 734 humanm
526 685 694 752 susceptam.
711 682 740 738 Si
755 683 824 755 quid
844 690 940 740 autem
991 697 1046 751 que
1064 679 1224 735 doctrinam
1244 678 1414 735 deberemus
1434 695 1535 751 sapere
1556 696 1589 734 ac
1608 679 1720 735 sentire
1733 683 1807 751 pate·

125 785 193 840 erga
207 771 411 841 praedictorum
429 775 640 830 conversionem
666 777 825 832 exhortatio
848 783 941 834 restra
991 774 1055 841 saci,
1078 778 1106 828 el
1130 773 1160 828 in
1183 773 1263 829 nullo
1284 790 1300 828 a
1318 778 1482 831 sanctorum
1497 774 1614 828 Petrum
1630 772 1806 828 confessione

125 864 289 934 profecerit,
305 867 382 937 quod
396 867 514 939 gloriam
531 869 610 924 vobis
630 871 777 941 praestabit
790 878 939 937 aeternam,
990 867 1113 934 discessi,
1130 867 1198 939 quia
1211 884 1268 922 una
1280 871 1332 936 est,
1344 884 1422 935 vera,
1437 866 1601 938 singularis,
1617 867 1756 938 perfecta,
1770 868 1808 922 in·

126 963 191 1029 peto
205 959 258 1015 hoc
269 959 341 1018 mibi
353 962 512 1018 clementia
526 969 625 1018 vestrae
639 965 741 1020 litteris
752 966 892 1036 indicetis,
908 973 941 1023 nt
991 961 1127 1016 violabilis
1149 961 1287 1017 calholica
1303 961 1381 1030 fides,
1399 961 1445 1016 cui
1461 960 1532 1016 nihil
1555 960 1635 1029 eddi,
1650 976 1705 1015 ¹10⁰
1719 961 1806 1017 minti

125 1056 153 1107 et
166 1053 196 1107 in
209 1053 287 1109 vobis
298 1055 366 1109 boni
378 1056 471 1127 operis
482 1058 618 1125 fructum,
633 1065 661 1113 et
669 1059 722 1115 illis
731 1061 874 1132 gaudeam
885 1062 940 1117 mi·
990 1040 1193 1127 poccatorem
1208 1056 1350 1111 Ne³l⁰rl¹1⁵
1364 1056 1451 1127 prius,
1469 1060 1497 1110 ⁰2
1517 1071 1593 1110 ⁰⁰⁰⁰
1608 1055 1747 1110 Eullsshffl
1767 1055 1806 1110 dl·

125 1146 308 1204 sericordiam
323 1150 439 1205 Domini
452 1168 509 1206 non
523 1153 652 1223 periisse,
669 1154 738 1209 Dara
752 1155 871 1227 septimo
886 1157 940 1212 Ka.
990 1166 1069 1204 versa
1081 1149 1197 1221 quidem
1211 1149 1377 1218 assertione,
1396 1149 1446 1204 sed
1459 1148 1543 1204 simili
1554 1148 1704 1220 impietate
1717 1148 1806 1219 impu·

126 1239 224 1296 lendas
235 1243 311 1311 tulii,
326 1244 453 1316 Opilionc
466 1246 526 1301 viro
538 1247 693 1304 clarissimo
706 1250 833 1306 consule.
992 1260 1078 1316 guare
1101 1243 1195 1298 conati
1216 1249 1295 1311 suut,
1319 1247 1348 1298 et
1368 1243 1498 1300 Ecclesia?
1524 1242 1574 1297 1)θί
1592 1241 1668 1298 dues
1688 1243 1806 1298 hoerestt

304 1339 356 1392 llL.
374 1370 407 1380 -
424 1343 548 1411 Epistola
566 1343 660 1397 leonis
674 1359 764 1414 papa.
991 1337 1104 1393 sibimet
1124 1337 1277 1392 contrarias
1296 1337 1403 1393 inlerre
1429 1340 1588 1404 tentarunt,
1614 1340 1649 1392 ut
1660 1341 1807 1408 uter-quea

163 1431 399 1504 Frequentissime
413 1434 595 1492 dilectionem
610 1441 689 1492 tuam
705 1436 742 1492 ad
757 1438 831 1493 hanc
843 1455 941 1493 curam
992 1431 1134 1503 discipulis
1142 1431 1266 1487 veritatis
1277 1432 1380 1486 merito
1391 1431 1587 1498 damnaretur,
1594 1430 1667 1503 quia
1676 1431 1806 1486 insanum

127 1528 155 1580 et
165 1525 342 1598 diligentiam
353 1528 426 1583 meis
435 1545 500 1585 sum
513 1530 615 1586 litteris
624 1533 799 1602 cohortatus,
809 1536 842 1587 ut
852 1533 887 1588 de
896 1532 942 1587 his
990 1526 1077 1582 nimis
1090 1531 1118 1581 et
1132 1525 1300 1597 sacrilegum
1315 1525 1369 1580 fuit
1383 1525 1459 1597 quod
1483 1524 1559 1580 varia
1578 1525 1712 1581 falsitate
1730 1524 1807 1580 ambo

128 1635 192 1690 quse
204 1619 277 1675 circa
286 1619 374 1676 linem
383 1627 519 1694 aguntur,
529 1625 747 1682 sollicitudinem
758 1643 854 1682 meam
864 1627 943 1682 inda·
991 1637 1113 1676 sensere·

128 1713 256 1769 sinenter
277 1715 441 1787 instrueres,
465 1723 495 1774 et
516 1736 582 1775 cum
600 1721 733 1776 omnibus
749 1689 980 1777 occasionibusB
1024 1719 1287 1775 anathematizetur
1299 1735 1368 1792 argo
1379 1719 1525 1775 Nestorius
1537 1718 1587 1790 qui
1598 1718 1717 1774 beatam
1729 1718 1808 1789 rirgi·

128 1807 249 1864 scribere
273 1826 333 1866 non
350 1812 504 1882 quiescam.
527 1814 702 1882 Quibusdam
721 1821 816 1871 tamen
831 1816 942 1889 scriptis
992 1831 1059 1869 nem
1073 1813 1190 1870 hieriam
1204 1813 1327 1868 hominis
1341 1813 1542 1869 tantummodo
1552 1812 1682 1868 credidit
1697 1811 1806 1884 genitri-

128 1901 200 1957 meis
209 1903 286 1958 idem
295 1905 444 1975 partilium
452 1913 581 1963 nostrum
592 1909 742 1965 Rodanum
751 1911 941 1966 domesticum
992 1925 1066 1978 conr,
1077 1907 1468 1980 utaliampersonamcarnis,
1476 1906 1682 1962 aliamiaceret
1691 1905 1805 1967 deitatis,

128 1996 177 2050 lilii
199 1997 290 2052 nostri
313 1999 366 2054 riri
379 2000 562 2057 illustrissimi
581 2003 713 2075 aspiratii
728 2005 810 2072 datis,
830 2005 943 2061 nullum
993 2019 1044 2057 nec
1060 2019 1148 2057 unum
1159 2002 1303 2060 Christum
1318 2002 1347 2056 in
1361 2001 1452 2056 Verbo
1466 2002 1527 2068 hai,
1542 2005 1570 2056 et
1583 2016 1672 2056 carne
1684 2000 1804 2065 sentiret,

76 2150 79 2159 ,
129 2106 298 2164 responsum
318 2098 375 2149 tuae
394 2095 581 2152 fraternitatis
595 2099 699 2169 accepi,
718 2101 855 2171 tanquam
870 2099 942 2155 ratio
993 2097 1041 2153 sed
1056 2096 1210 2168 separatim
1221 2113 1253 2151 ac
1264 2097 1424 2168 sejunctum
1432 2095 1521 2150 alium
1535 2095 1643 2151 Filium
1653 2096 1720 2161 Dei,
1730 2094 1805 2150 aliurn

130 2185 265 2256 temporis
279 2203 336 2242 non
350 2187 492 2258 habuerit,
506 2194 539 2244 ut
553 2192 622 2262 quid
634 2195 696 2263 post
710 2208 775 2247 mea
788 2193 894 2264 scripta
907 2193 944 2248 sit
993 2190 1117 2247 hominis
1130 2190 1307 2262 praedicaret,
1323 2207 1388 2245 cum
1403 2193 1538 2245 manente
1553 2189 1603 2244 illa
1620 2189 1805 2245 incommuta

130 2282 242 2348 gestum
255 2281 382 2350 potueris
399 2281 533 2350 indicare,
555 2285 658 2340 etideo
674 2286 830 2356 persillum
846 2303 944 2342 meum
993 2285 1057 2341 bilis
1080 2285 1163 2341 Verbi
1189 2285 1322 2354 essentia,
1348 2301 1414 2355 quae
1429 2285 1455 2339 ei
1474 2300 1540 2339 curn
1562 2285 1647 2339 Patre
1667 2289 1699 2339 et
1711 2285 1807 2356 Spiritu

130 2371 283 2429 Rodanum
310 2375 354 2429 his
381 2376 481 2432 litteris
499 2378 601 2446 saluto,
615 2383 687 2434 etut
703 2381 944 2451 opportunitatem
994 2383 1091 2434 sancto
1112 2379 1307 2450 intemporalis
1330 2382 1414 2451 atqrre
1439 2382 1584 2434 coaeterne
1607 2383 1662 2447 est,
1685 2379 1806 2434 itaintrr

128 2466 268 2523 scribendi
281 2471 490 2543 nonnogligas,
505 2472 534 2527 in
551 2490 608 2545 quo
618 2478 736 2546 questus
744 2474 944 2531 sollicitudinis
993 2478 1120 2548 virginea
1140 2479 1248 2533 viscera
1271 2479 1394 2533 Verbum
1414 2494 1478 2532 caro
1502 2477 1539 2533 sit
1556 2477 1682 2545 iactum,
1704 2477 1746 2532 uti
1758 2491 1806 2530 uno

129 2575 201 2615 meae
213 2563 357 2620 revelatur
369 2565 520 2622 admoneo.
534 2571 605 2625 Cum
617 2569 695 2623 enim
708 2569 738 2623 in
753 2572 780 2624 te
790 2570 944 2641 quamdam
993 2577 1146 2644 conceptu,
1177 2588 1293 2644 uinoque
1319 2578 1402 2645 partu
1424 2571 1524 2626 eadem
1547 2572 1637 2644 Virgo
1662 2571 1806 2627 secundun

128 2654 186 2709 mei
197 2655 503 2730 constantinopolitani
511 2662 633 2718 habeant
643 2662 812 2734 portionem,
824 2663 944 2735 dignum
995 2667 1128 2722 unionem
1153 2666 1299 2738 utriusque
1320 2666 1493 2732 substantiae,
1520 2670 1549 2720 et
1575 2665 1685 2721 aneilla
1706 2663 1805 2720 Domiru

127 2765 179 2819 pro
192 2753 335 2807 communi
349 2754 474 2809 auncitia
489 2761 540 2824 est,
551 2761 579 2810 et
593 2772 645 2827 pro
659 2756 744 2811 totius
757 2757 888 2812 Ecclesia
900 2757 943 2812 di·
994 2766 1078 2828 esset,
1092 2765 1121 2816 et
1133 2766 1234 2816 mater.
1246 2760 1326 2826 Quod
1339 2761 1423 2816 etiam
1434 2760 1591 2827 Elisabeth,
1602 2761 1681 2815 sieut
1692 2761 1804 2829 Erange

128 2842 258 2910 lectione,
280 2844 438 2903 incessabili
461 2851 490 2903 te
513 2848 611 2920 vigore
633 2850 806 2921 prospicere,
823 2851 944 2921 nequid
993 2855 1057 2911 lista
1068 2855 1200 2925 declarat,
1211 2854 1360 2920 intellexit,
1373 2857 1401 2909 et
1411 2854 1483 2909 dixit
1498 2870 1505 2908 ε
1522 2855 1630 2910 «Unde
1641 2853 1804 2910 hocmihiut

128 2936 217 3008 possit
231 2936 266 2992 de
284 2943 359 2994 statu
373 2941 440 2995 lidei
456 2959 501 2997 mc
514 2943 611 2998 latere.
627 2946 695 3009 Quae
714 2961 783 3016 ergo
801 2961 851 3016 per
871 2962 943 3017 prae·
994 2950 1089 3005 veniat
1100 2954 1193 3004 mater
1204 2949 1320 3004 Domini
1332 2948 1388 3003 mei
1402 2947 1439 3003 ad
1452 2947 1522 3002 me?
1536 2971 1549 2997 »
1565 2950 1641 3018 (Lero.
1659 2966 1679 3013 r,
1694 2949 1750 3020 ts.)
1761 2949 1804 3003 Eu·

128 3029 219 3087 dictos
233 3033 275 3087 vel
288 3033 325 3087 ad
339 3034 573 3106 gloriosissimum
583 3037 755 3109 principem,
766 3039 810 3093 vel
819 3039 853 3094 ad
865 3044 944 3095 tuam
954 3067 982 3142 C
994 3044 1083 3100 tiches
1105 3059 1219 3116 quoque
1241 3043 1342 3099 eodem
1364 3042 1535 3115 percellatur
1548 3042 1752 3112 anathemate,
1765 3040 1803 3115 qui

127 3123 309 3181 dilectionem
323 3127 432 3199 scripsi,
448 3133 480 3183 ut
492 3131 642 3186 celerrime
659 3131 814 3187 tradendus
830 3133 941 3188 ellectui
994 3155 1044 3211 per
1056 3138 1158 3210 impios
1173 3141 1302 3192 veterum
1312 3137 1514 3193 haereticorum
1531 3135 1682 3192 volutatus
1698 3151 1801 3202 errores,

127 3220 296 3290 opportunis
307 3223 537 3293 suggestionibus
551 3224 673 3280 elabora.
685 3227 720 3281 Et
732 3227 869 3299 quidquid
886 3228 944 3283 lue·
992 3232 1108 3288 tertium
1117 3229 1670 3303 Apollinarisdogmadelegit,utnegata
1682 3230 1800 3286 humane

126 3313 172 3380 rit,
193 3313 251 3369 Deo
275 3316 439 3384 auxiliante,
466 3317 634 3390 dispositum
659 3320 729 3375 scire
743 3337 789 3376 mc
803 3321 896 3390 facito,
914 3327 945 3377 ut
993 3325 1086 3380 carnis
1110 3328 1195 3397 atque
1218 3326 1323 3380 enimse
1337 3325 1464 3391 veritate,
1480 3327 1576 3378 totum
1591 3324 1746 3379 Dominum
1760 3338 1800 3376 no·

127 3407 269 3477 perductis
280 3409 309 3464 in
321 3409 456 3467 effectum
467 3412 510 3467 his
521 3429 586 3484 quae
596 3414 944 3471 rationabiliterordinate
994 3424 1083 3474 strum
1105 3421 1201 3475 Jesum
1224 3419 1368 3475 Christum
1391 3418 1476 3473 unius
1496 3421 1609 3472 asserat
1631 3435 1696 3474 esse
1709 3422 1800 3473 naurs

126 3507 201 3571 sunt,
215 3503 944 3582 paxildeicanonumquecustodia,securiorubique
994 3521 1130 3586 tanquam
1148 3512 1229 3568 Verbi
1247 3512 1482 3584 deitasipsasein
1493 3528 1615 3567 carnem
1628 3512 1801 3582 animamque

127 3595 264 3652 habeatur
276 3600 305 3653 et
315 3599 424 3655 fortior.
438 3601 511 3656 Data
521 3618 559 3658 vu
574 3603 766 3658 Kalendarum
782 3604 858 3674 tulii,
877 3604 942 3675 Opi·
994 3607 1175 3676 couverterit,
1191 3611 1220 3661 et
1230 3607 1339 3678 concipi
1349 3623 1381 3661 ac
1392 3607 1480 3673 nasci,
1495 3606 1612 3673 nutriri,
1631 3619 1799 3662 accrescere.

127 3688 203 3746 lione
217 3691 277 3746 siro
291 3693 447 3750 clarissimo
462 3697 586 3751 consule.
995 3700 1132 3773 cruciligi,
1148 3718 1180 3756 ec
1193 3701 1277 3769 mori,
1298 3699 1422 3772 sepeliri,
1436 3715 1468 3754 ac
1486 3715 1654 3771 resurgere,
1678 3704 1708 3756 et
1720 3713 1799 3755 aseer

353 3789 418 3844 lllrl.
439 3821 472 3829 -
492 3789 539 3845 Ad
553 3791 721 3846 Palaestinos.
996 3795 1062 3850 dere
1082 3795 1111 3849 in
1129 3794 1287 3862 coctumst
1307 3795 1337 3848 in
1351 3793 1440 3850 Patris
1455 3794 1584 3863 dextera,
1601 3794 1685 3850 unde
1697 3794 1732 3849 ad
1739 3789 1799 3864 judi·

163 3882 217 3936 tro
232 3883 268 3939 ad
286 3884 469 3940 Panasrmos.
995 3889 1100 3944 candos
1111 3889 1188 3944 viros
1202 3892 1231 3943 et
1242 3891 1372 3944 mortuos
1385 3887 1489 3957 veniet,
1506 3887 1672 3954 considere,
1684 3888 1743 3960 ejus
1750 3891 1799 3940 tan·

161 3975 347 4033 sollicitudini
357 3994 430 4033 meae
442 3995 531 4050 quam
546 3979 694 4033 universali
708 3979 842 4034 Ecclesiae
855 3979 945 4034 omni·
996 3986 1057 4037 tum
1071 3982 1201 4038 essentiae
1215 3981 1311 4049 inerit,
1323 3998 1387 4053 quae
1399 3980 1469 4036 nihil
1479 3981 1624 4036 horumirr
1638 3998 1671 4036 se
1686 3982 1798 4036 sinem-

128 4070 235 4142 busqne
256 4071 316 4141 ejus
331 4071 394 4126 liliis
415 4072 515 4139 debeo,
530 4072 689 4127 multorum
707 4071 847 4128 relatione
863 4077 944 4143 pate·
996 4077 1164 4133 nisreritaie
1178 4075 1294 4147 recepit,
1309 4075 1445 4147 quoniam
1457 4079 1560 4129 natura
1570 4075 1728 4147 unigeniti,
1738 4075 1801 4128 netu·

127 4164 234 4217 iactum
251 4166 293 4218 est
306 4165 464 4220 dilectionis
478 4170 580 4221 restrae
595 4167 698 4221 animis
708 4166 846 4238 quiddam
857 4165 944 4220 olien-
997 4189 1029 4226 ra
1042 4174 1084 4224 est
1096 4170 1196 4239 Patris,
1220 4175 1321 4225 natura
1341 4174 1384 4224 est
1405 4167 1527 4241 Spiritus
1551 4169 1656 4238 sancti,
1677 4167 1798 4238 simulque

128 4256 212 4309 ¹sionis
232 4256 351 4321 illatum,
376 4260 444 4313 dum
462 4264 511 4315 aut
525 4259 660 4331 imperiti,
677 4265 706 4315 ut
718 4262 837 4331 apparet
856 4259 945 4314 inter·
998 4264 1216 4336 impassibiliter,
1232 4264 1314 4318 simul
1325 4266 1366 4318 est
1377 4261 1665 4331 incommutabiliter,
1675 4261 1801 4333 sempiter-

128 4354 231 4420 pretcs,
253 4356 302 4406 aut
324 4352 454 4424 maligni,
469 4353 601 4426 quadam
615 4369 664 4408 ros
679 4353 763 4409 aliter
777 4353 945 4426 intelligere,
997 4375 1042 4413 nae
1058 4357 1204 4413 Trinitatis
1219 4356 1340 4411 indivisa
1362 4355 1466 4421 unitas,
1487 4359 1516 4409 et
1536 4342 1801 4411 consubstantialiter

128 4462 213 4515 «pram
229 4463 245 4499 a
267 4463 313 4502 me
328 4451 394 4501 suni
405 4447 542 4519 praedicta
554 4448 695 4515 fecerunt,
711 4465 767 4503 non
780 4448 906 4504 valentes
919 4449 947 4504 in
957 4454 987 4527 Ι)
998 4451 1156 4524 aerpralitas.
1173 4451 1252 4507 Unde
1263 4466 1292 4505 se
1303 4449 1339 4504 ah
1350 4448 1520 4521 Apollinaris
1530 4450 1720 4520 perversitate
1733 4449 1801 4503 bare

128 4542 255 4596 thracum
271 4541 416 4614 eloquium
432 4545 497 4614 apte
507 4548 536 4598 et
545 4542 662 4614 proprie
673 4543 772 4598 latina
780 4543 945 4612 transferre,
997 4547 1069 4602 tirus
1082 4545 1134 4600 iste
1150 4545 1289 4614 desciscit,
1304 4560 1340 4598 ne
1354 4543 1541 4598 convincatur
1554 4542 1697 4599 deitatem
1707 4537 1800 4615 passib'r

128 4651 193 4690 rum
209 4637 237 4691 in
258 4636 343 4691 rebus
364 4637 517 4692 subtilibus
539 4642 568 4692 et
585 4637 750 4692 difficilibus
763 4637 945 4709 explicandis,
998 4641 1055 4696 lem
1069 4638 1185 4705 sentire,
1201 4643 1287 4710 atque
1301 4638 1464 4705 mortalem,
1478 4641 1506 4691 et
1519 4642 1617 4692 tanuen
1632 4637 1717 4693 Verbi
1731 4637 1801 4691 iurar

128 4730 171 4784 sir
192 4730 341 4785 sibialiam
357 4731 386 4786 in
399 4748 452 4786 sua
467 4731 565 4803 lingua
576 4731 738 4805 disputator
750 4733 871 4805 quisque
887 4732 947 4786 sui·
997 4733 1066 4802 nati,
1089 4731 1118 4786 id
1136 4735 1188 4801 est,
1212 4731 1296 4787 Verbi
1309 4734 1338 4785 et
1351 4731 1444 4785 carnis
1460 4746 1545 4785 unam
1562 4729 1678 4786 audeus
1691 4743 1799 4804 pronun·

128 4823 211 4878 ticini.
228 4824 308 4889 Quod
323 4832 419 4880 tamen
433 4826 507 4897 apud
522 4843 568 4880 me
584 4843 618 4880 eo
634 4826 763 4897 proiecit,
780 4831 812 4881 ut
825 4826 894 4881 dum
913 4842 948 4880 ea
996 4828 1068 4883 tiara
1090 4830 1234 4896 naturam,
1259 4843 1314 4881 non
1331 4824 1416 4881 dubie
1432 4824 1461 4879 in
1475 4823 1624 4880 Manichaei
1640 4832 1670 4881 et
1685 4820 1800 4881 hauhis

128 4918 949 4992 rprraecatholicaildosrespuitimprobitatis,intelligamus
997 4922 1042 4977 nis
1061 4920 1162 4975 transit
1180 4919 1332 4988 insaniam,
1352 4924 1380 4974 ct
1394 4917 1584 4973 mediatorem
1604 4919 1657 4975 Dei
1681 4924 1711 4975 et
1725 4913 1801 4973 honi-

131 5029 179 5067 vos
200 5013 273 5068 veris
293 5012 444 5068 amiciores
458 5030 529 5084 esse,
545 5031 633 5086 quiam
651 5014 740 5080 falsis,
755 5018 783 5068 et
797 5013 827 5068 id
845 5014 947 5068 merito
998 5032 1068 5070 num
1082 5013 1232 5069 hominem
1252 5015 1347 5069 lesum
1369 5012 1512 5067 Christum
1533 5012 1714 5069 simulatorie
1731 5007 1802 5066 credit

131 5107 265 5174 refutare,
273 5107 348 5178 quod
358 5124 390 5162 er
399 5108 524 5179 antiquie
532 5107 709 5162 institutione
719 5107 854 5162 doctrinae
863 5107 948 5162 ctiam
999 5108 1101 5180 egisse,
1119 5123 1169 5162 nec
1185 5106 1345 5161 humanum
1357 5106 1387 5159 in
1401 5105 1462 5176 ipso
1472 5121 1586 5176 corpus,
1599 5106 1652 5161 sed
1664 5101 1802 5178 phantasti-

131 5203 190 5274 ipse
202 5201 333 5258 Eutiches
344 5201 509 5257 detestatur.
524 5202 656 5266 Quaruvis
667 5201 745 5257 enim
756 5201 875 5273 epistola
885 5217 949 5256 mea
999 5219 1063 5258 cam
1076 5201 1203 5273 corporis
1213 5200 1338 5271 speciem
1349 5198 1439 5254 oculis
1448 5200 1614 5270 apparuisse
1630 5199 1802 5256 cernentium.

130 5295 163 5350 ad
175 5298 280 5351 sanctes
291 5296 439 5351 memoria
447 5297 612 5351 Flavianum
623 5295 871 5367 episcopumdata,
881 5294 949 5349 satis
999 5299 1066 5362 Qure
1082 5295 1235 5367 impietatis
1248 5293 1405 5361 mendacia,
1420 5293 1558 5364 quoniam
1568 5293 1638 5348 olim
1651 5294 1721 5350 tides
1730 5290 1803 5348 utro

129 5389 181 5444 eibi
194 5389 230 5446 ad
250 5389 517 5446 manifestationem
533 5389 577 5444 sui
591 5389 651 5460 ipsa
664 5388 798 5453 sufficiat,
814 5403 906 5459 neque
919 5388 949 5442 in
999 5390 1052 5444 lica
1065 5390 1230 5456 detestatur,
1246 5392 1275 5443 et
1288 5388 1388 5443 talium
1402 5385 1551 5458 sacrilegia
1566 5388 1755 5444 concordibus
1765 5397 1804 5455 ptr

128 5483 225 5555 aliquo
242 5488 291 5539 aut
306 5484 484 5557 purgationis
497 5486 547 5538 aut
569 5481 755 5554 expositionis
768 5481 909 5552 indigeat,
922 5484 951 5536 et
999 5488 1090 5538 totum
1121 5481 1262 5536 mundum
1287 5481 1437 5536 beatorum
1463 5481 1579 5535 Petrum
1604 5486 1675 5537 sunt
1694 5479 1803 5537 damme

131 5577 293 5634 nliatamen
314 5596 379 5634 cum
401 5579 503 5634 eadem
524 5592 587 5632 mea
601 5575 706 5647 scripta
721 5574 949 5641 concordantia
1000 5576 1158 5643 sententiis,
1174 5574 1338 5648 quicunque
1351 5574 1392 5629 illi
1409 5579 1475 5630 sunt
1489 5573 1529 5630 ita
1541 5573 1691 5644 obcecati,
1706 5580 1733 5631 et
1744 5589 1758 5627 s
1769 5571 1801 5625 lu·

112 5663 233 5740 ‘quibus
244 5673 375 5729 similiter
389 5670 600 5745 predicationis
616 5685 687 5725 meae
699 5686 798 5727 sensus
808 5669 837 5724 in
851 5675 950 5741 aperto
1000 5670 1078 5726 mine
1093 5669 1218 5726 veritatis
1229 5668 1324 5737 alieni,
1340 5672 1369 5723 ut
1384 5669 1476 5724 Verbo
1490 5667 1539 5725 nsi
1553 5685 1571 5724 a
1585 5671 1716 5743 tempore
1726 5667 1801 5722 incar·

133 5769 184 5817 est.
200 5765 400 5823 Necessitatem
411 5767 489 5823 enim
500 5766 610 5822 habeus
624 5768 723 5820 eontra
732 5764 890 5834 haereticos,
902 5764 950 5839 qui
1001 5763 1123 5822 nationis
1133 5765 1299 5824 humanam,
1311 5762 1338 5817 id
1351 5767 1394 5820 est
1403 5767 1541 5834 nostram,
1553 5768 1663 5837 negent
1674 5763 1802 5819 inessent·
