<?xml version="1.0" encoding="UTF-8"?>
<!DOCTYPE html PUBLIC "-//W3C//DTD XHTML 1.0 Transitional//EN"
    "http://www.w3.org/TR/xhtml1/DTD/xhtml1-transitional.dtd">
<html xmlns="http://www.w3.org/1999/xhtml" xml:lang="en" lang="en">
 <head>
  <title>
</title>
<meta http-equiv="Content-Type" content="text/html;charset=utf-8" />
  <meta name='ocr-system' content='tesseract 3.04.00' />
  <meta name='ocr-capabilities' content='ocr_page ocr_carea ocr_par ocr_line ocrx_word'/>
</head>
<body>
  <div class='ocr_page' id='page_1' title='image "./patrologiaecurs03unkngoog_0016.png"; bbox 0 0 3870 6150; ppageno 0'>
   <div class='ocr_carea' id='block_1_1' title="bbox 156 202 1401 282">
    <p class='ocr_par' dir='ltr' id='par_1_1' title="bbox 156 202 1401 282">
     <span class='ocr_line' id='line_1_1' title="bbox 156 202 1401 282; baseline -0.004 0"><span class='ocrx_word' id='word_1_1' title='bbox 156 240 195 282; x_wconf 77' lang='lat' dir='ltr'>xa</span> <span class='ocrx_word' id='word_1_2' title='bbox 491 202 503 211; x_wconf 83' lang='lat'><strong><em>&#39;</em></strong></span> <span class='ocrx_word' id='word_1_3' title='bbox 598 216 903 275; x_wconf 68' lang='lat' dir='ltr'>tremulosus.</span> <span class='ocrx_word' id='word_1_4' title='bbox 924 215 1401 279; x_wconf 77' lang='lat' dir='ltr'>rn-rsroonusnsncaron</span> 
     </span>
    </p>
   </div>
   <div class='ocr_carea' id='block_1_2' title="bbox 158 342 1836 609">
    <p class='ocr_par' dir='ltr' id='par_1_2' title="bbox 158 342 1836 609">
     <span class='ocr_line' id='line_1_2' title="bbox 158 342 1835 431; baseline 0.005 -24"><span class='ocrx_word' id='word_1_5' title='bbox 158 350 246 408; x_wconf 83' lang='lat' dir='ltr'>abbas</span> <span class='ocrx_word' id='word_1_6' title='bbox 261 350 396 407; x_wconf 90' lang='lat' dir='ltr'>eumdem</span> <span class='ocrx_word' id='word_1_7' title='bbox 416 347 581 421; x_wconf 88' lang='lat' dir='ltr'>pontificem</span> <span class='ocrx_word' id='word_1_8' title='bbox 596 346 632 403; x_wconf 93' lang='lat' dir='ltr'>de</span> <span class='ocrx_word' id='word_1_9' title='bbox 653 345 777 419; x_wconf 91' lang='lat' dir='ltr'>quadam</span> <span class='ocrx_word' id='word_1_10' title='bbox 801 342 1062 401; x_wconf 84' lang='lat' dir='ltr'>Pseudoisidoriana</span> <span class='ocrx_word' id='word_1_11' title='bbox 1088 345 1250 401; x_wconf 89' lang='lat' dir='ltr'>lfelchiadis</span> <span class='ocrx_word' id='word_1_12' title='bbox 1272 347 1407 404; x_wconf 80' lang='lat' dir='ltr'>decretali</span> <span class='ocrx_word' id='word_1_13' title='bbox 1430 356 1572 410; x_wconf 87' lang='lat' dir='ltr'>consuluit</span> <span class='ocrx_word' id='word_1_14' title='bbox 1594 356 1638 411; x_wconf 90' lang='lat' dir='ltr'>his</span> <span class='ocrx_word' id='word_1_15' title='bbox 1652 358 1745 413; x_wconf 89' lang='lat' dir='ltr'>verbis</span> <span class='ocrx_word' id='word_1_16' title='bbox 1758 359 1835 431; x_wconf 85' lang='grc'><strong>(30);</strong></span> 
     </span>
     <span class='ocr_line' id='line_1_3' title="bbox 161 433 1836 523; baseline 0.008 -30"><span class='ocrx_word' id='word_1_17' title='bbox 161 460 175 493; x_wconf 84' lang='lat' dir='ltr'>a</span> <span class='ocrx_word' id='word_1_18' title='bbox 189 441 296 497; x_wconf 77' lang='lat' dir='ltr'>Dicitur</span> <span class='ocrx_word' id='word_1_19' title='bbox 309 442 404 494; x_wconf 89' lang='lat' dir='ltr'>autem</span> <span class='ocrx_word' id='word_1_20' title='bbox 419 435 591 492; x_wconf 87' lang='lat' dir='ltr'>llelohiades</span> <span class='ocrx_word' id='word_1_21' title='bbox 604 451 680 508; x_wconf 90' lang='lat' dir='ltr'>papa</span> <span class='ocrx_word' id='word_1_22' title='bbox 694 433 863 504; x_wconf 86' lang='lat' dir='ltr'>decrevisse,</span> <span class='ocrx_word' id='word_1_23' title='bbox 876 450 912 489; x_wconf 88' lang='lat' dir='ltr'>ne</span> <span class='ocrx_word' id='word_1_24' title='bbox 924 433 988 505; x_wconf 87' lang='lat' dir='ltr'>quis</span> <span class='ocrx_word' id='word_1_25' title='bbox 1000 450 1132 508; x_wconf 90' lang='lat' dir='ltr'>unquam</span> <span class='ocrx_word' id='word_1_26' title='bbox 1147 438 1273 509; x_wconf 77' lang='lat' dir='ltr'><strong>pontifex</strong></span> <span class='ocrx_word' id='word_1_27' title='bbox 1290 439 1352 495; x_wconf 90' lang='lat' dir='ltr'>sine</span> <span class='ocrx_word' id='word_1_28' title='bbox 1363 458 1504 500; x_wconf 89' lang='lat' dir='ltr'>consensu</span> <span class='ocrx_word' id='word_1_29' title='bbox 1516 463 1599 520; x_wconf 85' lang='lat' dir='ltr'>papae</span> <span class='ocrx_word' id='word_1_30' title='bbox 1612 447 1734 504; x_wconf 87' lang='lat' dir='ltr'>Romani</span> <span class='ocrx_word' id='word_1_31' title='bbox 1748 450 1836 523; x_wconf 91' lang='lat' dir='ltr'>depo-</span> 
     </span>
     <span class='ocr_line' id='line_1_4' title="bbox 159 524 1836 609; baseline 0.001 -20"><span class='ocrx_word' id='word_1_32' title='bbox 159 535 286 589; x_wconf 90' lang='lat' dir='ltr'>neretur.</span> <span class='ocrx_word' id='word_1_33' title='bbox 301 529 381 585; x_wconf 90' lang='lat' dir='ltr'>Unde</span> <span class='ocrx_word' id='word_1_34' title='bbox 397 527 589 600; x_wconf 74' lang='lat' dir='ltr'><strong>supplicamus</strong></span> <span class='ocrx_word' id='word_1_35' title='bbox 602 533 634 585; x_wconf 92' lang='lat' dir='ltr'>ut</span> <span class='ocrx_word' id='word_1_36' title='bbox 646 530 751 584; x_wconf 88' lang='lat' dir='ltr'>statuta</span> <span class='ocrx_word' id='word_1_37' title='bbox 764 526 840 583; x_wconf 90' lang='lat' dir='ltr'>illius</span> <span class='ocrx_word' id='word_1_38' title='bbox 854 525 977 599; x_wconf 90' lang='lat' dir='ltr'>integra,</span> <span class='ocrx_word' id='word_1_39' title='bbox 992 524 1064 580; x_wconf 90' lang='lat' dir='ltr'>sicut</span> <span class='ocrx_word' id='word_1_40' title='bbox 1074 542 1164 597; x_wconf 89' lang='lat' dir='ltr'>penes</span> <span class='ocrx_word' id='word_1_41' title='bbox 1177 543 1225 582; x_wconf 89' lang='lat' dir='ltr'>vos</span> <span class='ocrx_word' id='word_1_42' title='bbox 1238 528 1390 600; x_wconf 76' lang='lat' dir='ltr'><strong>habentur,</strong></span> <span class='ocrx_word' id='word_1_43' title='bbox 1404 532 1486 587; x_wconf 91' lang='lat' dir='ltr'>uobis</span> <span class='ocrx_word' id='word_1_44' title='bbox 1500 533 1622 607; x_wconf 89' lang='lat' dir='ltr'>dirigere</span> <span class='ocrx_word' id='word_1_45' title='bbox 1635 536 1805 609; x_wconf 79' lang='lat' dir='ltr'>dignemini.</span> <span class='ocrx_word' id='word_1_46' title='bbox 1823 562 1836 592; x_wconf 80' lang='lat' dir='ltr'>u</span> 
     </span>
    </p>
   </div>
   <div class='ocr_carea' id='block_1_3' title="bbox 159 643 1839 987">
    <p class='ocr_par' dir='ltr' id='par_1_3' title="bbox 159 643 1839 987">
     <span class='ocr_line' id='line_1_5' title="bbox 195 643 1839 727; baseline 0.005 -23"><span class='ocrx_word' id='word_1_47' title='bbox 195 647 323 704; x_wconf 81' lang='lat' dir='ltr'>Pontifex</span> <span class='ocrx_word' id='word_1_48' title='bbox 336 648 432 700; x_wconf 87' lang='lat' dir='ltr'>autem</span> <span class='ocrx_word' id='word_1_49' title='bbox 444 643 481 699; x_wconf 89' lang='lat' dir='ltr'>ad</span> <span class='ocrx_word' id='word_1_50' title='bbox 491 643 668 701; x_wconf 82' lang='lat' dir='ltr'>wenilonem</span> <span class='ocrx_word' id='word_1_51' title='bbox 681 646 799 718; x_wconf 81' lang='lat' dir='ltr'>eJ&#39;nsque</span> <span class='ocrx_word' id='word_1_52' title='bbox 811 643 1005 716; x_wconf 84' lang='lat' dir='ltr'>coepiscopos,</span> <span class='ocrx_word' id='word_1_53' title='bbox 1017 645 1122 716; x_wconf 92' lang='lat' dir='ltr'>quibus</span> <span class='ocrx_word' id='word_1_54' title='bbox 1134 646 1302 717; x_wconf 89' lang='lat' dir='ltr'>conjunctus</span> <span class='ocrx_word' id='word_1_55' title='bbox 1313 649 1407 721; x_wconf 84' lang='lat' dir='ltr'><strong>Lupus</strong></span> <span class='ocrx_word' id='word_1_56' title='bbox 1417 651 1577 724; x_wconf 78' lang='lat' dir='ltr'>scripserat,</span> <span class='ocrx_word' id='word_1_57' title='bbox 1586 657 1774 727; x_wconf 88' lang='lat' dir='ltr'>respondens,</span> <span class='ocrx_word' id='word_1_58' title='bbox 1786 659 1839 714; x_wconf 89' lang='lat' dir='ltr'>hac</span> 
     </span>
     <span class='ocr_line' id='line_1_6' title="bbox 159 733 1839 815; baseline 0.004 -20"><span class='ocrx_word' id='word_1_59' title='bbox 159 742 194 796; x_wconf 91' lang='lat' dir='ltr'>dc</span> <span class='ocrx_word' id='word_1_60' title='bbox 207 756 238 795; x_wconf 90' lang='lat' dir='ltr'>re</span> <span class='ocrx_word' id='word_1_61' title='bbox 252 739 337 810; x_wconf 89' lang='lat' dir='ltr'>plane</span> <span class='ocrx_word' id='word_1_62' title='bbox 350 742 434 805; x_wconf 86' lang='lat' dir='ltr'>tacet,</span> <span class='ocrx_word' id='word_1_63' title='bbox 450 751 516 791; x_wconf 88' lang='lat' dir='ltr'>sane</span> <span class='ocrx_word' id='word_1_64' title='bbox 529 751 563 792; x_wconf 93' lang='lat' dir='ltr'>eo</span> <span class='ocrx_word' id='word_1_65' title='bbox 576 734 654 807; x_wconf 93' lang='lat' dir='ltr'>quod</span> <span class='ocrx_word' id='word_1_66' title='bbox 668 734 842 791; x_wconf 77' lang='lat' dir='ltr'>decretalem</span> <span class='ocrx_word' id='word_1_67' title='bbox 856 750 912 789; x_wconf 93' lang='lat' dir='ltr'>non</span> <span class='ocrx_word' id='word_1_68' title='bbox 925 733 1076 801; x_wconf 89' lang='lat' dir='ltr'>invenerit,</span> <span class='ocrx_word' id='word_1_69' title='bbox 1092 735 1135 790; x_wconf 88' lang='lat' dir='ltr'>vel</span> <span class='ocrx_word' id='word_1_70' title='bbox 1148 735 1172 790; x_wconf 92' lang='lat' dir='ltr'>si</span> <span class='ocrx_word' id='word_1_71' title='bbox 1188 736 1278 792; x_wconf 88' lang='lat' dir='ltr'>mavis</span> <span class='ocrx_word' id='word_1_72' title='bbox 1292 753 1461 810; x_wconf 89' lang='lat' dir='ltr'>responsum</span> <span class='ocrx_word' id='word_1_73' title='bbox 1473 743 1508 797; x_wconf 92' lang='lat' dir='ltr'>ad</span> <span class='ocrx_word' id='word_1_74' title='bbox 1522 743 1632 815; x_wconf 87' lang='lat' dir='ltr'>Lupum</span> <span class='ocrx_word' id='word_1_75' title='bbox 1645 745 1742 801; x_wconf 89' lang='lat' dir='ltr'>datum</span> <span class='ocrx_word' id='word_1_76' title='bbox 1755 747 1839 804; x_wconf 89' lang='lat' dir='ltr'>inter·</span> 
     </span>
     <span class='ocr_line' id='line_1_7' title="bbox 159 823 1837 905; baseline 0.004 -20"><span class='ocrx_word' id='word_1_77' title='bbox 159 828 267 896; x_wconf 90' lang='lat' dir='ltr'>cidisse,</span> <span class='ocrx_word' id='word_1_78' title='bbox 285 827 363 883; x_wconf 91' lang='lat' dir='ltr'>idem</span> <span class='ocrx_word' id='word_1_79' title='bbox 380 829 478 881; x_wconf 92' lang='lat' dir='ltr'>tamen</span> <span class='ocrx_word' id='word_1_80' title='bbox 491 825 558 880; x_wconf 91' lang='lat' dir='ltr'>inde</span> <span class='ocrx_word' id='word_1_81' title='bbox 573 823 712 896; x_wconf 90' lang='lat' dir='ltr'>sequitur,</span> <span class='ocrx_word' id='word_1_82' title='bbox 729 823 807 895; x_wconf 93' lang='lat' dir='ltr'>quod</span> <span class='ocrx_word' id='word_1_83' title='bbox 820 823 949 879; x_wconf 88' lang='lat' dir='ltr'>Nicotaus</span> <span class='ocrx_word' id='word_1_84' title='bbox 963 823 1109 892; x_wconf 84' lang='lat' dir='ltr'>decretali,</span> <span class='ocrx_word' id='word_1_85' title='bbox 1126 842 1188 897; x_wconf 74' lang='lat' dir='ltr'>quae</span> <span class='ocrx_word' id='word_1_86' title='bbox 1203 830 1352 900; x_wconf 89' lang='lat' dir='ltr'>tantopere</span> <span class='ocrx_word' id='word_1_87' title='bbox 1375 830 1526 901; x_wconf 79' lang='lat' dir='ltr'>pontificia</span> <span class='ocrx_word' id='word_1_88' title='bbox 1541 834 1701 891; x_wconf 85' lang='lat' dir='ltr'>auctoritati</span> <span class='ocrx_word' id='word_1_89' title='bbox 1715 837 1837 905; x_wconf 87' lang='lat' dir='ltr'>favebat,</span> 
     </span>
     <span class='ocr_line' id='line_1_8' title="bbox 159 913 797 987; baseline -0.005 -14"><span class='ocrx_word' id='word_1_90' title='bbox 159 919 196 974; x_wconf 92' lang='lat' dir='ltr'>ad</span> <span class='ocrx_word' id='word_1_91' title='bbox 210 914 388 974; x_wconf 83' lang='lat' dir='ltr'>Weuilonem</span> <span class='ocrx_word' id='word_1_92' title='bbox 402 914 581 987; x_wconf 91' lang='lat' dir='ltr'>respondens</span> <span class='ocrx_word' id='word_1_93' title='bbox 595 914 635 969; x_wconf 92' lang='lat' dir='ltr'>uti</span> <span class='ocrx_word' id='word_1_94' title='bbox 650 913 797 986; x_wconf 82' lang='lat' dir='ltr'>spreverit.</span> 
     </span>
    </p>
   </div>
   <div class='ocr_carea' id='block_1_4' title="bbox 159 1033 1840 1205">
    <p class='ocr_par' dir='ltr' id='par_1_4' title="bbox 159 1033 1840 1205">
     <span class='ocr_line' id='line_1_9' title="bbox 176 1033 1840 1114; baseline 0.002 -20"><span class='ocrx_word' id='word_1_95' title='bbox 176 1041 220 1114; x_wconf 82' lang='lat'>.9·</span> <span class='ocrx_word' id='word_1_96' title='bbox 237 1039 307 1093; x_wconf 89' lang='lat' dir='ltr'>liinc</span> <span class='ocrx_word' id='word_1_97' title='bbox 323 1035 438 1109; x_wconf 89' lang='lat' dir='ltr'>plurimi</span> <span class='ocrx_word' id='word_1_98' title='bbox 457 1037 581 1102; x_wconf 88' lang='lat' dir='ltr'>censent,</span> <span class='ocrx_word' id='word_1_99' title='bbox 595 1033 728 1089; x_wconf 89' lang='lat' dir='ltr'>eumdem</span> <span class='ocrx_word' id='word_1_100' title='bbox 741 1033 886 1089; x_wconf 80' lang='lat' dir='ltr'>Nicolaum</span> <span class='ocrx_word' id='word_1_101' title='bbox 902 1033 1020 1090; x_wconf 75' lang='lat' dir='ltr'>mndem</span> <span class='ocrx_word' id='word_1_102' title='bbox 1032 1052 1049 1090; x_wconf 92' lang='lat' dir='ltr'>a</span> <span class='ocrx_word' id='word_1_103' title='bbox 1059 1036 1199 1092; x_wconf 89' lang='lat' dir='ltr'>llothadio</span> <span class='ocrx_word' id='word_1_104' title='bbox 1212 1038 1417 1108; x_wconf 81' lang='lat' dir='ltr'>suessionensi,</span> <span class='ocrx_word' id='word_1_105' title='bbox 1428 1058 1492 1097; x_wconf 90' lang='lat' dir='ltr'>cum</span> <span class='ocrx_word' id='word_1_106' title='bbox 1508 1043 1605 1098; x_wconf 82' lang='lat' dir='ltr'>Rornae</span> <span class='ocrx_word' id='word_1_107' title='bbox 1614 1043 1749 1098; x_wconf 89' lang='lat' dir='ltr'>adversus</span> <span class='ocrx_word' id='word_1_108' title='bbox 1759 1043 1840 1099; x_wconf 80' lang='lat' dir='ltr'>ilinc-</span> 
     </span>
     <span class='ocr_line' id='line_1_10' title="bbox 159 1124 1748 1205; baseline 0.001 -20"><span class='ocrx_word' id='word_1_109' title='bbox 159 1144 273 1185; x_wconf 91' lang='lat' dir='ltr'>marum</span> <span class='ocrx_word' id='word_1_110' title='bbox 289 1127 481 1183; x_wconf 82' lang='lat' dir='ltr'>lihamensem</span> <span class='ocrx_word' id='word_1_111' title='bbox 494 1124 653 1197; x_wconf 90' lang='lat' dir='ltr'>appellatus</span> <span class='ocrx_word' id='word_1_112' title='bbox 665 1124 827 1178; x_wconf 88' lang='lat' dir='ltr'>versaretur</span> <span class='ocrx_word' id='word_1_113' title='bbox 840 1124 1030 1179; x_wconf 85' lang='lat' dir='ltr'>Decretalium</span> <span class='ocrx_word' id='word_1_114' title='bbox 1050 1125 1180 1181; x_wconf 91' lang='lat' dir='ltr'>notitiam</span> <span class='ocrx_word' id='word_1_115' title='bbox 1196 1129 1348 1200; x_wconf 92' lang='lat' dir='ltr'>accepisse.</span> <span class='ocrx_word' id='word_1_116' title='bbox 1364 1133 1405 1186; x_wconf 91' lang='lat' dir='ltr'>lta</span> <span class='ocrx_word' id='word_1_117' title='bbox 1417 1132 1540 1200; x_wconf 81' lang='lat' dir='ltr'>Gfrorer,</span> <span class='ocrx_word' id='word_1_118' title='bbox 1553 1132 1671 1205; x_wconf 91' lang='lat' dir='ltr'>Spittlcr</span> <span class='ocrx_word' id='word_1_119' title='bbox 1683 1134 1748 1205; x_wconf 97' lang='grc'><strong>(40).</strong></span> 
     </span>
    </p>
   </div>
   <div class='ocr_carea' id='block_1_5' title="bbox 156 1240 1840 2306">
    <p class='ocr_par' dir='ltr' id='par_1_5' title="bbox 156 1240 1840 2306">
     <span class='ocr_line' id='line_1_11' title="bbox 193 1240 1840 1317; baseline 0.004 -17"><span class='ocrx_word' id='word_1_120' title='bbox 193 1242 336 1316; x_wconf 78' lang='lat' dir='ltr'>Quidquid</span> <span class='ocrx_word' id='word_1_121' title='bbox 350 1242 395 1311; x_wconf 91' lang='lat' dir='ltr'>sit,</span> <span class='ocrx_word' id='word_1_122' title='bbox 410 1243 520 1297; x_wconf 91' lang='lat' dir='ltr'>certum</span> <span class='ocrx_word' id='word_1_123' title='bbox 536 1243 578 1297; x_wconf 91' lang='lat' dir='ltr'>est</span> <span class='ocrx_word' id='word_1_124' title='bbox 592 1240 742 1296; x_wconf 89' lang='lat' dir='ltr'>Nicolaum</span> <span class='ocrx_word' id='word_1_125' title='bbox 756 1257 782 1295; x_wconf 93' lang='lat' dir='ltr'>a.</span> <span class='ocrx_word' id='word_1_126' title='bbox 795 1242 846 1296; x_wconf 85' lang='grc'>805</span> <span class='ocrx_word' id='word_1_127' title='bbox 856 1240 892 1296; x_wconf 93' lang='lat' dir='ltr'>ad</span> <span class='ocrx_word' id='word_1_128' title='bbox 907 1240 1067 1297; x_wconf 90' lang='lat' dir='ltr'>Gallicanos</span> <span class='ocrx_word' id='word_1_129' title='bbox 1079 1242 1228 1317; x_wconf 89' lang='lat' dir='ltr'>episcopos</span> <span class='ocrx_word' id='word_1_130' title='bbox 1238 1245 1292 1301; x_wconf 91' lang='lat' dir='ltr'>hac</span> <span class='ocrx_word' id='word_1_131' title='bbox 1303 1247 1337 1302; x_wconf 92' lang='lat' dir='ltr'>de</span> <span class='ocrx_word' id='word_1_132' title='bbox 1348 1248 1480 1304; x_wconf 86' lang='lat' dir='ltr'>Rothadii</span> <span class='ocrx_word' id='word_1_133' title='bbox 1495 1266 1581 1305; x_wconf 86' lang='lat' dir='ltr'>causa</span> <span class='ocrx_word' id='word_1_134' title='bbox 1593 1250 1764 1307; x_wconf 88' lang='lat' dir='ltr'>scribentem</span> <span class='ocrx_word' id='word_1_135' title='bbox 1776 1253 1840 1307; x_wconf 91' lang='lat' dir='ltr'>llin-</span> 
     </span>
     <span class='ocr_line' id='line_1_12' title="bbox 158 1329 1839 1404; baseline 0.007 -15"><span class='ocrx_word' id='word_1_136' title='bbox 158 1349 288 1389; x_wconf 91' lang='lat' dir='ltr'>cmarum</span> <span class='ocrx_word' id='word_1_137' title='bbox 302 1332 443 1400; x_wconf 81' lang='lat' dir='ltr'>refellere,</span> <span class='ocrx_word' id='word_1_138' title='bbox 457 1331 532 1404; x_wconf 91' lang='lat' dir='ltr'>quod</span> <span class='ocrx_word' id='word_1_139' title='bbox 548 1331 707 1386; x_wconf 84' lang='lat' dir='ltr'>Decretales</span> <span class='ocrx_word' id='word_1_140' title='bbox 723 1329 899 1402; x_wconf 88' lang='lat' dir='ltr'>pontificum,</span> <span class='ocrx_word' id='word_1_141' title='bbox 913 1347 977 1402; x_wconf 86' lang='lat' dir='ltr'>quae</span> <span class='ocrx_word' id='word_1_142' title='bbox 990 1330 1020 1386; x_wconf 91' lang='lat' dir='ltr'>in</span> <span class='ocrx_word' id='word_1_143' title='bbox 1033 1331 1132 1388; x_wconf 92' lang='lat' dir='ltr'>codice</span> <span class='ocrx_word' id='word_1_144' title='bbox 1148 1349 1301 1403; x_wconf 87' lang='lat' dir='ltr'>canonum,</span> <span class='ocrx_word' id='word_1_145' title='bbox 1316 1337 1369 1392; x_wconf 90' lang='lat' dir='ltr'>hoc</span> <span class='ocrx_word' id='word_1_146' title='bbox 1384 1341 1428 1392; x_wconf 90' lang='lat' dir='ltr'>est</span> <span class='ocrx_word' id='word_1_147' title='bbox 1446 1338 1589 1395; x_wconf 89' lang='lat' dir='ltr'>lladriana</span> <span class='ocrx_word' id='word_1_148' title='bbox 1602 1341 1766 1399; x_wconf 90' lang='lat' dir='ltr'>collectione</span> <span class='ocrx_word' id='word_1_149' title='bbox 1781 1361 1839 1400; x_wconf 92' lang='lat' dir='ltr'>non</span> 
     </span>
     <span class='ocr_line' id='line_1_13' title="bbox 158 1419 1837 1498; baseline 0.006 -21"><span class='ocrx_word' id='word_1_150' title='bbox 158 1421 328 1487; x_wconf 89' lang='lat' dir='ltr'>habeantur,</span> <span class='ocrx_word' id='word_1_151' title='bbox 341 1421 396 1476; x_wconf 89' lang='lat' dir='ltr'>hac</span> <span class='ocrx_word' id='word_1_152' title='bbox 408 1420 441 1475; x_wconf 91' lang='lat' dir='ltr'>de</span> <span class='ocrx_word' id='word_1_153' title='bbox 455 1436 539 1475; x_wconf 91' lang='lat' dir='ltr'>causa</span> <span class='ocrx_word' id='word_1_154' title='bbox 552 1419 657 1474; x_wconf 91' lang='lat' dir='ltr'>nullius</span> <span class='ocrx_word' id='word_1_155' title='bbox 675 1436 735 1475; x_wconf 90' lang='lat' dir='ltr'>esse</span> <span class='ocrx_word' id='word_1_156' title='bbox 753 1419 860 1475; x_wconf 90' lang='lat' dir='ltr'>roboris</span> <span class='ocrx_word' id='word_1_157' title='bbox 876 1420 1043 1491; x_wconf 71' lang='lat' dir='ltr'>praetendat.</span> <span class='ocrx_word' id='word_1_158' title='bbox 1062 1421 1127 1477; x_wconf 84' lang='lat' dir='ltr'>llaec</span> <span class='ocrx_word' id='word_1_159' title='bbox 1140 1427 1206 1478; x_wconf 90' lang='lat' dir='ltr'>sunt</span> <span class='ocrx_word' id='word_1_160' title='bbox 1216 1424 1306 1479; x_wconf 91' lang='lat' dir='ltr'>verba</span> <span class='ocrx_word' id='word_1_161' title='bbox 1321 1425 1373 1496; x_wconf 84' lang='grc'><strong>(44)</strong></span> <span class='ocrx_word' id='word_1_162' title='bbox 1392 1443 1399 1481; x_wconf 91' lang='lat'><strong>:</strong></span> <span class='ocrx_word' id='word_1_163' title='bbox 1417 1446 1431 1479; x_wconf 79' lang='grc' dir='ltr'>ιι</span> <span class='ocrx_word' id='word_1_164' title='bbox 1449 1426 1531 1492; x_wconf 81' lang='lat' dir='ltr'>Quod</span> <span class='ocrx_word' id='word_1_165' title='bbox 1550 1431 1646 1485; x_wconf 77' lang='lat' dir='ltr'>tauma</span> <span class='ocrx_word' id='word_1_166' title='bbox 1659 1447 1718 1498; x_wconf 90' lang='lat' dir='ltr'>vos,</span> <span class='ocrx_word' id='word_1_167' title='bbox 1733 1435 1763 1486; x_wconf 93' lang='lat' dir='ltr'>ut</span> <span class='ocrx_word' id='word_1_168' title='bbox 1777 1449 1837 1488; x_wconf 90' lang='lat' dir='ltr'>ser-</span> 
     </span>
     <span class='ocr_line' id='line_1_14' title="bbox 158 1506 1837 1591; baseline 0.006 -25"><span class='ocrx_word' id='word_1_169' title='bbox 158 1515 222 1566; x_wconf 90' lang='lat' dir='ltr'>vata</span> <span class='ocrx_word' id='word_1_170' title='bbox 233 1510 378 1566; x_wconf 90' lang='lat' dir='ltr'>vobiscum</span> <span class='ocrx_word' id='word_1_171' title='bbox 393 1508 560 1564; x_wconf 89' lang='lat' dir='ltr'>medullitus</span> <span class='ocrx_word' id='word_1_172' title='bbox 572 1507 711 1564; x_wconf 88' lang='lat' dir='ltr'>charitato</span> <span class='ocrx_word' id='word_1_173' title='bbox 724 1508 828 1576; x_wconf 90' lang='lat' dir='ltr'>dicam,</span> <span class='ocrx_word' id='word_1_174' title='bbox 845 1506 1036 1581; x_wconf 82' lang='lat' dir='ltr'>postposuisse</span> <span class='ocrx_word' id='word_1_175' title='bbox 1049 1509 1179 1566; x_wconf 86' lang='lat' dir='ltr'>dolemus</span> <span class='ocrx_word' id='word_1_176' title='bbox 1190 1514 1218 1567; x_wconf 90' lang='lat' dir='ltr'>et</span> <span class='ocrx_word' id='word_1_177' title='bbox 1231 1512 1410 1570; x_wconf 90' lang='lat' dir='ltr'>diversorum</span> <span class='ocrx_word' id='word_1_178' title='bbox 1426 1517 1500 1572; x_wconf 91' lang='lat' dir='ltr'>sedis</span> <span class='ocrx_word' id='word_1_179' title='bbox 1512 1519 1673 1589; x_wconf 75' lang='lat' dir='ltr'>apostolicae</span> <span class='ocrx_word' id='word_1_180' title='bbox 1684 1523 1837 1591; x_wconf 85' lang='lat' dir='ltr'>praesulum</span> 
     </span>
     <span class='ocr_line' id='line_1_15' title="bbox 158 1596 1838 1680; baseline 0.005 -25"><span class='ocrx_word' id='word_1_181' title='bbox 158 1599 271 1656; x_wconf 87' lang='lat' dir='ltr'>decreta</span> <span class='ocrx_word' id='word_1_182' title='bbox 283 1598 313 1653; x_wconf 93' lang='lat' dir='ltr'>in</span> <span class='ocrx_word' id='word_1_183' title='bbox 328 1599 382 1653; x_wconf 90' lang='lat' dir='ltr'>hoo</span> <span class='ocrx_word' id='word_1_184' title='bbox 396 1614 445 1653; x_wconf 80' lang='lat' dir='ltr'>vos</span> <span class='ocrx_word' id='word_1_185' title='bbox 458 1598 663 1669; x_wconf 84' lang='lat' dir='ltr'>contempsisse</span> <span class='ocrx_word' id='word_1_186' title='bbox 677 1596 794 1669; x_wconf 90' lang='lat' dir='ltr'>negotio</span> <span class='ocrx_word' id='word_1_187' title='bbox 812 1614 871 1653; x_wconf 95' lang='lat' dir='ltr'>non</span> <span class='ocrx_word' id='word_1_188' title='bbox 889 1596 1036 1653; x_wconf 89' lang='lat' dir='ltr'>immerito</span> <span class='ocrx_word' id='word_1_189' title='bbox 1052 1599 1304 1670; x_wconf 87' lang='lat' dir='ltr'>reprehendimus.</span> <span class='ocrx_word' id='word_1_190' title='bbox 1319 1604 1399 1659; x_wconf 82' lang='lat' dir='ltr'>Absit</span> <span class='ocrx_word' id='word_1_191' title='bbox 1420 1605 1508 1674; x_wconf 91' lang='lat' dir='ltr'>enim,</span> <span class='ocrx_word' id='word_1_192' title='bbox 1522 1609 1555 1660; x_wconf 88' lang='lat' dir='ltr'>ut</span> <span class='ocrx_word' id='word_1_193' title='bbox 1572 1608 1776 1680; x_wconf 88' lang='lat' dir='ltr'>cujuscunque,</span> <span class='ocrx_word' id='word_1_194' title='bbox 1790 1627 1838 1664; x_wconf 90' lang='lat' dir='ltr'>us·</span> 
     </span>
     <span class='ocr_line' id='line_1_16' title="bbox 156 1685 1839 1762; baseline 0.007 -18"><span class='ocrx_word' id='word_1_195' title='bbox 156 1704 213 1762; x_wconf 92' lang='lat' dir='ltr'>que</span> <span class='ocrx_word' id='word_1_196' title='bbox 222 1689 258 1744; x_wconf 90' lang='lat' dir='ltr'>ad</span> <span class='ocrx_word' id='word_1_197' title='bbox 273 1687 406 1744; x_wconf 89' lang='lat' dir='ltr'>ultimum</span> <span class='ocrx_word' id='word_1_198' title='bbox 415 1687 482 1742; x_wconf 86' lang='lat' dir='ltr'>vitae</span> <span class='ocrx_word' id='word_1_199' title='bbox 495 1702 554 1742; x_wconf 84' lang='lat' dir='ltr'>suae</span> <span class='ocrx_word' id='word_1_200' title='bbox 568 1686 646 1742; x_wconf 88' lang='lat' dir='ltr'>diem</span> <span class='ocrx_word' id='word_1_201' title='bbox 657 1685 746 1759; x_wconf 91' lang='lat' dir='ltr'>quiin</span> <span class='ocrx_word' id='word_1_202' title='bbox 759 1685 815 1741; x_wconf 86' lang='lat' dir='ltr'>tide</span> <span class='ocrx_word' id='word_1_203' title='bbox 829 1687 965 1742; x_wconf 87' lang='lat' dir='ltr'>catholica</span> <span class='ocrx_word' id='word_1_204' title='bbox 978 1690 1212 1762; x_wconf 83' lang='lat' dir='ltr'>perseveraverit,</span> <span class='ocrx_word' id='word_1_205' title='bbox 1223 1693 1268 1748; x_wconf 91' lang='lat' dir='ltr'>vel</span> <span class='ocrx_word' id='word_1_206' title='bbox 1280 1693 1435 1749; x_wconf 88' lang='lat' dir='ltr'>decretalia</span> <span class='ocrx_word' id='word_1_207' title='bbox 1445 1695 1599 1751; x_wconf 91' lang='lat' dir='ltr'>constituta</span> <span class='ocrx_word' id='word_1_208' title='bbox 1609 1699 1651 1751; x_wconf 88' lang='lat' dir='ltr'>vel</span> <span class='ocrx_word' id='word_1_209' title='bbox 1662 1697 1696 1753; x_wconf 91' lang='lat' dir='ltr'>de</span> <span class='ocrx_word' id='word_1_210' title='bbox 1707 1700 1839 1756; x_wconf 89' lang='lat' dir='ltr'>ccclesia·</span> 
     </span>
     <span class='ocr_line' id='line_1_17' title="bbox 158 1777 1839 1859; baseline 0.004 -22"><span class='ocrx_word' id='word_1_211' title='bbox 158 1781 228 1837; x_wconf 87' lang='lat' dir='ltr'>stica</span> <span class='ocrx_word' id='word_1_212' title='bbox 242 1781 391 1853; x_wconf 89' lang='lat' dir='ltr'>disciplina</span> <span class='ocrx_word' id='word_1_213' title='bbox 405 1779 540 1853; x_wconf 75' lang='lat' dir='ltr'>quaelibet</span> <span class='ocrx_word' id='word_1_214' title='bbox 553 1779 687 1851; x_wconf 85' lang='lat' dir='ltr'>exposita,</span> <span class='ocrx_word' id='word_1_215' title='bbox 700 1777 796 1834; x_wconf 86' lang='lat' dir='ltr'>debito</span> <span class='ocrx_word' id='word_1_216' title='bbox 807 1779 883 1834; x_wconf 91' lang='lat' dir='ltr'>cultu</span> <span class='ocrx_word' id='word_1_217' title='bbox 893 1781 921 1834; x_wconf 91' lang='lat' dir='ltr'>et</span> <span class='ocrx_word' id='word_1_218' title='bbox 931 1795 998 1833; x_wconf 91' lang='lat' dir='ltr'>eum</span> <span class='ocrx_word' id='word_1_219' title='bbox 1010 1796 1123 1834; x_wconf 89' lang='lat' dir='ltr'>summa</span> <span class='ocrx_word' id='word_1_220' title='bbox 1139 1780 1311 1838; x_wconf 89' lang='lat' dir='ltr'>discretione</span> <span class='ocrx_word' id='word_1_221' title='bbox 1327 1799 1386 1839; x_wconf 91' lang='lat' dir='ltr'>uon</span> <span class='ocrx_word' id='word_1_222' title='bbox 1401 1785 1609 1855; x_wconf 87' lang='lat' dir='ltr'>amplectamur</span> <span class='ocrx_word' id='word_1_223' title='bbox 1618 1788 1762 1857; x_wconf 90' lang='lat' dir='ltr'>opuscula,</span> <span class='ocrx_word' id='word_1_224' title='bbox 1774 1804 1839 1859; x_wconf 78' lang='lat' dir='ltr'>quse</span> 
     </span>
     <span class='ocr_line' id='line_1_18' title="bbox 158 1868 1840 1949; baseline 0.004 -23"><span class='ocrx_word' id='word_1_225' title='bbox 158 1872 298 1927; x_wconf 84' lang='lat' dir='ltr'>duntaxat</span> <span class='ocrx_word' id='word_1_226' title='bbox 312 1874 340 1925; x_wconf 92' lang='lat' dir='ltr'>et</span> <span class='ocrx_word' id='word_1_227' title='bbox 359 1869 517 1940; x_wconf 90' lang='lat' dir='ltr'>antiquitus</span> <span class='ocrx_word' id='word_1_228' title='bbox 532 1872 631 1923; x_wconf 88' lang='lat' dir='ltr'>sancta</span> <span class='ocrx_word' id='word_1_229' title='bbox 646 1869 773 1923; x_wconf 78' lang='lat' dir='ltr'>lfomana</span> <span class='ocrx_word' id='word_1_230' title='bbox 791 1868 911 1924; x_wconf 87' lang='lat' dir='ltr'>Ecclesia</span> <span class='ocrx_word' id='word_1_231' title='bbox 931 1884 1102 1924; x_wconf 88' lang='lat' dir='ltr'>conservans</span> <span class='ocrx_word' id='word_1_232' title='bbox 1120 1870 1202 1925; x_wconf 87' lang='lat' dir='ltr'>nobis</span> <span class='ocrx_word' id='word_1_233' title='bbox 1220 1886 1334 1943; x_wconf 91' lang='lat' dir='ltr'>quoque</span> <span class='ocrx_word' id='word_1_234' title='bbox 1357 1872 1542 1928; x_wconf 88' lang='lat' dir='ltr'>custodienda</span> <span class='ocrx_word' id='word_1_235' title='bbox 1564 1875 1709 1930; x_wconf 87' lang='lat' dir='ltr'>mandavit</span> <span class='ocrx_word' id='word_1_236' title='bbox 1724 1879 1753 1931; x_wconf 89' lang='lat' dir='ltr'>et</span> <span class='ocrx_word' id='word_1_237' title='bbox 1767 1894 1840 1949; x_wconf 89' lang='lat' dir='ltr'>pene</span> 
     </span>
     <span class='ocr_line' id='line_1_19' title="bbox 160 1955 1839 2038; baseline 0.004 -23"><span class='ocrx_word' id='word_1_238' title='bbox 160 1975 190 2015; x_wconf 89' lang='lat' dir='ltr'>sa</span> <span class='ocrx_word' id='word_1_239' title='bbox 210 1958 240 2015; x_wconf 89' lang='lat' dir='ltr'>iu</span> <span class='ocrx_word' id='word_1_240' title='bbox 262 1959 320 2013; x_wconf 90' lang='lat' dir='ltr'>suis</span> <span class='ocrx_word' id='word_1_241' title='bbox 341 1957 464 2012; x_wconf 83' lang='lat' dir='ltr'>archivis</span> <span class='ocrx_word' id='word_1_242' title='bbox 484 1961 512 2012; x_wconf 87' lang='lat' dir='ltr'>et</span> <span class='ocrx_word' id='word_1_243' title='bbox 534 1955 651 2011; x_wconf 90' lang='lat' dir='ltr'>vetustis</span> <span class='ocrx_word' id='word_1_244' title='bbox 674 1956 727 2011; x_wconf 89' lang='lat' dir='ltr'>rite</span> <span class='ocrx_word' id='word_1_245' title='bbox 751 1958 944 2013; x_wconf 87' lang='lat' dir='ltr'>monumentis</span> <span class='ocrx_word' id='word_1_246' title='bbox 967 1959 1116 2015; x_wconf 90' lang='lat' dir='ltr'>recondita</span> <span class='ocrx_word' id='word_1_247' title='bbox 1140 1965 1348 2017; x_wconf 90' lang='lat' dir='ltr'>veneratur.....</span> <span class='ocrx_word' id='word_1_248' title='bbox 1378 1962 1549 2036; x_wconf 83' lang='lat' dir='ltr'>Quanquam</span> <span class='ocrx_word' id='word_1_249' title='bbox 1574 1966 1691 2038; x_wconf 88' lang='lat' dir='ltr'>quidam</span> <span class='ocrx_word' id='word_1_250' title='bbox 1713 1972 1839 2022; x_wconf 88' lang='lat' dir='ltr'>vestrum</span> 
     </span>
     <span class='ocr_line' id='line_1_20' title="bbox 157 2044 1838 2129; baseline 0.005 -26"><span class='ocrx_word' id='word_1_251' title='bbox 157 2047 331 2121; x_wconf 84' lang='lat' dir='ltr'>scripserint,</span> <span class='ocrx_word' id='word_1_252' title='bbox 344 2046 424 2101; x_wconf 87' lang='lat' dir='ltr'>hand</span> <span class='ocrx_word' id='word_1_253' title='bbox 436 2044 485 2100; x_wconf 89' lang='lat' dir='ltr'>ille</span> <span class='ocrx_word' id='word_1_254' title='bbox 497 2045 650 2100; x_wconf 88' lang='lat' dir='ltr'>decretalia</span> <span class='ocrx_word' id='word_1_255' title='bbox 663 2044 821 2116; x_wconf 91' lang='lat' dir='ltr'>priscorum</span> <span class='ocrx_word' id='word_1_256' title='bbox 835 2047 1004 2117; x_wconf 87' lang='lat' dir='ltr'>pontificum</span> <span class='ocrx_word' id='word_1_257' title='bbox 1017 2049 1046 2104; x_wconf 91' lang='lat' dir='ltr'>in</span> <span class='ocrx_word' id='word_1_258' title='bbox 1059 2055 1117 2105; x_wconf 89' lang='lat' dir='ltr'>toto</span> <span class='ocrx_word' id='word_1_259' title='bbox 1127 2049 1230 2106; x_wconf 90' lang='lat' dir='ltr'>codicis</span> <span class='ocrx_word' id='word_1_260' title='bbox 1243 2068 1383 2107; x_wconf 92' lang='lat' dir='ltr'>canonum</span> <span class='ocrx_word' id='word_1_261' title='bbox 1397 2070 1517 2124; x_wconf 92' lang='lat' dir='ltr'>corpore</span> <span class='ocrx_word' id='word_1_262' title='bbox 1529 2055 1671 2110; x_wconf 88' lang='lat' dir='ltr'>contineri</span> <span class='ocrx_word' id='word_1_263' title='bbox 1687 2054 1838 2129; x_wconf 85' lang='lat' dir='ltr'>descripta,</span> 
     </span>
     <span class='ocr_line' id='line_1_21' title="bbox 158 2134 1839 2210; baseline 0.004 -15"><span class='ocrx_word' id='word_1_264' title='bbox 158 2154 225 2195; x_wconf 92' lang='lat' dir='ltr'>cum</span> <span class='ocrx_word' id='word_1_265' title='bbox 238 2138 304 2209; x_wconf 79' lang='lat' dir='ltr'>ipsi,</span> <span class='ocrx_word' id='word_1_266' title='bbox 319 2135 367 2190; x_wconf 93' lang='lat' dir='ltr'>ubi</span> <span class='ocrx_word' id='word_1_267' title='bbox 381 2151 440 2189; x_wconf 82' lang='lat' dir='ltr'>suae</span> <span class='ocrx_word' id='word_1_268' title='bbox 454 2134 608 2190; x_wconf 88' lang='lat' dir='ltr'>intentioni</span> <span class='ocrx_word' id='word_1_269' title='bbox 623 2134 683 2190; x_wconf 83' lang='lat' dir='ltr'>haeo</span> <span class='ocrx_word' id='word_1_270' title='bbox 700 2135 851 2207; x_wconf 86' lang='lat' dir='ltr'>suflragari</span> <span class='ocrx_word' id='word_1_271' title='bbox 865 2138 1054 2210; x_wconf 91' lang='lat' dir='ltr'>conspiciunt,</span> <span class='ocrx_word' id='word_1_272' title='bbox 1065 2138 1119 2194; x_wconf 93' lang='lat' dir='ltr'>illis</span> <span class='ocrx_word' id='word_1_273' title='bbox 1129 2140 1326 2197; x_wconf 85' lang='lat' dir='ltr'>indifferenter</span> <span class='ocrx_word' id='word_1_274' title='bbox 1340 2146 1454 2198; x_wconf 89' lang='lat' dir='ltr'>utuntur</span> <span class='ocrx_word' id='word_1_275' title='bbox 1464 2145 1492 2198; x_wconf 92' lang='lat' dir='ltr'>et</span> <span class='ocrx_word' id='word_1_276' title='bbox 1501 2143 1593 2199; x_wconf 89' lang='lat' dir='ltr'>solum</span> <span class='ocrx_word' id='word_1_277' title='bbox 1609 2161 1685 2199; x_wconf 92' lang='lat' dir='ltr'>nunc</span> <span class='ocrx_word' id='word_1_278' title='bbox 1695 2145 1732 2201; x_wconf 93' lang='lat' dir='ltr'>ad</span> <span class='ocrx_word' id='word_1_279' title='bbox 1743 2146 1839 2202; x_wconf 91' lang='lat' dir='ltr'>immi-</span> 
     </span>
     <span class='ocr_line' id='line_1_22' title="bbox 159 2223 1838 2306; baseline 0.004 -23"><span class='ocrx_word' id='word_1_280' title='bbox 159 2227 307 2283; x_wconf 88' lang='lat' dir='ltr'>nutionem</span> <span class='ocrx_word' id='word_1_281' title='bbox 323 2223 469 2296; x_wconf 88' lang='lat' dir='ltr'>potestatis</span> <span class='ocrx_word' id='word_1_282' title='bbox 489 2223 564 2278; x_wconf 83' lang='lat' dir='ltr'>sedis</span> <span class='ocrx_word' id='word_1_283' title='bbox 576 2223 741 2294; x_wconf 79' lang='lat' dir='ltr'>apostolicae</span> <span class='ocrx_word' id='word_1_284' title='bbox 756 2229 784 2279; x_wconf 89' lang='lat' dir='ltr'>et</span> <span class='ocrx_word' id='word_1_285' title='bbox 797 2225 833 2281; x_wconf 92' lang='lat' dir='ltr'>ad</span> <span class='ocrx_word' id='word_1_286' title='bbox 846 2241 965 2283; x_wconf 87' lang='lat' dir='ltr'>suorum</span> <span class='ocrx_word' id='word_1_287' title='bbox 980 2235 1185 2301; x_wconf 83' lang='lat' dir='ltr'>argumentum</span> <span class='ocrx_word' id='word_1_288' title='bbox 1201 2231 1417 2304; x_wconf 90' lang='lat' dir='ltr'>privilegiorum</span> <span class='ocrx_word' id='word_1_289' title='bbox 1432 2232 1528 2288; x_wconf 92' lang='lat' dir='ltr'>minus</span> <span class='ocrx_word' id='word_1_290' title='bbox 1541 2239 1653 2305; x_wconf 87' lang='lat' dir='ltr'>accepta</span> <span class='ocrx_word' id='word_1_291' title='bbox 1667 2251 1726 2292; x_wconf 86' lang='lat' dir='ltr'>esse</span> <span class='ocrx_word' id='word_1_292' title='bbox 1742 2237 1838 2306; x_wconf 91' lang='lat' dir='ltr'>perhi-</span> 
     </span>
    </p>
   </div>
   <div class='ocr_carea' id='block_1_6' title="bbox 158 2313 1838 2479">
    <p class='ocr_par' dir='ltr' id='par_1_6' title="bbox 158 2313 1838 2479">
     <span class='ocr_line' id='line_1_23' title="bbox 158 2313 1838 2396; baseline 0.002 -20"><span class='ocrx_word' id='word_1_293' title='bbox 158 2318 254 2375; x_wconf 89' lang='lat' dir='ltr'>beant.</span> <span class='ocrx_word' id='word_1_294' title='bbox 266 2317 338 2371; x_wconf 92' lang='lat' dir='ltr'>Nam</span> <span class='ocrx_word' id='word_1_295' title='bbox 351 2313 488 2369; x_wconf 89' lang='lat' dir='ltr'>nonnulla</span> <span class='ocrx_word' id='word_1_296' title='bbox 500 2329 599 2368; x_wconf 88' lang='lat' dir='ltr'>eorum</span> <span class='ocrx_word' id='word_1_297' title='bbox 614 2313 719 2385; x_wconf 88' lang='lat' dir='ltr'>scripta</span> <span class='ocrx_word' id='word_1_298' title='bbox 731 2330 818 2386; x_wconf 89' lang='lat' dir='ltr'>penes</span> <span class='ocrx_word' id='word_1_299' title='bbox 831 2330 884 2370; x_wconf 85' lang='lat' dir='ltr'>nos</span> <span class='ocrx_word' id='word_1_300' title='bbox 896 2314 1046 2387; x_wconf 91' lang='lat' dir='ltr'>habentur,</span> <span class='ocrx_word' id='word_1_301' title='bbox 1059 2335 1123 2391; x_wconf 84' lang='lat' dir='ltr'>quae</span> <span class='ocrx_word' id='word_1_302' title='bbox 1134 2337 1194 2376; x_wconf 91' lang='lat' dir='ltr'>nou</span> <span class='ocrx_word' id='word_1_303' title='bbox 1208 2322 1300 2377; x_wconf 88' lang='lat' dir='ltr'>solum</span> <span class='ocrx_word' id='word_1_304' title='bbox 1312 2339 1549 2395; x_wconf 89' lang='lat' dir='ltr'>quorumcunque</span> <span class='ocrx_word' id='word_1_305' title='bbox 1562 2324 1754 2381; x_wconf 84' lang='lat' dir='ltr'>Romanorum</span> <span class='ocrx_word' id='word_1_306' title='bbox 1765 2341 1838 2396; x_wconf 91' lang='lat' dir='ltr'>pou·</span> 
     </span>
     <span class='ocr_line' id='line_1_24' title="bbox 159 2402 1251 2479; baseline 0.002 -15"><span class='ocrx_word' id='word_1_307' title='bbox 159 2407 278 2474; x_wconf 85' lang='lat' dir='ltr'>tiflcum,</span> <span class='ocrx_word' id='word_1_308' title='bbox 294 2420 393 2461; x_wconf 90' lang='lat' dir='ltr'>verum</span> <span class='ocrx_word' id='word_1_309' title='bbox 409 2403 495 2460; x_wconf 90' lang='lat' dir='ltr'>etiam</span> <span class='ocrx_word' id='word_1_310' title='bbox 511 2402 641 2476; x_wconf 88' lang='lat' dir='ltr'>priorum</span> <span class='ocrx_word' id='word_1_311' title='bbox 654 2404 770 2460; x_wconf 85' lang='lat' dir='ltr'>decreta</span> <span class='ocrx_word' id='word_1_312' title='bbox 782 2405 811 2460; x_wconf 92' lang='lat' dir='ltr'>iu</span> <span class='ocrx_word' id='word_1_313' title='bbox 827 2404 884 2460; x_wconf 89' lang='lat' dir='ltr'>suis</span> <span class='ocrx_word' id='word_1_314' title='bbox 898 2408 1034 2479; x_wconf 83' lang='lat' dir='ltr'>praeferro</span> <span class='ocrx_word' id='word_1_315' title='bbox 1048 2416 1217 2479; x_wconf 91' lang='lat' dir='ltr'>noscuntur,</span> <span class='ocrx_word' id='word_1_316' title='bbox 1238 2436 1251 2461; x_wconf 78' lang='grc' dir='ltr'>ι»</span> 
     </span>
    </p>
   </div>
   <div class='ocr_carea' id='block_1_7' title="bbox 160 2523 1837 2688">
    <p class='ocr_par' dir='ltr' id='par_1_7' title="bbox 160 2523 1837 2688">
     <span class='ocr_line' id='line_1_25' title="bbox 184 2523 1837 2603; baseline 0.001 -18"><span class='ocrx_word' id='word_1_317' title='bbox 184 2528 290 2599; x_wconf 84' lang='lat' dir='ltr'>¹Neque</span> <span class='ocrx_word' id='word_1_318' title='bbox 308 2541 380 2597; x_wconf 90' lang='lat' dir='ltr'>opus</span> <span class='ocrx_word' id='word_1_319' title='bbox 394 2528 445 2591; x_wconf 86' lang='lat' dir='ltr'>est,</span> <span class='ocrx_word' id='word_1_320' title='bbox 461 2528 494 2579; x_wconf 90' lang='lat' dir='ltr'>ut</span> <span class='ocrx_word' id='word_1_321' title='bbox 509 2539 575 2579; x_wconf 90' lang='lat' dir='ltr'>cum</span> <span class='ocrx_word' id='word_1_322' title='bbox 593 2523 795 2580; x_wconf 86' lang='lat' dir='ltr'>llunstmanno</span> <span class='ocrx_word' id='word_1_323' title='bbox 816 2524 953 2596; x_wconf 90' lang='lat' dir='ltr'>dicamus,</span> <span class='ocrx_word' id='word_1_324' title='bbox 974 2527 1119 2586; x_wconf 85' lang='lat' dir='ltr'>Nicolaum</span> <span class='ocrx_word' id='word_1_325' title='bbox 1138 2531 1184 2588; x_wconf 92' lang='lat' dir='ltr'>hie</span> <span class='ocrx_word' id='word_1_326' title='bbox 1197 2531 1253 2586; x_wconf 90' lang='lat' dir='ltr'>toci</span> <span class='ocrx_word' id='word_1_327' title='bbox 1268 2532 1305 2586; x_wconf 91' lang='lat' dir='ltr'>ad</span> <span class='ocrx_word' id='word_1_328' title='bbox 1322 2532 1590 2589; x_wconf 89' lang='lat' dir='ltr'>Pseudodeoretales</span> <span class='ocrx_word' id='word_1_329' title='bbox 1609 2531 1728 2588; x_wconf 91' lang='lat' dir='ltr'>minime</span> <span class='ocrx_word' id='word_1_330' title='bbox 1750 2533 1837 2603; x_wconf 90' lang='lat' dir='ltr'>respi-</span> 
     </span>
     <span class='ocr_line' id='line_1_26' title="bbox 160 2611 902 2688; baseline -0.001 -15"><span class='ocrx_word' id='word_1_331' title='bbox 160 2631 234 2686; x_wconf 87' lang='lat' dir='ltr'>cere,</span> <span class='ocrx_word' id='word_1_332' title='bbox 247 2615 324 2688; x_wconf 94' lang='lat' dir='ltr'>quod</span> <span class='ocrx_word' id='word_1_333' title='bbox 338 2630 371 2671; x_wconf 85' lang='lat' dir='ltr'>er</span> <span class='ocrx_word' id='word_1_334' title='bbox 384 2613 447 2685; x_wconf 93' lang='lat' dir='ltr'>ipso</span> <span class='ocrx_word' id='word_1_335' title='bbox 464 2611 619 2669; x_wconf 86' lang='lat' dir='ltr'>verborum</span> <span class='ocrx_word' id='word_1_336' title='bbox 633 2618 731 2670; x_wconf 90' lang='lat' dir='ltr'>tenore</span> <span class='ocrx_word' id='word_1_337' title='bbox 753 2614 902 2672; x_wconf 80' lang='lat' dir='ltr'>refellitur.</span> 
     </span>
    </p>
   </div>
   <div class='ocr_carea' id='block_1_8' title="bbox 96 2729 1843 3602">
    <p class='ocr_par' dir='ltr' id='par_1_8' title="bbox 96 2729 1843 3602">
     <span class='ocr_line' id='line_1_27' title="bbox 196 2729 1840 2813; baseline 0.002 -24"><span class='ocrx_word' id='word_1_338' title='bbox 196 2735 400 2789; x_wconf 84' lang='lat' dir='ltr'>Verumtamen</span> <span class='ocrx_word' id='word_1_339' title='bbox 419 2729 526 2804; x_wconf 93' lang='lat' dir='ltr'>oppido</span> <span class='ocrx_word' id='word_1_340' title='bbox 546 2734 632 2799; x_wconf 89' lang='lat' dir='ltr'>errat,</span> <span class='ocrx_word' id='word_1_341' title='bbox 647 2731 697 2802; x_wconf 94' lang='lat' dir='ltr'>qui</span> <span class='ocrx_word' id='word_1_342' title='bbox 714 2730 783 2787; x_wconf 87' lang='lat' dir='ltr'>inde</span> <span class='ocrx_word' id='word_1_343' title='bbox 805 2735 958 2803; x_wconf 89' lang='lat' dir='ltr'>concludit,</span> <span class='ocrx_word' id='word_1_344' title='bbox 975 2735 1124 2793; x_wconf 90' lang='lat' dir='ltr'>Nicolaum</span> <span class='ocrx_word' id='word_1_345' title='bbox 1145 2738 1302 2795; x_wconf 81' lang='lat' dir='ltr'>Decretales</span> <span class='ocrx_word' id='word_1_346' title='bbox 1323 2741 1399 2813; x_wconf 89' lang='lat' dir='ltr'>ipsas</span> <span class='ocrx_word' id='word_1_347' title='bbox 1416 2741 1566 2812; x_wconf 89' lang='lat' dir='ltr'>recepisse,</span> <span class='ocrx_word' id='word_1_348' title='bbox 1581 2741 1623 2796; x_wconf 91' lang='lat' dir='ltr'>vel</span> <span class='ocrx_word' id='word_1_349' title='bbox 1638 2740 1692 2795; x_wconf 91' lang='lat' dir='ltr'>illis</span> <span class='ocrx_word' id='word_1_350' title='bbox 1714 2756 1840 2811; x_wconf 90' lang='lat' dir='ltr'>unquam</span> 
     </span>
     <span class='ocr_line' id='line_1_28' title="bbox 161 2819 1841 2902; baseline 0.001 -21"><span class='ocrx_word' id='word_1_351' title='bbox 161 2840 245 2881; x_wconf 88' lang='lat' dir='ltr'>usum</span> <span class='ocrx_word' id='word_1_352' title='bbox 257 2822 352 2879; x_wconf 90' lang='lat' dir='ltr'>fuisse.</span> <span class='ocrx_word' id='word_1_353' title='bbox 367 2821 462 2876; x_wconf 88' lang='lat' dir='ltr'>llefele</span> <span class='ocrx_word' id='word_1_354' title='bbox 479 2820 532 2892; x_wconf 77' lang='grc'><strong>(43)</strong></span> <span class='ocrx_word' id='word_1_355' title='bbox 546 2819 663 2891; x_wconf 88' lang='lat' dir='ltr'>quidem</span> <span class='ocrx_word' id='word_1_356' title='bbox 677 2820 829 2892; x_wconf 87' lang='lat' dir='ltr'>epistolam</span> <span class='ocrx_word' id='word_1_357' title='bbox 849 2823 955 2879; x_wconf 90' lang='lat' dir='ltr'>Nicolai</span> <span class='ocrx_word' id='word_1_358' title='bbox 973 2825 1010 2881; x_wconf 90' lang='lat' dir='ltr'>ad</span> <span class='ocrx_word' id='word_1_359' title='bbox 1028 2825 1160 2883; x_wconf 83' lang='lat' dir='ltr'>carolum</span> <span class='ocrx_word' id='word_1_360' title='bbox 1174 2828 1292 2884; x_wconf 86' lang='lat' dir='ltr'>Calvum</span> <span class='ocrx_word' id='word_1_361' title='bbox 1316 2829 1445 2901; x_wconf 88' lang='lat' dir='ltr'>ejusdem</span> <span class='ocrx_word' id='word_1_362' title='bbox 1460 2830 1528 2885; x_wconf 91' lang='lat' dir='ltr'>anni</span> <span class='ocrx_word' id='word_1_363' title='bbox 1544 2830 1596 2902; x_wconf 88' lang='grc'><strong>(43)</strong></span> <span class='ocrx_word' id='word_1_364' title='bbox 1611 2829 1725 2900; x_wconf 85' lang='lat' dir='ltr'>allegat,</span> <span class='ocrx_word' id='word_1_365' title='bbox 1742 2829 1771 2884; x_wconf 92' lang='lat' dir='ltr'>in</span> <span class='ocrx_word' id='word_1_366' title='bbox 1786 2845 1841 2901; x_wconf 91' lang='lat' dir='ltr'>qua</span> 
     </span>
     <span class='ocr_line' id='line_1_29' title="bbox 161 2911 1841 2986; baseline -0.001 -13"><span class='ocrx_word' id='word_1_367' title='bbox 161 2916 226 2973; x_wconf 85' lang='lat' dir='ltr'>tulii</span> <span class='ocrx_word' id='word_1_368' title='bbox 247 2911 493 2971; x_wconf 85' lang='lat' dir='ltr'>Pseudodecretali</span> <span class='ocrx_word' id='word_1_369' title='bbox 514 2917 621 2968; x_wconf 86' lang='lat' dir='ltr'>utatur.</span> <span class='ocrx_word' id='word_1_370' title='bbox 645 2911 699 2969; x_wconf 87' lang='lat' dir='ltr'>Sed</span> <span class='ocrx_word' id='word_1_371' title='bbox 720 2929 789 2985; x_wconf 91' lang='lat' dir='ltr'>pace</span> <span class='ocrx_word' id='word_1_372' title='bbox 805 2914 914 2986; x_wconf 77' lang='lat' dir='ltr'>egregii</span> <span class='ocrx_word' id='word_1_373' title='bbox 928 2914 980 2971; x_wconf 91' lang='lat' dir='ltr'>viri</span> <span class='ocrx_word' id='word_1_374' title='bbox 1000 2914 1109 2971; x_wconf 91' lang='lat' dir='ltr'>dictum</span> <span class='ocrx_word' id='word_1_375' title='bbox 1128 2916 1175 2986; x_wconf 92' lang='lat' dir='ltr'>sit,</span> <span class='ocrx_word' id='word_1_376' title='bbox 1188 2917 1291 2973; x_wconf 91' lang='lat' dir='ltr'>nullibi</span> <span class='ocrx_word' id='word_1_377' title='bbox 1315 2919 1343 2973; x_wconf 92' lang='lat' dir='ltr'>in</span> <span class='ocrx_word' id='word_1_378' title='bbox 1365 2919 1557 2974; x_wconf 85' lang='lat' dir='ltr'>Decretalihus</span> <span class='ocrx_word' id='word_1_379' title='bbox 1570 2917 1648 2974; x_wconf 91' lang='lat' dir='ltr'>falsis</span> <span class='ocrx_word' id='word_1_380' title='bbox 1663 2934 1698 2973; x_wconf 91' lang='lat' dir='ltr'>ea</span> <span class='ocrx_word' id='word_1_381' title='bbox 1712 2918 1841 2973; x_wconf 89' lang='lat' dir='ltr'>invenire</span> 
     </span>
     <span class='ocr_line' id='line_1_30' title="bbox 96 3000 1839 3082; baseline 0.001 -20"><span class='ocrx_word' id='word_1_382' title='bbox 96 3052 102 3061; x_wconf 89' lang='lat'>.</span> <span class='ocrx_word' id='word_1_383' title='bbox 162 3004 316 3078; x_wconf 91' lang='lat' dir='ltr'>potuimus,</span> <span class='ocrx_word' id='word_1_384' title='bbox 332 3019 397 3075; x_wconf 77' lang='lat' dir='ltr'>quae</span> <span class='ocrx_word' id='word_1_385' title='bbox 411 3002 446 3057; x_wconf 89' lang='lat' dir='ltr'>de</span> <span class='ocrx_word' id='word_1_386' title='bbox 460 3000 534 3058; x_wconf 91' lang='lat' dir='ltr'>lulio</span> <span class='ocrx_word' id='word_1_387' title='bbox 546 3002 636 3057; x_wconf 82' lang='lat' dir='ltr'>refert</span> <span class='ocrx_word' id='word_1_388' title='bbox 647 3001 788 3058; x_wconf 89' lang='lat' dir='ltr'>Nicolaus.</span> <span class='ocrx_word' id='word_1_389' title='bbox 802 3005 900 3076; x_wconf 90' lang='lat' dir='ltr'>Neque</span> <span class='ocrx_word' id='word_1_390' title='bbox 911 3006 998 3061; x_wconf 90' lang='lat' dir='ltr'>verba</span> <span class='ocrx_word' id='word_1_391' title='bbox 1009 3004 1088 3061; x_wconf 92' lang='lat' dir='ltr'>aliud</span> <span class='ocrx_word' id='word_1_392' title='bbox 1101 3023 1162 3079; x_wconf 78' lang='lat' dir='ltr'>prae</span> <span class='ocrx_word' id='word_1_393' title='bbox 1175 3023 1205 3062; x_wconf 92' lang='lat' dir='ltr'>se</span> <span class='ocrx_word' id='word_1_394' title='bbox 1219 3008 1326 3075; x_wconf 88' lang='lat' dir='ltr'>ferunt,</span> <span class='ocrx_word' id='word_1_395' title='bbox 1341 3007 1394 3063; x_wconf 91' lang='lat' dir='ltr'>nisi</span> <span class='ocrx_word' id='word_1_396' title='bbox 1407 3008 1521 3065; x_wconf 91' lang='lat' dir='ltr'>brevem</span> <span class='ocrx_word' id='word_1_397' title='bbox 1536 3013 1683 3082; x_wconf 87' lang='lat' dir='ltr'>gestorum</span> <span class='ocrx_word' id='word_1_398' title='bbox 1699 3010 1839 3065; x_wconf 89' lang='lat' dir='ltr'>narratio-</span> 
     </span>
     <span class='ocr_line' id='line_1_31' title="bbox 162 3089 1842 3170; baseline 0.002 -19"><span class='ocrx_word' id='word_1_399' title='bbox 162 3109 240 3161; x_wconf 89' lang='lat' dir='ltr'>nem,</span> <span class='ocrx_word' id='word_1_400' title='bbox 256 3107 392 3165; x_wconf 76' lang='lat' dir='ltr'>quanter</span> <span class='ocrx_word' id='word_1_401' title='bbox 408 3090 527 3146; x_wconf 89' lang='lat' dir='ltr'>historia</span> <span class='ocrx_word' id='word_1_402' title='bbox 545 3089 688 3162; x_wconf 86' lang='lat' dir='ltr'>tripartita</span> <span class='ocrx_word' id='word_1_403' title='bbox 701 3091 744 3147; x_wconf 92' lang='lat' dir='ltr'>vel</span> <span class='ocrx_word' id='word_1_404' title='bbox 756 3108 790 3148; x_wconf 84' lang='lat' dir='ltr'>ex</span> <span class='ocrx_word' id='word_1_405' title='bbox 809 3092 934 3163; x_wconf 89' lang='lat' dir='ltr'>genuina</span> <span class='ocrx_word' id='word_1_406' title='bbox 946 3093 1011 3149; x_wconf 87' lang='lat' dir='ltr'>tulii</span> <span class='ocrx_word' id='word_1_407' title='bbox 1025 3095 1060 3150; x_wconf 92' lang='lat' dir='ltr'>ad</span> <span class='ocrx_word' id='word_1_408' title='bbox 1074 3095 1230 3152; x_wconf 87' lang='lat' dir='ltr'>Orientales</span> <span class='ocrx_word' id='word_1_409' title='bbox 1250 3096 1370 3169; x_wconf 88' lang='lat' dir='ltr'>epistola</span> <span class='ocrx_word' id='word_1_410' title='bbox 1389 3098 1557 3170; x_wconf 90' lang='lat' dir='ltr'>desumpsit.</span> <span class='ocrx_word' id='word_1_411' title='bbox 1574 3100 1615 3153; x_wconf 87' lang='lat' dir='ltr'>En</span> <span class='ocrx_word' id='word_1_412' title='bbox 1629 3099 1715 3154; x_wconf 90' lang='lat' dir='ltr'>verba</span> <span class='ocrx_word' id='word_1_413' title='bbox 1731 3117 1738 3154; x_wconf 76' lang='grc' dir='ltr'>ι</span> <span class='ocrx_word' id='word_1_414' title='bbox 1755 3121 1769 3149; x_wconf 81' lang='lat' dir='ltr'>a</span> <span class='ocrx_word' id='word_1_415' title='bbox 1786 3099 1842 3154; x_wconf 88' lang='lat' dir='ltr'>Sed</span> 
     </span>
     <span class='ocr_line' id='line_1_32' title="bbox 163 3180 1842 3260; baseline 0.003 -21"><span class='ocrx_word' id='word_1_416' title='bbox 163 3186 193 3239; x_wconf 90' lang='lat' dir='ltr'>et</span> <span class='ocrx_word' id='word_1_417' title='bbox 204 3198 279 3256; x_wconf 91' lang='lat' dir='ltr'>papa</span> <span class='ocrx_word' id='word_1_418' title='bbox 293 3180 384 3237; x_wconf 84' lang='lat' dir='ltr'>tulius</span> <span class='ocrx_word' id='word_1_419' title='bbox 396 3180 588 3236; x_wconf 88' lang='lat' dir='ltr'>Orientalibus</span> <span class='ocrx_word' id='word_1_420' title='bbox 600 3180 736 3252; x_wconf 86' lang='lat' dir='ltr'>scribens,</span> <span class='ocrx_word' id='word_1_421' title='bbox 752 3185 903 3254; x_wconf 90' lang='lat' dir='ltr'>utramque</span> <span class='ocrx_word' id='word_1_422' title='bbox 917 3187 1028 3255; x_wconf 90' lang='lat' dir='ltr'>partem</span> <span class='ocrx_word' id='word_1_423' title='bbox 1039 3185 1188 3241; x_wconf 77' lang='lat' dir='ltr'>Athanasii</span> <span class='ocrx_word' id='word_1_424' title='bbox 1200 3187 1310 3242; x_wconf 90' lang='lat' dir='ltr'>scilicet</span> <span class='ocrx_word' id='word_1_425' title='bbox 1323 3191 1352 3243; x_wconf 91' lang='lat' dir='ltr'>et</span> <span class='ocrx_word' id='word_1_426' title='bbox 1363 3187 1590 3243; x_wconf 89' lang='lat' dir='ltr'>adversariorum</span> <span class='ocrx_word' id='word_1_427' title='bbox 1608 3189 1670 3260; x_wconf 86' lang='lat' dir='ltr'>ejus</span> <span class='ocrx_word' id='word_1_428' title='bbox 1683 3191 1842 3244; x_wconf 88' lang='lat' dir='ltr'>accelerare</span> 
     </span>
     <span class='ocr_line' id='line_1_33' title="bbox 164 3270 1843 3349; baseline 0.003 -22"><span class='ocrx_word' id='word_1_429' title='bbox 164 3270 359 3345; x_wconf 75' lang='lat' dir='ltr'>presentiam,</span> <span class='ocrx_word' id='word_1_430' title='bbox 374 3271 515 3341; x_wconf 91' lang='lat' dir='ltr'>quatenus</span> <span class='ocrx_word' id='word_1_431' title='bbox 528 3273 649 3342; x_wconf 89' lang='lat' dir='ltr'>utraque</span> <span class='ocrx_word' id='word_1_432' title='bbox 663 3273 745 3342; x_wconf 88' lang='lat' dir='ltr'>parte</span> <span class='ocrx_word' id='word_1_433' title='bbox 757 3276 898 3343; x_wconf 84' lang='lat' dir='ltr'>praesente</span> <span class='ocrx_word' id='word_1_434' title='bbox 914 3272 1064 3330; x_wconf 91' lang='lat' dir='ltr'>audiretur</span> <span class='ocrx_word' id='word_1_435' title='bbox 1077 3291 1143 3331; x_wconf 88' lang='lat' dir='ltr'>reus</span> <span class='ocrx_word' id='word_1_436' title='bbox 1159 3279 1188 3330; x_wconf 91' lang='lat' dir='ltr'>et</span> <span class='ocrx_word' id='word_1_437' title='bbox 1206 3275 1242 3332; x_wconf 90' lang='lat' dir='ltr'>ab</span> <span class='ocrx_word' id='word_1_438' title='bbox 1256 3277 1388 3333; x_wconf 92' lang='lat' dir='ltr'>omnibus</span> <span class='ocrx_word' id='word_1_439' title='bbox 1401 3277 1617 3349; x_wconf 88' lang='lat' dir='ltr'>condemnatus,</span> <span class='ocrx_word' id='word_1_440' title='bbox 1630 3278 1665 3334; x_wconf 90' lang='lat' dir='ltr'>de</span> <span class='ocrx_word' id='word_1_441' title='bbox 1681 3284 1783 3334; x_wconf 76' lang='lat' dir='ltr'>cataro</span> <span class='ocrx_word' id='word_1_442' title='bbox 1799 3294 1843 3332; x_wconf 90' lang='lat' dir='ltr'>co-</span> 
     </span>
     <span class='ocr_line' id='line_1_34' title="bbox 164 3360 1842 3437; baseline -0.001 -16"><span class='ocrx_word' id='word_1_443' title='bbox 164 3364 310 3421; x_wconf 83' lang='lat' dir='ltr'>hiberetur</span> <span class='ocrx_word' id='word_1_444' title='bbox 322 3360 518 3418; x_wconf 88' lang='lat' dir='ltr'>asaoerdotio.</span> <span class='ocrx_word' id='word_1_445' title='bbox 529 3383 543 3412; x_wconf 84' lang='grc'><em>»</em></span> <span class='ocrx_word' id='word_1_446' title='bbox 554 3363 585 3418; x_wconf 96' lang='lat' dir='ltr'>ln</span> <span class='ocrx_word' id='word_1_447' title='bbox 600 3363 693 3418; x_wconf 90' lang='lat' dir='ltr'>altera</span> <span class='ocrx_word' id='word_1_448' title='bbox 705 3363 836 3435; x_wconf 87' lang='lat' dir='ltr'>ejusdem</span> <span class='ocrx_word' id='word_1_449' title='bbox 849 3362 918 3419; x_wconf 89' lang='lat' dir='ltr'>anni</span> <span class='ocrx_word' id='word_1_450' title='bbox 932 3363 1051 3433; x_wconf 88' lang='lat' dir='ltr'>epistola</span> <span class='ocrx_word' id='word_1_451' title='bbox 1065 3363 1102 3419; x_wconf 91' lang='lat' dir='ltr'>ad</span> <span class='ocrx_word' id='word_1_452' title='bbox 1117 3365 1211 3420; x_wconf 86' lang='lat' dir='ltr'>Gallos</span> <span class='ocrx_word' id='word_1_453' title='bbox 1226 3364 1382 3437; x_wconf 89' lang='lat' dir='ltr'>genuinam</span> <span class='ocrx_word' id='word_1_454' title='bbox 1394 3366 1460 3421; x_wconf 91' lang='lat' dir='ltr'>lulii</span> <span class='ocrx_word' id='word_1_455' title='bbox 1472 3367 1642 3424; x_wconf 88' lang='lat' dir='ltr'>decretalem</span> <span class='ocrx_word' id='word_1_456' title='bbox 1653 3367 1757 3423; x_wconf 88' lang='lat' dir='ltr'>attulit.</span> <span class='ocrx_word' id='word_1_457' title='bbox 1768 3367 1842 3421; x_wconf 89' lang='lat' dir='ltr'>Nun·</span> 
     </span>
     <span class='ocr_line' id='line_1_35' title="bbox 163 3449 1843 3527; baseline 0.001 -18"><span class='ocrx_word' id='word_1_458' title='bbox 163 3469 252 3527; x_wconf 89' lang='lat' dir='ltr'>quam</span> <span class='ocrx_word' id='word_1_459' title='bbox 266 3451 395 3509; x_wconf 87' lang='lat' dir='ltr'>Nioolaua</span> <span class='ocrx_word' id='word_1_460' title='bbox 408 3449 600 3508; x_wconf 83' lang='lat' dir='ltr'>Decretalibns</span> <span class='ocrx_word' id='word_1_461' title='bbox 616 3467 683 3507; x_wconf 91' lang='lat' dir='ltr'>usus</span> <span class='ocrx_word' id='word_1_462' title='bbox 697 3454 751 3520; x_wconf 88' lang='lat' dir='ltr'>est,</span> <span class='ocrx_word' id='word_1_463' title='bbox 764 3467 914 3524; x_wconf 89' lang='lat' dir='ltr'>nunquam</span> <span class='ocrx_word' id='word_1_464' title='bbox 927 3452 1054 3524; x_wconf 87' lang='lat' dir='ltr'>aliquam</span> <span class='ocrx_word' id='word_1_465' title='bbox 1067 3453 1184 3524; x_wconf 88' lang='lat' dir='ltr'>speciali</span> <span class='ocrx_word' id='word_1_466' title='bbox 1196 3455 1344 3511; x_wconf 89' lang='lat' dir='ltr'>mentione</span> <span class='ocrx_word' id='word_1_467' title='bbox 1357 3455 1486 3526; x_wconf 89' lang='lat' dir='ltr'>advocat,</span> <span class='ocrx_word' id='word_1_468' title='bbox 1501 3456 1567 3513; x_wconf 90' lang='lat' dir='ltr'>licet</span> <span class='ocrx_word' id='word_1_469' title='bbox 1580 3457 1663 3513; x_wconf 86' lang='lat' dir='ltr'>toties</span> <span class='ocrx_word' id='word_1_470' title='bbox 1676 3456 1785 3512; x_wconf 89' lang='lat' dir='ltr'>occasio</span> <span class='ocrx_word' id='word_1_471' title='bbox 1799 3472 1843 3511; x_wconf 91' lang='lat' dir='ltr'>oc-</span> 
     </span>
     <span class='ocr_line' id='line_1_36' title="bbox 162 3545 295 3602; baseline -0.008 -3"><span class='ocrx_word' id='word_1_472' title='bbox 162 3545 295 3602; x_wconf 82' lang='lat' dir='ltr'>cvnrerit.</span> 
     </span>
    </p>
   </div>
   <div class='ocr_carea' id='block_1_9' title="bbox 164 3660 1842 3826">
    <p class='ocr_par' dir='ltr' id='par_1_9' title="bbox 164 3660 1842 3826">
     <span class='ocr_line' id='line_1_37' title="bbox 200 3660 1842 3737; baseline 0.001 -19"><span class='ocrx_word' id='word_1_473' title='bbox 200 3662 283 3729; x_wconf 83' lang='lat' dir='ltr'>Quod</span> <span class='ocrx_word' id='word_1_474' title='bbox 294 3662 330 3718; x_wconf 90' lang='lat' dir='ltr'>ad</span> <span class='ocrx_word' id='word_1_475' title='bbox 342 3660 421 3718; x_wconf 92' lang='lat' dir='ltr'>illam</span> <span class='ocrx_word' id='word_1_476' title='bbox 436 3660 588 3733; x_wconf 89' lang='lat' dir='ltr'>epistolam</span> <span class='ocrx_word' id='word_1_477' title='bbox 600 3662 714 3731; x_wconf 87' lang='lat' dir='ltr'>attinet,</span> <span class='ocrx_word' id='word_1_478' title='bbox 727 3662 764 3717; x_wconf 89' lang='lat' dir='ltr'>ad</span> <span class='ocrx_word' id='word_1_479' title='bbox 777 3663 962 3717; x_wconf 90' lang='lat' dir='ltr'>llincmarum</span> <span class='ocrx_word' id='word_1_480' title='bbox 976 3660 1199 3735; x_wconf 76' lang='lat' dir='ltr'>directumque</span> <span class='ocrx_word' id='word_1_481' title='bbox 1215 3663 1297 3719; x_wconf 89' lang='lat' dir='ltr'>unica</span> <span class='ocrx_word' id='word_1_482' title='bbox 1311 3668 1362 3732; x_wconf 90' lang='lat' dir='ltr'>est,</span> <span class='ocrx_word' id='word_1_483' title='bbox 1375 3666 1403 3719; x_wconf 94' lang='lat' dir='ltr'>in</span> <span class='ocrx_word' id='word_1_484' title='bbox 1423 3681 1481 3737; x_wconf 89' lang='lat' dir='ltr'>qua</span> <span class='ocrx_word' id='word_1_485' title='bbox 1495 3664 1625 3736; x_wconf 83' lang='lat' dir='ltr'>pontifex</span> <span class='ocrx_word' id='word_1_486' title='bbox 1638 3664 1674 3719; x_wconf 94' lang='lat' dir='ltr'>ad</span> <span class='ocrx_word' id='word_1_487' title='bbox 1684 3664 1842 3720; x_wconf 87' lang='lat' dir='ltr'>Pseudode-</span> 
     </span>
     <span class='ocr_line' id='line_1_38' title="bbox 164 3751 1017 3826; baseline 0 -17"><span class='ocrx_word' id='word_1_488' title='bbox 164 3756 283 3812; x_wconf 84' lang='lat' dir='ltr'>cretales</span> <span class='ocrx_word' id='word_1_489' title='bbox 296 3751 439 3826; x_wconf 88' lang='lat' dir='ltr'>respiciat,</span> <span class='ocrx_word' id='word_1_490' title='bbox 454 3753 510 3809; x_wconf 94' lang='lat' dir='ltr'>duo</span> <span class='ocrx_word' id='word_1_491' title='bbox 524 3755 601 3824; x_wconf 90' lang='lat' dir='ltr'>sunt,</span> <span class='ocrx_word' id='word_1_492' title='bbox 617 3768 681 3825; x_wconf 79' lang='lat' dir='ltr'>quae</span> <span class='ocrx_word' id='word_1_493' title='bbox 695 3752 814 3808; x_wconf 89' lang='lat' dir='ltr'>dicenda</span> <span class='ocrx_word' id='word_1_494' title='bbox 827 3751 908 3808; x_wconf 90' lang='lat' dir='ltr'>nobis</span> <span class='ocrx_word' id='word_1_495' title='bbox 922 3757 1017 3809; x_wconf 92' lang='lat' dir='ltr'>erunt.</span> 
     </span>
    </p>
   </div>
   <div class='ocr_carea' id='block_1_10' title="bbox 163 3869 1845 4119">
    <p class='ocr_par' dir='ltr' id='par_1_10' title="bbox 163 3869 1845 4119">
     <span class='ocr_line' id='line_1_39' title="bbox 199 3869 1845 3944; baseline -0.001 -16"><span class='ocrx_word' id='word_1_496' title='bbox 199 3872 363 3944; x_wconf 77' lang='lat' dir='ltr'>Prmprimis</span> <span class='ocrx_word' id='word_1_497' title='bbox 372 3872 533 3929; x_wconf 90' lang='lat' dir='ltr'>notandum</span> <span class='ocrx_word' id='word_1_498' title='bbox 547 3876 599 3941; x_wconf 88' lang='lat' dir='ltr'>est,</span> <span class='ocrx_word' id='word_1_499' title='bbox 610 3872 757 3927; x_wconf 90' lang='lat' dir='ltr'>Nicolaum</span> <span class='ocrx_word' id='word_1_500' title='bbox 771 3871 885 3926; x_wconf 91' lang='lat' dir='ltr'>nonnisi</span> <span class='ocrx_word' id='word_1_501' title='bbox 896 3871 1045 3925; x_wconf 87' lang='lat' dir='ltr'>confusam</span> <span class='ocrx_word' id='word_1_502' title='bbox 1057 3870 1213 3941; x_wconf 91' lang='lat' dir='ltr'>quamdam</span> <span class='ocrx_word' id='word_1_503' title='bbox 1227 3869 1448 3940; x_wconf 87' lang='lat' dir='ltr'>generalemque</span> <span class='ocrx_word' id='word_1_504' title='bbox 1463 3869 1655 3926; x_wconf 83' lang='lat' dir='ltr'>Decrolalium</span> <span class='ocrx_word' id='word_1_505' title='bbox 1670 3872 1785 3926; x_wconf 91' lang='lat' dir='ltr'>illarum</span> <span class='ocrx_word' id='word_1_506' title='bbox 1795 3888 1845 3926; x_wconf 90' lang='lat' dir='ltr'>no-</span> 
     </span>
     <span class='ocr_line' id='line_1_40' title="bbox 163 3956 1842 4035; baseline -0.002 -16"><span class='ocrx_word' id='word_1_507' title='bbox 163 3962 254 4019; x_wconf 89' lang='lat' dir='ltr'>titiam</span> <span class='ocrx_word' id='word_1_508' title='bbox 267 3978 325 4035; x_wconf 78' lang='lat' dir='ltr'>prae</span> <span class='ocrx_word' id='word_1_509' title='bbox 338 3961 465 4029; x_wconf 84' lang='lat' dir='ltr'>ecferre,</span> <span class='ocrx_word' id='word_1_510' title='bbox 479 3977 572 4033; x_wconf 89' lang='lat' dir='ltr'>neque</span> <span class='ocrx_word' id='word_1_511' title='bbox 589 3976 713 4031; x_wconf 90' lang='lat' dir='ltr'>uuquam</span> <span class='ocrx_word' id='word_1_512' title='bbox 727 3975 776 4014; x_wconf 89' lang='lat' dir='ltr'>eas</span> <span class='ocrx_word' id='word_1_513' title='bbox 786 3974 845 4029; x_wconf 77' lang='lat' dir='ltr'>prm</span> <span class='ocrx_word' id='word_1_514' title='bbox 859 3957 957 4019; x_wconf 89' lang='lat' dir='ltr'>oeulis,</span> <span class='ocrx_word' id='word_1_515' title='bbox 968 3957 1022 4012; x_wconf 91' lang='lat' dir='ltr'>nisi</span> <span class='ocrx_word' id='word_1_516' title='bbox 1034 3957 1063 4011; x_wconf 92' lang='lat' dir='ltr'>in</span> <span class='ocrx_word' id='word_1_517' title='bbox 1078 3957 1187 4029; x_wconf 86' lang='lat' dir='ltr'>aliquot</span> <span class='ocrx_word' id='word_1_518' title='bbox 1198 3956 1233 4011; x_wconf 91' lang='lat' dir='ltr'>ah</span> <span class='ocrx_word' id='word_1_519' title='bbox 1245 3956 1395 4012; x_wconf 87' lang='lat' dir='ltr'>llincmaro</span> <span class='ocrx_word' id='word_1_520' title='bbox 1405 3957 1496 4014; x_wconf 88' lang='lat' dir='ltr'>citatis</span> <span class='ocrx_word' id='word_1_521' title='bbox 1508 3959 1586 4031; x_wconf 92' lang='lat' dir='ltr'>locis,</span> <span class='ocrx_word' id='word_1_522' title='bbox 1598 3960 1731 4017; x_wconf 88' lang='lat' dir='ltr'>habuisse</span> <span class='ocrx_word' id='word_1_523' title='bbox 1742 3960 1842 4016; x_wconf 90' lang='lat' dir='ltr'>videri.</span> 
     </span>
     <span class='ocr_line' id='line_1_41' title="bbox 163 4044 1271 4119; baseline -0.005 -12"><span class='ocrx_word' id='word_1_524' title='bbox 163 4053 233 4109; x_wconf 85' lang='lat' dir='ltr'>Nam</span> <span class='ocrx_word' id='word_1_525' title='bbox 243 4050 359 4108; x_wconf 88' lang='lat' dir='ltr'>nonnisi</span> <span class='ocrx_word' id='word_1_526' title='bbox 375 4067 433 4105; x_wconf 93' lang='lat' dir='ltr'>una</span> <span class='ocrx_word' id='word_1_527' title='bbox 444 4049 504 4104; x_wconf 93' lang='lat' dir='ltr'>vice</span> <span class='ocrx_word' id='word_1_528' title='bbox 520 4047 702 4119; x_wconf 86' lang='lat' dir='ltr'>generalibus</span> <span class='ocrx_word' id='word_1_529' title='bbox 717 4044 886 4118; x_wconf 90' lang='lat' dir='ltr'>quibusdam</span> <span class='ocrx_word' id='word_1_530' title='bbox 900 4044 993 4100; x_wconf 90' lang='lat' dir='ltr'>verbis</span> <span class='ocrx_word' id='word_1_531' title='bbox 1005 4045 1041 4101; x_wconf 94' lang='lat' dir='ltr'>de</span> <span class='ocrx_word' id='word_1_532' title='bbox 1054 4046 1122 4118; x_wconf 89' lang='lat' dir='ltr'>ipsis</span> <span class='ocrx_word' id='word_1_533' title='bbox 1137 4047 1271 4119; x_wconf 90' lang='lat' dir='ltr'>loquitur.</span> 
     </span>
    </p>
   </div>
   <div class='ocr_carea' id='block_1_11' title="bbox 162 4162 1912 5229">
    <p class='ocr_par' dir='ltr' id='par_1_11' title="bbox 162 4162 1912 5132">
     <span class='ocr_line' id='line_1_42' title="bbox 198 4162 1842 4240; baseline -0.001 -14"><span class='ocrx_word' id='word_1_534' title='bbox 198 4171 339 4237; x_wconf 81' lang='lat' dir='ltr'>Alterum,</span> <span class='ocrx_word' id='word_1_535' title='bbox 353 4166 430 4240; x_wconf 88' lang='lat' dir='ltr'>quod</span> <span class='ocrx_word' id='word_1_536' title='bbox 444 4165 563 4222; x_wconf 83' lang='lat' dir='ltr'>maximi</span> <span class='ocrx_word' id='word_1_537' title='bbox 578 4163 717 4221; x_wconf 88' lang='lat' dir='ltr'>momenti</span> <span class='ocrx_word' id='word_1_538' title='bbox 736 4162 911 4232; x_wconf 90' lang='lat' dir='ltr'>habendum,</span> <span class='ocrx_word' id='word_1_539' title='bbox 927 4162 956 4218; x_wconf 92' lang='lat' dir='ltr'>id</span> <span class='ocrx_word' id='word_1_540' title='bbox 972 4167 1025 4231; x_wconf 90' lang='lat' dir='ltr'>est,</span> <span class='ocrx_word' id='word_1_541' title='bbox 1039 4164 1186 4221; x_wconf 89' lang='lat' dir='ltr'>Nicolaum</span> <span class='ocrx_word' id='word_1_542' title='bbox 1202 4164 1322 4221; x_wconf 89' lang='lat' dir='ltr'>minime</span> <span class='ocrx_word' id='word_1_543' title='bbox 1336 4165 1371 4222; x_wconf 91' lang='lat' dir='ltr'>de</span> <span class='ocrx_word' id='word_1_544' title='bbox 1383 4167 1529 4223; x_wconf 88' lang='lat' dir='ltr'>authentia</span> <span class='ocrx_word' id='word_1_545' title='bbox 1545 4168 1731 4224; x_wconf 86' lang='lat' dir='ltr'>Decretaliuru</span> <span class='ocrx_word' id='word_1_546' title='bbox 1745 4185 1842 4240; x_wconf 90' lang='lat' dir='ltr'>agero,</span> 
     </span>
     <span class='ocr_line' id='line_1_43' title="bbox 163 4252 1842 4329; baseline -0.002 -13"><span class='ocrx_word' id='word_1_547' title='bbox 163 4259 213 4316; x_wconf 83' lang='lat' dir='ltr'>sed</span> <span class='ocrx_word' id='word_1_548' title='bbox 228 4260 368 4314; x_wconf 90' lang='lat' dir='ltr'>statutum</span> <span class='ocrx_word' id='word_1_549' title='bbox 379 4253 581 4312; x_wconf 90' lang='lat' dir='ltr'>tantummodo</span> <span class='ocrx_word' id='word_1_550' title='bbox 593 4254 628 4309; x_wconf 92' lang='lat' dir='ltr'>ab</span> <span class='ocrx_word' id='word_1_551' title='bbox 640 4253 793 4310; x_wconf 86' lang='lat' dir='ltr'>ilincmaro</span> <span class='ocrx_word' id='word_1_552' title='bbox 803 4252 976 4326; x_wconf 90' lang='lat' dir='ltr'>principium</span> <span class='ocrx_word' id='word_1_553' title='bbox 991 4253 1173 4326; x_wconf 89' lang='lat' dir='ltr'>impugnare,</span> <span class='ocrx_word' id='word_1_554' title='bbox 1186 4254 1341 4310; x_wconf 87' lang='lat' dir='ltr'>decretales</span> <span class='ocrx_word' id='word_1_555' title='bbox 1353 4255 1426 4325; x_wconf 89' lang='lat' dir='ltr'>illas,</span> <span class='ocrx_word' id='word_1_556' title='bbox 1440 4256 1505 4313; x_wconf 92' lang='lat' dir='ltr'>licet</span> <span class='ocrx_word' id='word_1_557' title='bbox 1516 4257 1649 4329; x_wconf 78' lang='lat' dir='ltr'>genuinae</span> <span class='ocrx_word' id='word_1_558' title='bbox 1664 4259 1767 4325; x_wconf 90' lang='lat' dir='ltr'>forent,</span> <span class='ocrx_word' id='word_1_559' title='bbox 1781 4259 1842 4313; x_wconf 92' lang='lat' dir='ltr'>uul-</span> 
     </span>
     <span class='ocr_line' id='line_1_44' title="bbox 163 4341 1841 4418; baseline -0.001 -14"><span class='ocrx_word' id='word_1_560' title='bbox 163 4349 218 4404; x_wconf 86' lang='lat' dir='ltr'>lius</span> <span class='ocrx_word' id='word_1_561' title='bbox 233 4362 294 4402; x_wconf 89' lang='lat' dir='ltr'>esse</span> <span class='ocrx_word' id='word_1_562' title='bbox 306 4343 481 4400; x_wconf 86' lang='lat' dir='ltr'>auctoritatis</span> <span class='ocrx_word' id='word_1_563' title='bbox 491 4359 525 4399; x_wconf 92' lang='lat' dir='ltr'>eo</span> <span class='ocrx_word' id='word_1_564' title='bbox 539 4344 613 4416; x_wconf 91' lang='lat' dir='ltr'>quod</span> <span class='ocrx_word' id='word_1_565' title='bbox 627 4342 657 4398; x_wconf 93' lang='lat' dir='ltr'>in</span> <span class='ocrx_word' id='word_1_566' title='bbox 672 4341 805 4399; x_wconf 87' lang='lat' dir='ltr'>Codicem</span> <span class='ocrx_word' id='word_1_567' title='bbox 816 4343 974 4412; x_wconf 80' lang='lat' dir='ltr'>Canopum,</span> <span class='ocrx_word' id='word_1_568' title='bbox 986 4342 1185 4399; x_wconf 86' lang='lat' dir='ltr'>collectionem</span> <span class='ocrx_word' id='word_1_569' title='bbox 1199 4360 1302 4416; x_wconf 88' lang='lat' dir='ltr'>nempe</span> <span class='ocrx_word' id='word_1_570' title='bbox 1317 4345 1503 4413; x_wconf 88' lang='lat' dir='ltr'>lladrianom,</span> <span class='ocrx_word' id='word_1_571' title='bbox 1516 4358 1573 4400; x_wconf 90' lang='lat' dir='ltr'>nou</span> <span class='ocrx_word' id='word_1_572' title='bbox 1589 4346 1695 4401; x_wconf 89' lang='lat' dir='ltr'>fuerint</span> <span class='ocrx_word' id='word_1_573' title='bbox 1710 4352 1841 4418; x_wconf 81' lang='lat' dir='ltr'>receptae.</span> 
     </span>
     <span class='ocr_line' id='line_1_45' title="bbox 164 4432 1843 4508; baseline -0.004 -13"><span class='ocrx_word' id='word_1_574' title='bbox 164 4436 360 4505; x_wconf 73' lang='lat' dir='ltr'>Questionem</span> <span class='ocrx_word' id='word_1_575' title='bbox 372 4434 407 4490; x_wconf 93' lang='lat' dir='ltr'>de</span> <span class='ocrx_word' id='word_1_576' title='bbox 422 4434 570 4491; x_wconf 86' lang='lat' dir='ltr'>authentia</span> <span class='ocrx_word' id='word_1_577' title='bbox 584 4432 771 4491; x_wconf 85' lang='lat' dir='ltr'>Decretalium</span> <span class='ocrx_word' id='word_1_578' title='bbox 784 4432 931 4503; x_wconf 85' lang='lat' dir='ltr'>inductam</span> <span class='ocrx_word' id='word_1_579' title='bbox 948 4434 1065 4490; x_wconf 88' lang='lat' dir='ltr'>omnino</span> <span class='ocrx_word' id='word_1_580' title='bbox 1075 4434 1192 4507; x_wconf 88' lang='lat' dir='ltr'>reliquit</span> <span class='ocrx_word' id='word_1_581' title='bbox 1207 4434 1347 4503; x_wconf 89' lang='lat' dir='ltr'>Nicolaus,</span> <span class='ocrx_word' id='word_1_582' title='bbox 1362 4435 1581 4506; x_wconf 88' lang='lat' dir='ltr'>pnrdentissime</span> <span class='ocrx_word' id='word_1_583' title='bbox 1598 4453 1696 4508; x_wconf 90' lang='lat' dir='ltr'>agens,</span> <span class='ocrx_word' id='word_1_584' title='bbox 1713 4439 1745 4490; x_wconf 93' lang='lat' dir='ltr'>ut</span> <span class='ocrx_word' id='word_1_585' title='bbox 1758 4436 1843 4490; x_wconf 91' lang='lat' dir='ltr'>dubia</span> 
     </span>
     <span class='ocr_line' id='line_1_46' title="bbox 162 4522 1839 4601; baseline -0.004 -17"><span class='ocrx_word' id='word_1_586' title='bbox 162 4542 256 4601; x_wconf 88' lang='lat' dir='ltr'>nequo</span> <span class='ocrx_word' id='word_1_587' title='bbox 271 4525 433 4582; x_wconf 91' lang='lat' dir='ltr'>admitteret</span> <span class='ocrx_word' id='word_1_588' title='bbox 444 4523 679 4591; x_wconf 87' lang='lat' dir='ltr'>inconsideratus,</span> <span class='ocrx_word' id='word_1_589' title='bbox 690 4539 784 4595; x_wconf 88' lang='lat' dir='ltr'>neque</span> <span class='ocrx_word' id='word_1_590' title='bbox 794 4539 919 4595; x_wconf 81' lang='lat' dir='ltr'>praeceps</span> <span class='ocrx_word' id='word_1_591' title='bbox 933 4522 1074 4594; x_wconf 87' lang='lat' dir='ltr'>rejiceret.</span> <span class='ocrx_word' id='word_1_592' title='bbox 1086 4525 1182 4596; x_wconf 90' lang='lat' dir='ltr'>Neque</span> <span class='ocrx_word' id='word_1_593' title='bbox 1197 4525 1256 4580; x_wconf 89' lang='lat' dir='ltr'>ulla</span> <span class='ocrx_word' id='word_1_594' title='bbox 1268 4524 1334 4580; x_wconf 89' lang='lat' dir='ltr'>data</span> <span class='ocrx_word' id='word_1_595' title='bbox 1348 4524 1451 4591; x_wconf 88' lang='lat' dir='ltr'>fuerat,</span> <span class='ocrx_word' id='word_1_596' title='bbox 1463 4530 1495 4579; x_wconf 91' lang='lat' dir='ltr'>ut</span> <span class='ocrx_word' id='word_1_597' title='bbox 1504 4540 1538 4580; x_wconf 90' lang='lat' dir='ltr'>ea</span> <span class='ocrx_word' id='word_1_598' title='bbox 1547 4524 1708 4595; x_wconf 89' lang='lat' dir='ltr'>attingeret,</span> <span class='ocrx_word' id='word_1_599' title='bbox 1721 4523 1839 4579; x_wconf 89' lang='lat' dir='ltr'>occasio.</span> 
     </span>
     <span class='ocr_line' id='line_1_47' title="bbox 164 4611 1842 4687; baseline -0.004 -14"><span class='ocrx_word' id='word_1_600' title='bbox 164 4618 237 4674; x_wconf 91' lang='lat' dir='ltr'>Nam</span> <span class='ocrx_word' id='word_1_601' title='bbox 254 4632 347 4687; x_wconf 89' lang='lat' dir='ltr'>neque</span> <span class='ocrx_word' id='word_1_602' title='bbox 363 4614 424 4687; x_wconf 92' lang='lat' dir='ltr'>ipse</span> <span class='ocrx_word' id='word_1_603' title='bbox 439 4614 605 4670; x_wconf 87' lang='lat' dir='ltr'>llincmarus</span> <span class='ocrx_word' id='word_1_604' title='bbox 624 4617 693 4668; x_wconf 87' lang='lat' dir='ltr'>tuuc</span> <span class='ocrx_word' id='word_1_605' title='bbox 714 4611 749 4667; x_wconf 91' lang='lat' dir='ltr'>de</span> <span class='ocrx_word' id='word_1_606' title='bbox 770 4612 919 4668; x_wconf 90' lang='lat' dir='ltr'>authentia</span> <span class='ocrx_word' id='word_1_607' title='bbox 942 4611 1100 4669; x_wconf 90' lang='lat' dir='ltr'>dubitabat.</span> <span class='ocrx_word' id='word_1_608' title='bbox 1115 4613 1186 4668; x_wconf 88' lang='lat' dir='ltr'>Cum</span> <span class='ocrx_word' id='word_1_609' title='bbox 1199 4613 1261 4668; x_wconf 78' lang='lat' dir='ltr'>hmo</span> <span class='ocrx_word' id='word_1_610' title='bbox 1274 4630 1300 4668; x_wconf 89' lang='lat' dir='ltr'>a.</span> <span class='ocrx_word' id='word_1_611' title='bbox 1314 4615 1367 4670; x_wconf 77' lang='lat'>865</span> <span class='ocrx_word' id='word_1_612' title='bbox 1381 4616 1444 4668; x_wconf 86' lang='lat' dir='ltr'>acta</span> <span class='ocrx_word' id='word_1_613' title='bbox 1459 4613 1516 4668; x_wconf 86' lang='lat' dir='ltr'>sint</span> <span class='ocrx_word' id='word_1_614' title='bbox 1533 4612 1608 4668; x_wconf 88' lang='lat' dir='ltr'>circa</span> <span class='ocrx_word' id='word_1_615' title='bbox 1621 4628 1727 4667; x_wconf 89' lang='lat' dir='ltr'>annum</span> <span class='ocrx_word' id='word_1_616' title='bbox 1743 4614 1794 4668; x_wconf 82' lang='lat'>868</span> <span class='ocrx_word' id='word_1_617' title='bbox 1808 4613 1842 4667; x_wconf 92' lang='lat' dir='ltr'>ad</span> 
     </span>
     <span class='ocr_line' id='line_1_48' title="bbox 163 4699 1842 4776; baseline -0.005 -14"><span class='ocrx_word' id='word_1_618' title='bbox 163 4704 298 4763; x_wconf 85' lang='lat' dir='ltr'>Carolum</span> <span class='ocrx_word' id='word_1_619' title='bbox 314 4703 431 4759; x_wconf 86' lang='lat' dir='ltr'>Calvum</span> <span class='ocrx_word' id='word_1_620' title='bbox 454 4702 579 4758; x_wconf 82' lang='lat' dir='ltr'>scribens</span> <span class='ocrx_word' id='word_1_621' title='bbox 595 4702 649 4773; x_wconf 83' lang='grc'><strong>(44)</strong></span> <span class='ocrx_word' id='word_1_622' title='bbox 663 4700 928 4774; x_wconf 89' lang='lat' dir='ltr'>pseudodeoretales</span> <span class='ocrx_word' id='word_1_623' title='bbox 942 4700 1152 4771; x_wconf 66' lang='lat' dir='ltr'>Urbani-Lucii</span> <span class='ocrx_word' id='word_1_624' title='bbox 1176 4705 1261 4776; x_wconf 87' lang='lat' dir='ltr'>atque</span> <span class='ocrx_word' id='word_1_625' title='bbox 1283 4700 1419 4774; x_wconf 86' lang='lat' dir='ltr'>Stephani</span> <span class='ocrx_word' id='word_1_626' title='bbox 1444 4701 1538 4757; x_wconf 92' lang='lat' dir='ltr'>adhuc</span> <span class='ocrx_word' id='word_1_627' title='bbox 1560 4700 1588 4755; x_wconf 91' lang='lat' dir='ltr'>in</span> <span class='ocrx_word' id='word_1_628' title='bbox 1612 4699 1775 4772; x_wconf 76' lang='lat' dir='ltr'>presidium</span> <span class='ocrx_word' id='word_1_629' title='bbox 1794 4718 1842 4754; x_wconf 90' lang='lat' dir='ltr'>vo-</span> 
     </span>
     <span class='ocr_line' id='line_1_49' title="bbox 164 4782 1912 4866; baseline -0.003 -15"><span class='ocrx_word' id='word_1_630' title='bbox 164 4797 219 4852; x_wconf 89' lang='lat' dir='ltr'>cat.</span> <span class='ocrx_word' id='word_1_631' title='bbox 234 4794 350 4850; x_wconf 89' lang='lat' dir='ltr'>Gfrorer</span> <span class='ocrx_word' id='word_1_632' title='bbox 362 4792 481 4866; x_wconf 91' lang='lat' dir='ltr'>quidem</span> <span class='ocrx_word' id='word_1_633' title='bbox 496 4793 596 4847; x_wconf 90' lang='lat' dir='ltr'>censet</span> <span class='ocrx_word' id='word_1_634' title='bbox 610 4790 663 4862; x_wconf 79' lang='grc'><strong>(45)</strong></span> <span class='ocrx_word' id='word_1_635' title='bbox 677 4790 863 4845; x_wconf 87' lang='lat' dir='ltr'>llincrnarum</span> <span class='ocrx_word' id='word_1_636' title='bbox 877 4807 935 4846; x_wconf 93' lang='lat' dir='ltr'>uon</span> <span class='ocrx_word' id='word_1_637' title='bbox 953 4805 1055 4846; x_wconf 87' lang='lat' dir='ltr'>ausum</span> <span class='ocrx_word' id='word_1_638' title='bbox 1069 4790 1155 4846; x_wconf 89' lang='lat' dir='ltr'>fuisse</span> <span class='ocrx_word' id='word_1_639' title='bbox 1170 4791 1359 4848; x_wconf 80' lang='lat' dir='ltr'>Decretalium</span> <span class='ocrx_word' id='word_1_640' title='bbox 1371 4789 1551 4845; x_wconf 89' lang='lat' dir='ltr'>authentiam</span> <span class='ocrx_word' id='word_1_641' title='bbox 1568 4789 1679 4860; x_wconf 88' lang='lat' dir='ltr'>publice</span> <span class='ocrx_word' id='word_1_642' title='bbox 1694 4789 1842 4861; x_wconf 83' lang='lat' dir='ltr'>impetere.</span> <span class='ocrx_word' id='word_1_643' title='bbox 1909 4782 1912 4787; x_wconf 75' lang='grc'><strong>’</strong></span> 
     </span>
     <span class='ocr_line' id='line_1_50' title="bbox 165 4876 1843 4958; baseline -0.004 -18"><span class='ocrx_word' id='word_1_644' title='bbox 165 4888 317 4958; x_wconf 84' lang='lat' dir='ltr'>postquam</span> <span class='ocrx_word' id='word_1_645' title='bbox 328 4900 345 4938; x_wconf 94' lang='lat' dir='ltr'>a</span> <span class='ocrx_word' id='word_1_646' title='bbox 357 4883 473 4939; x_wconf 91' lang='lat' dir='ltr'>Nicolao</span> <span class='ocrx_word' id='word_1_647' title='bbox 489 4883 496 4936; x_wconf 97' lang='grc' dir='ltr'>Ι</span> <span class='ocrx_word' id='word_1_648' title='bbox 510 4880 628 4937; x_wconf 88' lang='lat' dir='ltr'>defensa</span> <span class='ocrx_word' id='word_1_649' title='bbox 641 4880 746 4947; x_wconf 90' lang='lat' dir='ltr'>fuerat,</span> <span class='ocrx_word' id='word_1_650' title='bbox 758 4882 786 4934; x_wconf 91' lang='lat' dir='ltr'>et</span> <span class='ocrx_word' id='word_1_651' title='bbox 796 4879 897 4935; x_wconf 88' lang='lat' dir='ltr'>saltem</span> <span class='ocrx_word' id='word_1_652' title='bbox 911 4884 943 4935; x_wconf 93' lang='lat' dir='ltr'>ut</span> <span class='ocrx_word' id='word_1_653' title='bbox 954 4879 1156 4937; x_wconf 87' lang='lat' dir='ltr'>subsidiarium</span> <span class='ocrx_word' id='word_1_654' title='bbox 1167 4881 1243 4953; x_wconf 85' lang='lat' dir='ltr'>juris</span> <span class='ocrx_word' id='word_1_655' title='bbox 1252 4881 1364 4936; x_wconf 89' lang='lat' dir='ltr'>fontem</span> <span class='ocrx_word' id='word_1_656' title='bbox 1375 4877 1535 4934; x_wconf 88' lang='lat' dir='ltr'>admisisse.</span> <span class='ocrx_word' id='word_1_657' title='bbox 1549 4876 1618 4942; x_wconf 77' lang='lat' dir='ltr'>Quas</span> <span class='ocrx_word' id='word_1_658' title='bbox 1628 4878 1652 4933; x_wconf 90' lang='lat' dir='ltr'>si</span> <span class='ocrx_word' id='word_1_659' title='bbox 1662 4878 1702 4933; x_wconf 90' lang='lat' dir='ltr'>ita</span> <span class='ocrx_word' id='word_1_660' title='bbox 1713 4878 1843 4948; x_wconf 88' lang='lat' dir='ltr'>fuissent,</span> 
     </span>
     <span class='ocr_line' id='line_1_51' title="bbox 164 4966 1844 5041; baseline -0.003 -12"><span class='ocrx_word' id='word_1_661' title='bbox 164 4976 242 5030; x_wconf 86' lang='lat' dir='ltr'>certe</span> <span class='ocrx_word' id='word_1_662' title='bbox 257 4972 398 5038; x_wconf 89' lang='lat' dir='ltr'>tacuisset,</span> <span class='ocrx_word' id='word_1_663' title='bbox 412 4987 469 5027; x_wconf 91' lang='lat' dir='ltr'>non</span> <span class='ocrx_word' id='word_1_664' title='bbox 482 4985 551 5025; x_wconf 87' lang='lat' dir='ltr'>vero</span> <span class='ocrx_word' id='word_1_665' title='bbox 565 4985 633 5024; x_wconf 89' lang='lat' dir='ltr'>usus</span> <span class='ocrx_word' id='word_1_666' title='bbox 646 4968 757 5036; x_wconf 89' lang='lat' dir='ltr'>fuisset,</span> <span class='ocrx_word' id='word_1_667' title='bbox 773 4967 813 5023; x_wconf 92' lang='lat' dir='ltr'>uti</span> <span class='ocrx_word' id='word_1_668' title='bbox 834 4984 932 5025; x_wconf 87' lang='lat' dir='ltr'>revera</span> <span class='ocrx_word' id='word_1_669' title='bbox 944 4985 1013 5025; x_wconf 91' lang='lat' dir='ltr'>usus</span> <span class='ocrx_word' id='word_1_670' title='bbox 1025 4971 1078 5025; x_wconf 90' lang='lat' dir='ltr'>est.</span> <span class='ocrx_word' id='word_1_671' title='bbox 1094 4969 1220 5041; x_wconf 90' lang='lat' dir='ltr'>idipsum</span> <span class='ocrx_word' id='word_1_672' title='bbox 1241 4968 1429 5026; x_wconf 83' lang='lat' dir='ltr'>confirmatur</span> <span class='ocrx_word' id='word_1_673' title='bbox 1444 4983 1478 5022; x_wconf 90' lang='lat' dir='ltr'>oo</span> <span class='ocrx_word' id='word_1_674' title='bbox 1498 4966 1642 5022; x_wconf 87' lang='lat' dir='ltr'>llincmari</span> <span class='ocrx_word' id='word_1_675' title='bbox 1658 4984 1752 5040; x_wconf 91' lang='lat' dir='ltr'>opere,</span> <span class='ocrx_word' id='word_1_676' title='bbox 1768 4969 1844 5041; x_wconf 95' lang='lat' dir='ltr'>quod</span> 
     </span>
     <span class='ocr_line' id='line_1_52' title="bbox 165 5055 1843 5132; baseline -0.005 -11"><span class='ocrx_word' id='word_1_677' title='bbox 165 5065 260 5124; x_wconf 86' lang='lat' dir='ltr'>libello</span> <span class='ocrx_word' id='word_1_678' title='bbox 274 5066 310 5121; x_wconf 91' lang='lat' dir='ltr'>ab</span> <span class='ocrx_word' id='word_1_679' title='bbox 331 5065 482 5121; x_wconf 85' lang='lat' dir='ltr'>liincmaro</span> <span class='ocrx_word' id='word_1_680' title='bbox 496 5059 678 5118; x_wconf 74' lang='lat' dir='ltr'>laudunensi</span> <span class='ocrx_word' id='word_1_681' title='bbox 696 5063 801 5132; x_wconf 91' lang='lat' dir='ltr'>nepote</span> <span class='ocrx_word' id='word_1_682' title='bbox 816 5076 851 5115; x_wconf 85' lang='lat' dir='ltr'>er</span> <span class='ocrx_word' id='word_1_683' title='bbox 866 5058 1142 5116; x_wconf 90' lang='lat' dir='ltr'>Pseudoisidorianis</span> <span class='ocrx_word' id='word_1_684' title='bbox 1162 5058 1293 5115; x_wconf 88' lang='lat' dir='ltr'>confecto</span> <span class='ocrx_word' id='word_1_685' title='bbox 1310 5057 1339 5112; x_wconf 93' lang='lat' dir='ltr'>in</span> <span class='ocrx_word' id='word_1_686' title='bbox 1364 5055 1474 5129; x_wconf 85' lang='lat' dir='ltr'>synodo</span> <span class='ocrx_word' id='word_1_687' title='bbox 1487 5056 1667 5112; x_wconf 68' lang='lat' dir='ltr'>altiniacensi</span> <span class='ocrx_word' id='word_1_688' title='bbox 1684 5073 1710 5112; x_wconf 91' lang='lat' dir='ltr'>a.</span> <span class='ocrx_word' id='word_1_689' title='bbox 1725 5060 1777 5113; x_wconf 78' lang='lat'>870</span> <span class='ocrx_word' id='word_1_690' title='bbox 1792 5075 1843 5130; x_wconf 94' lang='lat' dir='ltr'>op-</span> 
     </span>
    </p>

    <p class='ocr_par' dir='ltr' id='par_1_12' title="bbox 164 5145 1845 5229">
     <span class='ocr_line' id='line_1_53' title="bbox 164 5145 1845 5229; baseline -0.005 -17"><span class='ocrx_word' id='word_1_691' title='bbox 164 5156 269 5229; x_wconf 89' lang='lat' dir='ltr'>posuit.</span> <span class='ocrx_word' id='word_1_692' title='bbox 285 5151 469 5210; x_wconf 72' lang='lat' dir='ltr'>authentiam</span> <span class='ocrx_word' id='word_1_693' title='bbox 483 5150 672 5207; x_wconf 83' lang='lat' dir='ltr'>Decretalium</span> <span class='ocrx_word' id='word_1_694' title='bbox 685 5150 728 5204; x_wconf 89' lang='lat' dir='ltr'>vel</span> <span class='ocrx_word' id='word_1_695' title='bbox 743 5149 938 5222; x_wconf 83' lang='lat' dir='ltr'>Capitulorum</span> <span class='ocrx_word' id='word_1_696' title='bbox 948 5147 1139 5222; x_wconf 74' lang='lat' dir='ltr'>angilramni,</span> <span class='ocrx_word' id='word_1_697' title='bbox 1155 5147 1205 5220; x_wconf 91' lang='lat' dir='ltr'>qui</span> <span class='ocrx_word' id='word_1_698' title='bbox 1221 5145 1413 5205; x_wconf 84' lang='lat' dir='ltr'>Decretalibus</span> <span class='ocrx_word' id='word_1_699' title='bbox 1428 5145 1521 5217; x_wconf 89' lang='lat' dir='ltr'>juncti</span> <span class='ocrx_word' id='word_1_700' title='bbox 1533 5146 1655 5217; x_wconf 89' lang='lat' dir='ltr'>fueraut,</span> <span class='ocrx_word' id='word_1_701' title='bbox 1667 5147 1744 5203; x_wconf 90' lang='lat' dir='ltr'>nullo</span> <span class='ocrx_word' id='word_1_702' title='bbox 1760 5149 1845 5204; x_wconf 93' lang='lat' dir='ltr'>moda</span> 
     </span>
    </p>
   </div>
   <div class='ocr_carea' id='block_1_12' title="bbox 197 5489 1525 5780">
    <p class='ocr_par' dir='ltr' id='par_1_13' title="bbox 197 5489 1525 5780">
     <span class='ocr_line' id='line_1_54' title="bbox 208 5489 1525 5567; baseline -0.008 -14"><span class='ocrx_word' id='word_1_703' title='bbox 208 5498 253 5567; x_wconf 90' lang='grc'>30)</span> <span class='ocrx_word' id='word_1_704' title='bbox 265 5494 352 5552; x_wconf 91' lang='lat' dir='ltr'>lfansi</span> <span class='ocrx_word' id='word_1_705' title='bbox 367 5496 397 5551; x_wconf 88' lang='lat' dir='ltr'>T.</span> <span class='ocrx_word' id='word_1_706' title='bbox 415 5495 468 5550; x_wconf 89' lang='lat' dir='ltr'>llll.</span> <span class='ocrx_word' id='word_1_707' title='bbox 490 5496 550 5550; x_wconf 82' lang='grc'><strong>307.</strong></span> <span class='ocrx_word' id='word_1_708' title='bbox 1070 5493 1112 5560; x_wconf 86' lang='grc'>(43</span> <span class='ocrx_word' id='word_1_709' title='bbox 1137 5507 1182 5562; x_wconf 90' lang='lat' dir='ltr'>ep.</span> <span class='ocrx_word' id='word_1_710' title='bbox 1197 5491 1239 5546; x_wconf 82' lang='grc'>40.</span> <span class='ocrx_word' id='word_1_711' title='bbox 1253 5489 1379 5544; x_wconf 80' lang='lat' dir='ltr'>NunsiT.</span> <span class='ocrx_word' id='word_1_712' title='bbox 1392 5490 1447 5546; x_wconf 83' lang='lat' dir='ltr'>xv,</span> <span class='ocrx_word' id='word_1_713' title='bbox 1464 5491 1525 5544; x_wconf 84' lang='lat' dir='ltr'>osa.</span> 
     </span>
     <span class='ocr_line' id='line_1_55' title="bbox 210 5563 1242 5637; baseline -0.01 -13"><span class='ocrx_word' id='word_1_714' title='bbox 210 5568 253 5637; x_wconf 81' lang='grc'>40)</span> <span class='ocrx_word' id='word_1_715' title='bbox 267 5566 436 5624; x_wconf 84' lang='lat' dir='ltr'>Geschichte</span> <span class='ocrx_word' id='word_1_716' title='bbox 455 5565 505 5622; x_wconf 89' lang='lat' dir='ltr'>des</span> <span class='ocrx_word' id='word_1_717' title='bbox 526 5564 715 5622; x_wconf 89' lang='lat' dir='ltr'>eanonisoheu</span> <span class='ocrx_word' id='word_1_718' title='bbox 737 5564 859 5620; x_wconf 88' lang='lat' dir='ltr'>lteehtes</span> <span class='ocrx_word' id='word_1_719' title='bbox 873 5580 901 5634; x_wconf 92' lang='lat' dir='ltr'>p.</span> <span class='ocrx_word' id='word_1_720' title='bbox 915 5566 977 5618; x_wconf 78' lang='lat'>256.</span> <span class='ocrx_word' id='word_1_721' title='bbox 1067 5563 1112 5629; x_wconf 87' lang='grc'>(44</span> <span class='ocrx_word' id='word_1_722' title='bbox 1138 5577 1184 5633; x_wconf 89' lang='lat' dir='ltr'>op.</span> <span class='ocrx_word' id='word_1_723' title='bbox 1199 5563 1242 5616; x_wconf 80' lang='lat'>29.</span> 
     </span>
     <span class='ocr_line' id='line_1_56' title="bbox 197 5631 1394 5780; baseline -0.008 -84"><span class='ocrx_word' id='word_1_724' title='bbox 197 5639 252 5771; x_wconf 50' lang='grc' dir='ltr'>(ἓ)</span> <span class='ocrx_word' id='word_1_725' title='bbox 264 5637 464 5780; x_wconf 56' lang='grc' dir='ltr'>13)εὲιεὶΤὸἑο</span> <span class='ocrx_word' id='word_1_726' title='bbox 480 5638 542 5700; x_wconf 83' lang='grc'><strong>004,</strong></span> <span class='ocrx_word' id='word_1_727' title='bbox 557 5637 618 5692; x_wconf 76' lang='lat' dir='ltr'>atti.</span> <span class='ocrx_word' id='word_1_728' title='bbox 1064 5631 1108 5703; x_wconf 79' lang='grc'>(45</span> <span class='ocrx_word' id='word_1_729' title='bbox 1136 5634 1154 5687; x_wconf 92' lang='grc' dir='ltr'>Ι.</span> <span class='ocrx_word' id='word_1_730' title='bbox 1171 5649 1195 5688; x_wconf 90' lang='lat' dir='ltr'>c.</span> <span class='ocrx_word' id='word_1_731' title='bbox 1210 5648 1236 5704; x_wconf 89' lang='lat' dir='ltr'>p.</span> <span class='ocrx_word' id='word_1_732' title='bbox 1257 5633 1315 5687; x_wconf 79' lang='lat'>172.</span> <span class='ocrx_word' id='word_1_733' title='bbox 1335 5631 1394 5686; x_wconf 82' lang='grc'><strong>185.</strong></span> 
     </span>
    </p>
   </div>
   <div class='ocr_carea' id='block_1_13' title="bbox 0 0 1947 6148">
    <p class='ocr_par' dir='ltr' id='par_1_14' title="bbox 0 0 1947 6148">
     <span class='ocr_line' id='line_1_57' title="bbox 0 0 1947 6148; baseline 0 0"><span class='ocrx_word' id='word_1_734' title='bbox 0 0 1947 6148; x_wconf 95' lang='lat' dir='ltr'> </span> 
     </span>
    </p>
   </div>
  </div>
 </body>
</html>
