3870 6150
63 231 109 283 tas
656 227 894 289 bacharentur
913 233 1106 290 COLLECTIO.
1691 241 1741 296 rso

56 339 153 390 Aaron
178 334 273 407 magis
294 333 491 407 decorabatur,
513 340 598 411 alque
623 341 816 396 sacerdotibus
831 342 874 397 in·
886 342 1031 428 Acipere,
1046 347 1096 397 aut
1111 357 1159 397 ore
1172 343 1300 415 proferre
1315 344 1401 414 unde,
1415 347 1444 400 et
1455 343 1594 400 Dominus
1606 360 1658 416 per
1671 361 1740 419 pro-

57 429 179 484 duentes
201 429 372 501 dignitatem
395 430 466 486 sicut
490 435 672 504 unguentum
693 451 779 507 super
791 441 878 508 caput
926 435 1643 508 phetamloquitur,dicens:«llixi:Custodiamvias
1652 455 1741 508 meas,

55 522 249 595 principalem
262 523 437 580 intellectum
451 525 584 597 irrigans,
596 533 625 583 et
636 544 726 600 usque
738 529 772 584 ad
786 528 877 601 ipsam
925 533 958 584 ut
971 545 1028 585 nou
1042 529 1208 602 delinquam
1223 531 1252 585 in
1265 531 1365 603 lingua
1379 548 1442 587 mea
1456 532 1540 602 (Psoi.
1551 548 1665 600 xxxviii,
1676 534 1712 604 2).
1725 552 1740 584 s

56 621 217 672 extremam
229 616 377 673 scientiam
391 618 546 675 deducens.
563 622 593 675 ln
604 621 659 677 hoc
672 622 750 677 eniru
764 622 875 678 habita-
926 622 1063 679 Dominus
1089 624 1270 695 omnipotens
1293 628 1322 679 et
1343 624 1403 696 ejus
1426 624 1589 697 unigenitus
1605 625 1699 694 Filius,
1714 630 1744 680 et

55 711 116 765 culo
124 710 360 768 benedictionem
370 715 636 770 etaetemamvitam
645 715 877 788 promisitllomi·
926 717 1052 773 Salvator
1065 721 1164 773 noster
1175 719 1255 773 lesus
1269 717 1395 774 Christus
1408 719 1462 773 hoc
1480 719 1558 773 vobis
1574 719 1683 775 tribuat
1695 720 1740 774 iu·

56 820 117 859 nus.
132 805 224 876 liujus
238 804 327 878 igitur
334 807 731 879 propheticsevaticinationis
740 811 876 866 meritum
926 810 1162 879 citamentum,ut
1171 810 1679 884 omnibuslratribus,quibuscunque
1691 811 1740 867 tri·

55 897 277 970 amplectentes,
285 905 457 972 praesentem
471 902 630 957 fraternam
640 903 778 975 syllabam
790 921 877 976 expo·
924 903 1106 961 bulatiouum
1128 905 1265 962 molestiis
1290 904 1497 973 laborantibus,
1510 904 1618 961 viribus
1638 905 1742 977 quibus

56 992 176 1060 sumus,
189 997 287 1049 nostra
297 997 414 1066 propter
423 995 594 1052 charitatem
608 996 727 1052 minime
742 1015 875 1071 quaeren·
926 999 1053 1069 potestis,
1068 999 1248 1067 succurratis,
1263 1003 1292 1055 et
1315 1014 1427 1067 eorum,
1440 1001 1472 1053 nt
1491 998 1612 1069 dignum
1633 1003 1684 1067 est,
1695 999 1741 1053 in·

57 1091 105 1154 tes,
121 1091 175 1141 aut
187 1087 348 1159 quaesitum.
363 1090 424 1144 Non
438 1088 516 1144 enim
535 1090 752 1146 detrahentibus
764 1092 874 1148 bonum
921 1090 1013 1162 jurias
1024 1097 1129 1148 vestras
1142 1092 1298 1161 aestimetis,
1311 1093 1468 1148 maximum
1481 1090 1687 1147 adminiculum
1702 1091 1743 1147 eis

56 1183 95 1234 est
107 1179 272 1249 detrahere,
283 1186 333 1237 aut
343 1182 407 1254 palo
420 1183 578 1239 secundum
587 1183 737 1256 vulgarem
749 1185 875 1242 fabulam
925 1185 1018 1241 verbis
1033 1186 1155 1242 attactis
1170 1186 1330 1258 praebeatis,
1342 1191 1374 1241 ut
1388 1186 1449 1257 ejus
1470 1184 1601 1256 discipuli
1614 1184 1741 1240 invenia-

57 1277 188 1329 excutere
202 1274 313 1346 palum.
327 1274 419 1345 Absit;
434 1293 494 1332 non
516 1277 593 1332 enim
609 1283 676 1335 sunt
696 1277 749 1334 ista
768 1284 873 1335 nostra.
925 1279 997 1334 mini
1010 1279 1069 1334 veri
1083 1280 1132 1352 qui
1151 1281 1251 1337 fratres
1266 1283 1298 1335 ut
1316 1296 1346 1336 se
1365 1279 1499 1335 omnibus
1524 1277 1644 1351 diligere
1666 1295 1742 1351 prae-

57 1367 116 1421 llaec
130 1366 211 1422 enim
227 1371 338 1423 avertat
348 1367 491 1424 Divinitas.
505 1370 585 1425 lusto
602 1370 710 1442 judicio
728 1370 778 1427 bei
790 1372 876 1427 datur
924 1373 1006 1444 cepit.
1033 1373 1234 1429 Ordinationes
1264 1390 1330 1429 vero
1359 1373 1594 1447 presbyterorum
1620 1376 1649 1427 et
1672 1371 1741 1427 levi·

57 1461 228 1534 plenumque
265 1462 458 1533 peccatoribus
494 1467 632 1535 potestas,
666 1482 723 1537 qua
762 1469 876 1521 sanctos
924 1469 1018 1522 tarum
1030 1470 1161 1540 tempore
1174 1484 1301 1541 congruo
1313 1471 1342 1524 et
1356 1466 1453 1522 multis
1472 1482 1568 1522 coram
1585 1465 1743 1521 astantibus

57 1555 142 1626 ipsius
154 1560 378 1627 persequantur,
392 1559 423 1612 ut
435 1557 486 1630 qui
502 1556 603 1629 spiritu
625 1558 678 1614 llei
695 1559 832 1630 juvantur
846 1565 876 1616 et
923 1560 1091 1616 solemniter
1113 1561 1200 1633 agite,
1214 1565 1243 1616 et
1262 1560 1424 1635 probabiles
1443 1577 1476 1615 ac
1499 1560 1598 1617 doctos
1610 1559 1686 1615 viros
1707 1559 1742 1614 ad

57 1653 190 1719 agimtur,
205 1649 277 1704 liant
289 1666 342 1722 per
355 1650 485 1706 laborum
499 1650 634 1708 exercitia
646 1652 791 1724 clariores,
807 1653 874 1726 ipsis
923 1653 977 1709 hoc
991 1671 1063 1727 opus
1074 1655 1234 1728 provehite,
1250 1661 1280 1711 ut
1295 1656 1329 1711 de
1344 1671 1446 1710 eorum
1466 1656 1597 1710 societate
1617 1656 1645 1709 ct
1660 1653 1741 1725 adju·

57 1747 149 1798 amen
166 1742 217 1815 qui
235 1759 285 1799 eos
309 1747 521 1817 persequuntur
542 1749 571 1800 et
592 1746 767 1818 exprobrant
789 1728 1021 1821 atqucBmento
1044 1748 1201 1821 plurimum
1228 1748 1385 1821 gaudeatis.
1415 1747 1514 1803 Ponite
1545 1747 1742 1802 indesinenter

59 1835 221 1904 detrahunt,
237 1837 291 1892 erit
306 1835 495 1909 proculdubio
508 1854 561 1894 vce.
571 1839 628 1907 Vae,
641 1855 683 1895 voe
696 1839 814 1913 illisqui
828 1840 874 1897 de-
923 1841 1107 1898 cordavestra
1113 1842 1252 1898 invirtute
1258 1842 1307 1898 llei
1316 1845 1481 1898 eteuarrate
1489 1842 1550 1897 haec
1559 1846 1588 1898 et
1594 1839 1742 1897 caeteradi·

58 1929 174 1984 trahunt
195 1929 282 1985 servis
301 1930 361 1998 llei,
376 1931 445 2002 quia
466 1931 604 1988 detractio
626 1949 726 1989 eorum
750 1933 787 1988 ad
808 1951 873 1990 eum
923 1933 1740 2009 vinavcrhaiuprogeniesalteras,quoniamhicestllens

57 2023 191 2094 pertinet,
205 2025 285 2096 cujus
301 2023 492 2080 ministerium
514 2029 613 2098 agunt,
628 2029 657 2082 et
671 2026 731 2083 vice
745 2027 873 2100 fungtm-
924 2031 1019 2084 noster
1031 2030 1060 2085 in
1074 2033 1224 2098 aeternum,
1239 2032 1267 2085 et
1281 2029 1339 2102 ipse
1350 2033 1432 2101 reget
1444 2044 1495 2083 nos
1505 2028 1532 2082 in
1544 2027 1656 2082 seacula.
1668 2027 1741 2081 Data

57 2119 116 2170 tur.
130 2116 248 2172 Oramus
264 2121 371 2186 summ,
387 2119 493 2175 ostium
514 2117 734 2176 circumstantiae
747 2120 808 2194 (qui
820 2138 873 2177 ue·
924 2137 962 2177 vu
977 2122 1042 2178 ldus
1062 2121 1238 2189 Novembris,
1256 2122 1412 2180 Saturnino
1426 2125 1454 2178 et
1467 2120 1613 2178 Gallicano
1635 2135 1739 2176 consu·

58 2209 169 2265 minem
181 2211 276 2283 perire
287 2216 337 2268 aut
351 2212 434 2268 labiis
448 2213 505 2269 suis
517 2213 608 2285 pollui
619 2215 760 2286 volumus)
774 2231 874 2272 corum
923 2215 1008 2271 libus.

58 2304 183 2360 moribus
199 2304 319 2378 imponi,
335 2309 365 2363 et
376 2306 496 2363 verbum
513 2307 634 2365 minimo
653 2308 786 2365 nocivum
805 2326 873 2366 con-

345 2621 630 2716 lNClPlUNT
681 2622 943 2716 nucitum
991 2620 1217 2715 CALIXTI
1265 2618 1447 2712 PAPAE.

431 2809 479 2873 Dc
501 2808 634 2891 jejunio
657 2814 801 2892 quatuor
824 2816 1021 2892 temporum,
1042 2816 1074 2872 et
1095 2806 1230 2889 reliquis
1250 2805 1367 2870 causis.

517 2954 608 3020 (Anno
622 2952 737 3009 Domini
751 2956 813 3022 217,
829 2956 959 3026 tempore
975 2953 1073 3010 Severi
1086 2952 1287 3026 imperatoris.)

90 3247 225 3303 Csarxrns
240 3245 471 3320 archiepiscopus
489 3248 619 3306 Ecclesia
635 3250 782 3308 catholicae
795 3252 872 3307 urbis
882 3263 910 3340 C
921 3254 950 3308 et
960 3250 1106 3324 jejunium
1120 3249 1245 3323 septimi,
1258 3253 1287 3306 et
1297 3247 1444 3322 jejunium
1453 3246 1558 3303 decimi
1572 3245 1627 3303 erit
1639 3245 1740 3302 domui

59 3339 478 3412 consummaturum
503 3343 681 3418 coepiscopo,
698 3345 821 3401 salutem
841 3346 872 3401 in
921 3345 1000 3401 Judae
1023 3345 1054 3401 in
1079 3344 1219 3418 gaudium
1242 3347 1270 3400 et
1292 3342 1432 3413 laetitiam,
1449 3345 1477 3397 et
1497 3341 1526 3397 in
1547 3340 1741 3397 solemnitates

60 3432 187 3490 homino.
921 3437 1072 3509 praeclaras
1078 3455 1088 3509 ;
1097 3437 1249 3494 veritatem
1262 3440 1375 3493 tantum
1387 3437 1526 3509 etpacem
1536 3433 1656 3505 diligite,
1668 3432 1742 3489 dixit

87 3527 288 3584 l'raternitatis
309 3545 408 3586 amore
428 3529 661 3603 constringimur,
675 3535 705 3587 et
718 3532 873 3604 apostolico
921 3532 1056 3587 Dominus
1071 3531 1258 3587 exercituum.
1268 3552 1282 3580 o
1294 3533 1326 3586 ln
1336 3530 1391 3586 hoc
1405 3544 1475 3602 ergo
1487 3543 1588 3584 omnes
1601 3542 1654 3583 uos
1667 3541 1740 3583 una·

55 3621 251 3679 moderamine
277 3623 419 3695 cogimur,
432 3627 464 3679 ut
484 3625 618 3681 consultis
640 3625 763 3681 fratrum
787 3629 873 3698 prout
922 3625 1015 3680 nimes
1037 3627 1150 3697 oportet
1170 3640 1241 3692 esse,
1255 3627 1288 3679 ut
1301 3622 1459 3679 secundum
1480 3619 1662 3695 apostolicam
1687 3620 1740 3676 do·

56 3713 193 3772 hominus
207 3715 330 3786 dederit,
344 3717 575 3790 respondeamus,
589 3734 695 3790 eosque
709 3720 871 3791 apostolica
921 3718 1044 3774 ctrinam
1054 3718 1178 3790 idipsum
1192 3717 1320 3773 dicamus
1333 3731 1445 3784 omnes,
1461 3719 1559 3771 etnon
1572 3713 1671 3770 sintin
1686 3730 1739 3770 no-

56 3810 122 3865 sedis
135 3808 310 3866 auctoritate
324 3809 508 3868 instruamus.
521 3812 664 3884 lejuuium
685 3812 764 3884 quod
784 3815 827 3868 ter
841 3813 872 3870 in
921 3811 964 3867 bis
977 3812 1142 3868 schismata.
1151 3810 1244 3867 Simus
1254 3813 1350 3866 autem
1360 3808 1479 3881 perfecti
1490 3807 1520 3862 in
1530 3806 1631 3862 eodem
1643 3821 1738 3876 sensu,

57 3919 122 3960 anno
147 3903 231 3976 apud
253 3920 307 3958 nos
329 3903 473 3961 celebrare
495 3903 642 3974 didicistis,
658 3906 872 3964 convenientius
922 3905 993 3962 etin
1007 3905 1108 3962 eadem
1122 3903 1249 3974 scientia,
1264 3901 1293 3958 in
1306 3902 1386 3974 cujus
1398 3899 1492 3972 operis
1509 3899 1658 3956 devotione
1671 3914 1739 3972 gra·

58 4012 125 4054 cmc
134 4013 192 4070 per
200 3999 326 4070 quatuor
338 4001 468 4071 tempora
481 3998 543 4054 lieri
555 3998 744 4071 decemimus,
753 4003 788 4055 ut
799 3999 872 4055 sicut
921 4000 1048 4056 tuismur
1060 3999 1240 4056 dilectionem
1254 4003 1334 4053 tuam
1348 4011 1409 4052 esse
1424 3996 1596 4050 consortem.
1611 3993 1672 4048 lton
1686 3991 1736 4048 de-

58 4106 142 4148 mnus
154 4106 211 4164 per
225 4094 350 4163 quatuor
362 4091 483 4148 volvitur
497 4095 637 4164 tempora,
649 4092 687 4148 sic
698 4096 727 4149 et
735 4110 788 4150 nos
798 4110 871 4166 qua·
921 4096 967 4150 cet
979 4093 1057 4150 enim
1070 4091 1188 4164 acapite
1200 4089 1332 4147 membra
1343 4087 1491 4157 dissidere,
1500 4086 1551 4143 sed
1559 4085 1642 4159 juxta
1650 4101 1738 4142 sacres

59 4187 168 4241 ternum
176 4184 308 4241 solemne
318 4200 439 4257 mamus
446 4184 603 4257 ieiunium,
612 4202 663 4259 per
672 4187 740 4242 anni
749 4191 872 4260 quatuor
921 4187 1076 4258 Scripturae
1094 4184 1292 4242 testimonium
1316 4182 1413 4240 omnia
1438 4181 1568 4238 membra
1590 4184 1675 4253 ceput
1692 4196 1737 4236 se-

61 4280 195 4352 tempora,
212 4279 244 4334 et
255 4277 328 4334 sicut
348 4279 495 4351 replemur
506 4280 663 4348 frumento,
679 4280 746 4336 vino
766 4283 795 4337 et
807 4282 871 4337 oleo
922 4283 1057 4354 quantur.
1071 4278 1147 4335 Nulli
1160 4294 1226 4334 vero
1236 4277 1355 4335 dubium
1368 4280 1421 4347 est,
1433 4273 1511 4349 quod
1521 4273 1674 4346 apostolica
1685 4273 1737 4330 Ec·

62 4371 89 4427 ad
101 4371 208 4428 denda
221 4387 352 4445 corpora,
362 4371 402 4428 sic
411 4373 573 4446 repleamur
582 4373 694 4446 jejunio
706 4373 743 4428 ad
753 4374 872 4430 alendas
921 4373 1007 4431 clesia
1020 4375 1114 4430 mater
1126 4371 1162 4428 sit
1177 4371 1308 4428 omnium
1320 4368 1534 4428 Ecclesiarnma
1546 4367 1626 4439 ctijus
1634 4383 1682 4423 vos
1691 4383 1738 4423 re·

62 4465 271 4538 mimas,juxta
288 4467 438 4540 prophetas
458 4466 601 4523 Zacharia
614 4483 723 4538 vocem,
738 4467 788 4541 qui
808 4468 869 4524 ait:
922 4468 995 4541 gulis
1017 4467 1183 4523 nullatenus
1207 4463 1339 4522 convenit
1361 4462 1481 4520 deviare.
1502 4462 1537 4516 Et
1555 4461 1627 4516 sicut
1652 4459 1738 4515 Filius

64 4559 202 4616 «tactum
218 4565 263 4616 est
276 4559 395 4616 verbum
414 4559 527 4616 Domini
546 4560 583 4615 ad
603 4576 649 4616 me
672 4559 769 4616 diceus
784 4578 791 4616 z
807 4562 872 4617 nec
921 4562 999 4618 venit
1008 4560 1102 4617 facere
1112 4561 1286 4616 voluntatem
1300 4557 1401 4627 Patris,
1411 4555 1450 4611 sic
1462 4558 1491 4611 et
1503 4570 1552 4610 vos
1560 4554 1738 4609 voluntatem

63 4650 120 4708 dicit
127 4653 460 4710 Dominusexercitunm.
468 4652 546 4710 Sicut
553 4635 911 4727 cogitaviutaltligeremD
922 4660 1022 4712 vestrae
1029 4653 1171 4727 impleatis
1178 4652 1355 4723 matrisque
1364 4653 1407 4705 est
1414 4647 1548 4718 Ecclesia,
1555 4647 1737 4720 cujuscaput,

63 4760 102 4801 ros
114 4763 182 4803 cnm
194 4746 234 4802 ad
248 4747 426 4804 iracundiam
445 4752 644 4819 provocassent
656 4765 702 4804 mc
715 4753 809 4822 patres
823 4766 872 4805 vc·
921 4753 955 4807 ut
967 4749 1137 4822 predictum
1146 4750 1198 4815 est,
1208 4747 1334 4802 liomana
1343 4743 1438 4800 existit
1447 4740 1581 4798 Ecclesia.
1593 4740 1738 4815 Quidquid

62 4841 114 4908 stri,
134 4845 165 4896 et
185 4857 247 4897 non
268 4857 332 4896 sum
353 4841 498 4913 misertus,
514 4841 553 4896 sic
575 4858 728 4898 conversus
749 4843 872 4915 cogitavi
922 4835 1738 4917 ergosinediscretionejustitiaecontrahujusdisciplinam

59 4931 192 4992 indiebus
198 4934 261 4990 istis
267 4938 301 4990 ut
307 4934 644 4992 benefaciamlerusalem
650 4941 678 4992 et
685 4937 870 4995 domuiluda.
922 4942 1018 4994 actum
1031 4936 1128 5006 fuerit,
1142 4937 1235 4991 ratum
1248 4932 1350 4989 haberi
1364 4931 1437 4987 ratio
1452 4930 1531 4986 nulla
1548 4929 1700 5003 permittit.

58 5026 143 5085 ltolitc
155 5028 270 5099 timere,
283 5027 344 5084 haec
365 5032 431 5084 sunt
443 5029 531 5085 verba
546 5046 610 5102 quse
634 5030 753 5086 facietis.
768 5032 870 5105 Loqui-
955 5029 1170 5087 criminationes
1184 5044 1250 5084 vero
1262 5029 1362 5083 contra
1376 5023 1521 5081 doctorem
1542 5039 1628 5080 nemo
1647 5024 1735 5079 susci·

59 5121 121 5179 uiui
133 5122 288 5178 veritatem
300 5123 495 5196 nutuquisque
509 5139 575 5179 cum
588 5123 717 5197 proximo
728 5140 791 5195 suo,
802 5126 872 5182 veri·
920 5127 989 5201 piat,
1004 5125 1071 5198 quia
1085 5140 1143 5179 non
1165 5123 1279 5195 oportet
1301 5119 1374 5174 lilios
1394 5116 1607 5192 reprehendere
1628 5121 1735 5190 patres,

56 5219 177 5273 mmet
186 5214 332 5288 judicium
345 5215 422 5289 pacis
431 5216 559 5288 judicate
575 5217 605 5273 in
617 5218 706 5291 portis
720 5220 832 5291 vestris,
844 5225 872 5277 et
921 5237 974 5279 nec
986 5234 1081 5276 servos
1094 5215 1226 5272 dominos
1242 5215 1378 5270 lacerare.
1394 5211 1455 5267 Filii
1473 5227 1541 5283 ergo
1558 5214 1625 5267 sunt
1641 5211 1737 5267 docto·

57 5310 249 5384 musquisque
264 5310 373 5365 malum
385 5314 485 5367 contra
493 5310 618 5367 amicum
628 5328 712 5368 suum
722 5328 758 5368 ne
767 5313 872 5387 cogite·
920 5331 986 5372 rum
1001 5328 1099 5372 omnes
1111 5326 1183 5385 quos
1196 5308 1350 5366 instruunt.
1367 5308 1401 5362 Et
1413 5306 1486 5362 sicut
1504 5304 1556 5361 filii
1569 5309 1661 5377 patres
1674 5320 1735 5359 car-

56 5403 86 5460 tis
101 5406 131 5460 in
147 5400 284 5460 cordibus
296 5403 406 5472 vestris,
422 5409 450 5461 et
468 5403 667 5477 juramentum
690 5407 811 5463 mendax
833 5425 871 5465 ne
920 5409 1009 5478 nates,
1023 5406 1063 5463 sic
1081 5410 1108 5462 et
1127 5404 1158 5459 hi
1176 5409 1271 5477 patres
1296 5401 1403 5458 debent
1424 5399 1543 5472 diligere
1566 5396 1734 5470 spirituales.

56 5496 187 5572 diligatis.
198 5496 306 5552 Omnia
319 5497 398 5555 enim
411 5498 474 5555 hac
483 5502 551 5554 sunt
562 5515 626 5572 quos
640 5500 727 5572 odivi,
738 5500 808 5557 dixit
817 5503 871 5559 llo-
920 5503 981 5559 Non
994 5501 1073 5558 enim
1092 5499 1166 5555 bene
1178 5496 1257 5566 vivit,
1269 5495 1319 5570 qui
1334 5511 1391 5551 non
1408 5496 1485 5550 recte
1501 5489 1599 5559 credit,
1615 5492 1666 5545 aut
1681 5505 1734 5561 pa·

54 5593 147 5649 ninus
170 5591 361 5649 exercituum.
376 5593 411 5648 at
431 5593 537 5649 factum
558 5597 600 5650 est
619 5594 738 5651 verbum
758 5595 872 5652 bomini
920 5601 977 5655 tres
989 5593 1184 5669 reprehendit,
1199 5590 1242 5649 vel
1262 5588 1387 5648 detrahit
1406 5603 1491 5656 suos3
1516 5583 1644 5640 doctores
1663 5598 1734 5657 ergo

54 5688 231 5745 exercituum
256 5684 293 5741 ed
320 5703 367 5742 me
392 5687 489 5743 dicens
513 5704 520 5743 :
546 5688 610 5744 llaec
637 5688 705 5745 dicit
730 5690 870 5748 Dominus
921 5691 1011 5765 quiet
1024 5695 1118 5764 patres
1132 5689 1269 5744 vocantur
1283 5683 1375 5756 magis
1389 5676 1522 5755 portandi
1532 5691 1620 5749 quam
1635 5692 1734 5751 repre·

55 5782 232 5842 exercituum
252 5797 259 5838 :
275 5780 420 5854 Jejunium
440 5781 545 5855 quarti,
560 5786 588 5840 et
604 5782 749 5856 jeJ'unium
765 5785 868 5860 quinti,
919 5785 1065 5844 hendendi
1077 5785 1153 5854 sunt,
1168 5781 1223 5838 nisi
1239 5779 1271 5836 in
1285 5781 1362 5836 recta
1381 5774 1439 5831 tide
1457 5767 1624 5829 erraverint.
1638 5771 1736 5834 Nullus

255 5877 393 5950 Parnon.
416 5879 532 5948 CXXX.
1518 5877 1536 5944 5
