3870 6150
129 214 181 272 847
574 218 715 274 hPPEND.
737 218 781 274 AD
801 217 881 274 SAEC.
899 219 942 274 tlt.
959 248 993 258 —
1010 217 1132 274 lStDORl
1152 216 1364 274 MERCATORIS
1759 217 1808 274 sia

166 306 329 362 Secundum
351 306 472 361 formam
491 305 564 362 servi
584 327 598 356 «
618 306 705 362 tristis
716 310 759 363 est
771 308 867 362 anima
880 325 944 365 mea
954 320 981 394 Α
993 306 1094 362 hilium
1112 309 1227 362 Petrum
1240 306 1492 381 predicationibus
1510 323 1564 363 nos
1580 307 1748 364 concordari
1766 324 1809 364 eo·

130 415 221 470 usquc
242 398 278 454 ad
299 402 423 455 mortem
444 398 551 469 (uarii.
575 401 770 471 xxxv1,28),»
792 406 819 457 et
836 424 849 450 κ
863 402 942 457 idem
996 405 1121 472 gnoscat,
1144 400 1303 472 aliquantas
1323 417 1422 456 eorum
1448 401 1605 457 sententias
1626 400 1694 456 huic
1709 402 1810 456 credidi

131 494 190 564 ipse
210 498 261 559 est,
285 493 358 548 sicut
372 493 411 548 ait
425 494 588 566 Apostolus,
604 498 632 550 et
646 494 724 550 dives
740 499 768 551 rt
785 513 895 569 pauper
910 497 945 568 (ll
995 494 1176 567 subjicendas
1189 511 1249 550 esse
1265 494 1401 550 sermoni.
1417 495 1524 560 Quibus
1534 495 1559 550 si
1573 495 1705 567 digneris
1719 499 1810 550 atten-

131 589 191 644 ror.
208 602 265 655 run,
281 585 317 659 9).
332 608 346 636 ιι
368 586 460 657 Dives,
477 588 544 659 quia
560 589 733 660 evangelista
748 589 870 657 dicente,
886 612 899 640 o
914 593 945 646 ln
995 589 1062 644 dere
1086 589 1242 657 recensitis,
1267 607 1327 645 non
1347 589 1424 645 aliud
1442 606 1494 646 nos
1515 589 1675 663 predicare
1692 591 1811 661 reperies

129 679 270 752 principio
284 685 346 735 erat
359 682 482 737 Verbum
495 686 524 737 et
536 683 661 738 Verbum
678 687 739 738 erat
753 685 831 756 apud
844 685 943 751 Deum,
995 700 1082 754 quam
1098 683 1175 755 quod
1189 683 1278 738 sancti
1294 685 1391 738 Patres
1407 682 1498 740 nostri
1513 686 1574 739 toto
1594 683 1667 738 orbe
1680 682 1809 752 docuere,

130 778 160 829 et
178 777 249 830 Deus
273 779 335 831 erat
351 776 483 831 Verbum.
500 777 558 831 lloc
578 780 639 831 erat
658 778 688 831 in
708 777 848 850 principio
868 779 945 850 apud
996 794 1048 831 nec
1062 793 1235 849 quemquam
1257 777 1292 832 ab
1310 776 1366 832 illis
1382 777 1432 833 nisi
1454 777 1529 833 solos
1544 777 1654 850 impios
1665 776 1811 832 hereticos

129 870 230 938 Deum,
242 869 339 924 omnia
347 870 499 941 peripsum
507 870 661 938 factasunt,
670 871 944 943 etsineipsofaetum
996 863 1167 942 discrepare.
1186 872 1233 925 llis
1251 871 1349 944 igitur,
1371 871 1575 943 gloriosissime
1598 875 1628 926 et
1643 870 1811 926 venerabilis

131 961 253 1017 estnihil
265 962 351 1033 ticon.
367 980 385 1033 r,
404 966 471 1032 t·3).
488 985 501 1010 o
705 950 707 957 ¹
995 965 1161 1035 imperator,
1177 969 1284 1037 quanta
1298 966 1379 1037 potui
1394 965 1530 1021 brevitate
1552 964 1728 1038 perstrictis,
1750 981 1808 1020 cum

166 1058 276 1128 Pauper
288 1074 365 1127 vero,
379 1057 572 1129 quiapropter
589 1075 641 1113 nos
655 1059 803 1114 «Verbum
816 1075 881 1114 earo
893 1061 946 1114 fae·
994 1057 1132 1129 inspirata
1144 1057 1197 1112 tibi
1209 1057 1344 1114 divinitus
1358 1057 1414 1113 ilde
1430 1058 1516 1114 etiam
1525 1061 1660 1114 nostram
1676 1057 1809 1130 praedioe·

129 1156 192 1205 tum
210 1154 262 1216 est,
286 1153 315 1206 et
334 1150 472 1207 habitarit
486 1152 612 1207 innubis
628 1152 716 1223 (toan.
739 1171 756 1224 ι,
774 1154 827 1225 ll).
844 1175 857 1202 ιι
877 1153 946 1218 Quae
996 1151 1102 1206 tionem
1119 1151 1232 1206 unitam
1247 1168 1306 1207 esse
1322 1169 1472 1224 cognosce,
1486 1167 1539 1207 nec
1554 1153 1584 1206 iu
1600 1152 1700 1223 atiquo
1717 1168 1768 1206 nos
1779 1152 1809 1206 ab

131 1248 227 1300 eutem
246 1249 288 1299 est
302 1245 363 1316 ejus
378 1244 546 1313 exinanitio,
572 1262 671 1317 qurcvc
690 1248 868 1319 paupertas?
892 1247 946 1301 nisi
996 1246 1160 1316 evangeliea
1180 1246 1389 1317 apostolicaque
1413 1246 1550 1315 doctrina,
1577 1247 1622 1301 rel
1641 1263 1659 1300 a
1672 1246 1811 1302 catholice

130 1338 230 1394 forme
240 1338 347 1394 servilis
359 1339 484 1410 acceptio
500 1340 513 1394 l
527 1356 688 1411 perquam,
702 1341 785 1396 Verbi
798 1342 946 1413 majestate
995 1339 1179 1410 professionis
1187 1339 1492 1417 symbolodiscrepare,
1500 1340 1649 1412 quoniam,
1657 1339 1812 1395 sicutdocet

130 1432 944 1507 relata,dispensatiohumanaeredemptionisimpletaest.
995 1432 1360 1503 beatusapostolusPaulus,
1374 1451 1538 1505 «magnum
1550 1433 1813 1506 estpietatissaera·

131 1527 202 1581 Nam
215 1525 282 1598 quia
293 1526 461 1597 captivitatis
470 1531 573 1582 nostrae
584 1527 684 1582 resolvi
693 1528 843 1599 originalia
852 1530 946 1585 rincu·
995 1530 1125 1582 mentum
1152 1527 1230 1598 quod
1250 1527 1461 1583 manifestatum
1476 1527 1557 1583 estin
1571 1544 1672 1594 carne,
1684 1527 1812 1598 justifica·

131 1621 157 1673 to
179 1636 237 1675 nen
252 1623 395 1693 poterant,
411 1620 465 1674 nisi
480 1619 612 1676 existeret
625 1621 711 1677 homo
727 1622 816 1678 nostri
833 1623 946 1694 generis
995 1624 1058 1676 tum
1080 1624 1121 1675 est
1143 1621 1254 1692 spiritu,
1280 1621 1415 1692 apparuit
1432 1621 1551 1693 angelis,
1568 1621 1763 1693 praedicatum
1776 1625 1813 1676 ert

130 1715 291 1785 nostreque
305 1717 423 1783 nature,
438 1729 525 1785 quem
537 1714 646 1785 peccati
660 1715 826 1788 prejudieia
839 1732 897 1772 non
908 1701 985 1773 teB
997 1713 1138 1785 gentibus,
1151 1713 1291 1769 creditum
1303 1714 1384 1768 estin
1398 1715 1515 1784 mundo,
1532 1717 1720 1787 assumptum
1735 1714 1811 1769 estin

131 1807 513 1878 nerent,etquiimmaeulato
520 1809 658 1879 sangnine
666 1826 717 1865 suo
724 1809 947 1882 chirographum
998 1806 1087 1878 gloria
1100 1810 1124 1875 (l
1136 1810 1203 1862 Tim.
1217 1825 1258 1874 ur,
1271 1808 1323 1878 iti).
1338 1830 1352 1858 o
1368 1808 1441 1873 Quid
1451 1808 1538 1880 igitur
1548 1813 1607 1864 tuae
1618 1809 1722 1864 utilius
1729 1814 1812 1864 estra-

131 1900 235 1955 lethale
247 1900 378 1971 dilueret,
392 1902 465 1956 sicut
476 1902 511 1956 ab
525 1900 608 1957 initio
621 1907 680 1958 erat
691 1903 825 1959 dirinitns
838 1919 945 1975 precor·
996 1901 1058 1969 luti,
1074 1901 1143 1972 quid
1157 1906 1213 1956 ture
1227 1901 1434 1973 congruentius
1448 1903 1589 1973 potestati,
1607 1919 1700 1974 quarn
1713 1908 1747 1958 ut
1759 1903 1810 1974 pari

131 1995 273 2061 dinatum,
297 1995 339 2049 ita
359 1999 402 2050 est
421 1995 449 2049 in
469 1995 646 2066 plenitudine
662 1996 795 2069 praeliniti
810 1998 947 2070 temporis
997 1995 1179 2050 eeclesiarum
1194 1996 1306 2051 Domini
1325 2000 1373 2050 tua
1385 1996 1588 2052 constitutione
1605 1996 1810 2068 prospicias,rt

131 2091 249 2158 sactum,
264 2094 295 2144 ut
308 2088 404 2144 multis
417 2089 512 2145 modis
524 2090 683 2162 significata
696 2092 847 2163 promissio
858 2093 886 2147 in
897 2092 946 2148 diu
997 2089 1026 2142 iu
1041 2088 1173 2144 omnihus
1187 2089 1238 2144 tibi
1252 2089 1373 2144 subditis
1387 2089 1460 2144 dona
1479 2091 1528 2144 [isi
1552 2090 1705 2159 defendas,
1728 2107 1810 2162 neque

131 2185 324 2254 exspectatum
340 2184 433 2239 veniat
446 2183 588 2254 eflectum,
606 2201 656 2240 nec
672 2188 768 2256 posset
781 2202 841 2241 esse
854 2187 944 2241 ambi·
996 2181 1050 2236 ulla
1069 2181 1175 2237 ratione
1195 2183 1311 2253 {tutioris
1325 2199 1379 2254 per
1393 2182 1529 2238 invidiam
1543 2183 1654 2239 diaboli
1673 2184 1810 2239 ministros

132 2293 220 2346 guum
236 2277 312 2347 quod
323 2278 465 2333 continuis
476 2277 722 2335 testificationibus
731 2296 844 2352 semper
853 2280 947 2336 fuerat
997 2274 1083 2346 ipsius
1097 2276 1127 2330 in
1143 2276 1281 2348 cujusque
1294 2276 1393 2331 soevire
1417 2276 1586 2348 perssi⁰i0ffl2
1603 2283 1637 2333 Ui
1656 2278 1709 2349 <11¹i
1724 2278 1808 2333 1111101

130 2369 304 2426 nuntiatum.
331 2372 360 2426 ln
378 2388 485 2445 magno
507 2376 605 2427 autem
624 2373 771 2445 sacrilegio
794 2391 823 2428 se
839 2375 946 2430 versari
997 2372 1093 2423 sanctu
1105 2370 1672 2442 temporalieminesregnoinaeternum
1685 2371 1808 2427 mereant

132 2463 333 2519 hereticorum
355 2466 518 2522 manifestet
540 2466 681 2538 impietas,
701 2484 766 2523 cum
781 2467 834 2522 sub
855 2468 947 2539 speeie
996 2479 1117 2534 regnare
1127 2479 1193 2517 cnm
1207 2463 1329 2520 Christe.

131 2557 243 2612 deitatis
256 2558 433 2614 honorandae
447 2560 581 2616 humanae
594 2560 686 2615 carnis
700 2561 729 2615 in
740 2560 850 2616 Christo
863 2561 946 2617 dene·
1032 2557 1126 2612 Sancti
1146 2556 1243 2613 llilarii
1264 2557 1443 2631 Pictavieosis
1464 2559 1592 2630 episcopi
1607 2564 1636 2614 et
1651 2560 1806 2615 confessoris

131 2654 202 2717 gant
213 2651 373 2720 veritatem,
395 2657 423 2708 et
436 2653 569 2725 religiose
583 2654 726 2710 aestimant
742 2654 816 2710 credi
831 2655 853 2710 si
869 2655 944 2711 dica·
997 2651 1026 2705 in
1042 2650 1115 2705 libro
1127 2650 1251 2706 secundo
1272 2651 1348 2706 inter
1366 2655 1478 2707 crotera.
1495 2653 1591 2707 Unum
1607 2652 1701 2724 igitur
1713 2653 1763 2708 hor
1773 2658 1805 2708 ert

133 2749 177 2799 tur
191 2744 222 2800 in
235 2745 377 2801 Salvatore
392 2752 500 2818 nostro,
511 2763 611 2803 verum
626 2764 683 2803 non
698 2749 845 2820 essequod
861 2749 948 2804 salvat
997 2744 1141 2799 immobile
1162 2744 1395 2816 tundamentum,
1415 2762 1472 2801 una
1491 2746 1553 2801 brec
1569 2747 1636 2802 felix
1652 2747 1723 2804 fidei
1738 2750 1804 2820 petra

132 2855 198 2893 oum
222 2838 269 2908 ita,
293 2840 451 2895 seeundum
479 2840 699 2912 promissionem
723 2842 819 2897 omnia
843 2844 947 2898 sarcula
997 2838 1073 2893 Petri
1088 2854 1137 2892 ore
1150 2839 1280 2894 confossa
1295 2856 1301 2893 :
1318 2858 1332 2891 ιι
1347 2840 1387 2895 Τιι
1403 2856 1442 2909 es,
1461 2840 1564 2912 inquit,
1582 2840 1716 2896 Christus
1736 2841 1805 2896 Vilius

132 2937 368 3004 presumentem,
395 2935 520 2990 mundus
546 2934 582 2989 sit
608 2935 665 2991 Deo
693 2936 889 2991 reconciliatus
917 2937 947 2991 in
998 2931 1046 2986 Dei
1060 2933 1115 2987 vivi
1131 2933 1217 3003 (toan.
1243 2949 1278 2999 ιιι,
1299 2935 1353 3002 Ἦ),
1370 2955 1384 2983 o
1399 2936 1478 2989 tanta
1489 2934 1518 2988 in
1534 2950 1563 2989 se
1580 2940 1753 3007 argumenta
1765 2952 1803 2989 sr-

132 3025 254 3095 t'lhristo,
268 3031 301 3082 ut
313 3026 367 3082 nisi
385 3027 506 3083 Verbum
520 3028 687 3100 dignaretur
698 3045 763 3084 earo
781 3030 855 3098 sieri,
869 3030 947 3085 nulla
997 3025 1103 3081 stinens
1122 3026 1257 3095 veritatis,
1275 3031 1391 3098 quantae
1404 3027 1626 3099 perversitatum
1642 3028 1804 3100 quaestiones

133 3119 220 3190 possit
239 3136 304 3175 caro
326 3121 435 3176 salvari.
453 3121 543 3177 Omne
556 3122 633 3178 enirn
651 3127 863 3179 sacramentum
881 3071 1172 3181 fidoiCinfidelitntis
1192 3120 1334 3175 calumnia
1356 3121 1554 3176 movebuntur.
1575 3123 1640 3176 tam
1664 3123 1696 3177 in
1711 3122 1804 3178 cetera

133 3213 298 3270 Christianae
319 3231 423 3286 magno
444 3216 485 3286 (ut
506 3215 631 3271 heretici
646 3217 753 3287 volunt]
769 3217 949 3274 decoloratur
997 3212 1169 3284 dispensatio
1188 3213 1341 3268 voluntatis
1355 3218 1482 3285 paternae
1499 3213 1544 3285 sit,
1564 3215 1661 3288 virgo,
1677 3219 1805 3288 partuset

134 3308 262 3377 obscuro,
286 3309 309 3364 si
330 3310 377 3365 lux
395 3309 521 3364 veritatis
540 3309 592 3364 sub
610 3310 759 3366 mendacio
776 3316 895 3382 putatur
908 3312 947 3366 la·
998 3323 1111 3379 corpus,
1135 3310 1200 3378 post
1218 3324 1283 3380 quae
1303 3323 1382 3375 crux,
1399 3323 1486 3378 mors,
1509 3309 1608 3378 inferi,
1634 3310 1712 3365 salus
1724 3313 1806 3365 nostra

135 3402 221 3456 tuisse
244 3402 460 3473 phantasmatis.
479 3404 540 3458 Non
559 3419 627 3474 erge
648 3404 798 3475 quisquam
813 3404 867 3459 sibi
881 3421 946 3460 eru-
999 3406 1049 3455 est.
1062 3401 1185 3455 Humani
1198 3400 1274 3456 enim
1288 3400 1400 3473 generis
1416 3417 1500 3457 causa
1521 3402 1569 3456 Dei
1586 3402 1677 3459 Filius
1691 3409 1805 3461 natuser

133 3496 306 3551 trescendum
323 3496 465 3552 existimet
477 3497 653 3552 Christianus
666 3497 700 3552 de
711 3498 949 3554 nostriintlhristi
998 3494 1110 3565 virgine
1124 3497 1175 3562 est,
1190 3499 1219 3549 et
1231 3495 1337 3566 Spiritu
1350 3499 1446 3550 sancto
1460 3496 1523 3568 ipso
1536 3495 1591 3551 sihi
1604 3497 1635 3551 iu
1650 3498 1705 3554 hae
1717 3513 1805 3570 opere·

133 3606 250 3661 corpore
264 3590 391 3661 veritate,
405 3591 473 3663 quia
485 3607 585 3646 omnes
601 3592 718 3662 apostoli
737 3593 946 3663 apostolorum·
999 3589 1076 3643 tione
1092 3588 1260 3654 famulante,
1272 3594 1300 3643 et
1310 3605 1361 3644 sue
1369 3589 1416 3644 Dei
1428 3588 1560 3646 videlicet
1570 3590 1756 3648 inumbrante
1763 3591 1806 3645 rin

135 3777 184 3848 qui
205 3777 240 3833 sd
259 3778 390 3851 martyrii
411 3794 546 3834 coronam
563 3779 606 3834 vel
620 3779 806 3834 confessionis
818 3796 949 3836 meruere
998 3775 1134 3839 instituit;
1151 3780 1183 3831 lit
1195 3776 1283 3831 h0¹110
1302 3776 1394 3831 faetus
1414 3792 1448 3832 0¹
1467 3777 1579 3849 virgine
1593 3782 1729 3835 naturam
1742 3780 1769 3833 in
1782 3792 1807 3832 ω

134 3872 256 3941 gloriam
273 3873 431 3944 pervenire,
447 3873 476 3928 in
492 3874 577 3944 hujus
589 3872 644 3928 fide
659 3873 767 3929 lumine
779 3874 948 3944 splenduere
999 3869 1089 3923 caruis
1100 3870 1252 3941 exciperet,
1267 3887 1320 3940 per
1332 3886 1395 3942 quae
1406 3870 1491 3942 huJ'us
1505 3870 1690 3928 admistionis
1703 3873 1807 3929 societas

134 3966 265 4022 consonis
283 3967 389 4039 ubique
402 3967 550 4023 sententiis
565 3967 739 4034 intonantes,
755 3968 830 4039 quod
845 3967 875 4022 in
891 3970 947 4024 Do·
999 3963 1206 4019 sanctificatum
1219 3963 1248 4017 in
1263 3980 1295 4019 oo
1310 3964 1433 4019 universi
1450 3964 1563 4034 generis
1578 3965 1702 4022 humani
1719 3981 1807 4039 corpus

133 4060 212 4114 mino
225 4061 290 4114 tesu
302 4060 411 4116 Christo
426 4060 540 4115 deitatis
554 4064 583 4114 et
595 4061 688 4115 carnis
703 4076 759 4114 una
770 4060 806 4115 sit
815 4062 949 4116 confiten-
998 4057 1140 4124 existeret,
1155 4062 1187 4112 ut
1199 4057 1446 4130 quemadmodum
1458 4059 1594 4114 omnesin
1602 4076 1635 4115 se
1646 4078 1701 4132 per
1711 4059 1807 4133 idqnod

135 4153 170 4205 da
191 4169 323 4225 persona.
349 4153 410 4216 Qua
432 4157 528 4208 autem
545 4152 662 4208 rationis
678 4153 876 4223 similitudine,
892 4171 949 4226 qua
999 4167 1170 4222 corporeum
1186 4168 1216 4206 se
1228 4168 1289 4207 csse
1302 4152 1391 4207 voluit
1410 4153 1589 4219 conderetur,
1610 4153 1652 4210 ita
1664 4171 1772 4210 rursum
1783 4154 1806 4208 in

134 4245 294 4301 divinorum
303 4245 483 4301 voluminum
493 4246 624 4317 portione
633 4246 768 4301 haeretica
777 4247 909 4319 impietas
919 4265 949 4304 se
999 4260 1097 4299 omnes
1109 4244 1169 4315 ipse
1179 4261 1232 4316 per
1240 4245 1269 4299 id
1279 4246 1356 4317 quod
1367 4245 1427 4316 ejus
1437 4248 1481 4301 est
1493 4245 1637 4303 invisibile
1651 4250 1806 4305 referretur.

135 4338 280 4394 existimat
300 4339 439 4411 adjurari,
463 4356 526 4412 quse
545 4339 694 4394 veritatem
717 4343 801 4411 negat
823 4341 950 4413 corporis
998 4337 1046 4394 Dei
1061 4338 1149 4410 igitur
1160 4338 1257 4410 imago
1267 4338 1418 4394 invisibilis
1427 4339 1566 4410 pudorem
1578 4340 1704 4399 humani
1712 4341 1806 4398 exordii

134 4433 248 4500 tlhristi,
261 4450 326 4488 cum
341 4433 414 4488 hane
430 4449 487 4488 non
500 4433 546 4488 lex
561 4431 714 4498 testificari,
731 4449 788 4489 non
800 4435 949 4507 prophetia
958 4447 988 4521 1)
998 4449 1057 4487 non
1071 4432 1219 4501 recusavit,
1230 4438 1259 4488 et
1267 4448 1319 4504 per
1328 4433 1543 4504 conceptionem
1551 4440 1684 4506 partum,
1694 4436 1805 4508 ragitm

134 4527 300 4597 praecinere,
321 4543 378 4582 non
402 4526 574 4598 evangelista
586 4525 695 4593 docere,
712 4543 770 4582 non
787 4528 847 4599 ipse
862 4528 948 4585 desti·
999 4531 1027 4581 et
1040 4542 1136 4593 cunas,
1150 4542 1250 4581 omnes
1268 4530 1378 4581 naturae
1397 4531 1501 4583 nostrie
1522 4529 1714 4586 contumelias
1724 4534 1805 4585 treus·

135 4622 334 4678 toritChristus
343 4621 512 4677 ostendere?
522 4621 654 4686 Quaerant
661 4636 713 4691 per
722 4637 837 4677 omnem
845 4622 948 4678 seriem
999 4619 1132 4674 cucurrit.
1149 4619 1221 4684 Quid
1233 4620 1348 4675 tandem
1361 4619 1537 4691 dignationis
1551 4621 1668 4679 affectui
1679 4622 1804 4696 repende·

133 4716 355 4787 scripturarum,
369 4732 425 4788 quo
436 4715 569 4770 tenebras
582 4731 648 4770 suas
661 4714 782 4786 fugiant,
793 4716 823 4770 in
836 4733 893 4788 quo
906 4733 949 4772 ve·
998 4713 1066 4768 tur?
1084 4713 1284 4769 inenarrabilis
1299 4730 1316 4768 a
1332 4714 1389 4769 lieo
1409 4713 1529 4785 originis
1553 4731 1632 4770 unus
1654 4717 1805 4790 unigenitae

73 4792 76 4797 ’
134 4826 198 4864 rum
212 4808 311 4864 lumen
321 4809 480 4865 obscurent.
496 4810 530 4864 Et
544 4824 595 4881 per
605 4809 702 4864 omnia
716 4812 820 4864 sarcula
831 4810 949 4866 itareri-
998 4809 1070 4863 fleus
1084 4806 1113 4861 in
1128 4807 1289 4879 corpusculi
1303 4807 1424 4863 humani
1436 4808 1558 4864 formam
1573 4815 1683 4867 sancte
1695 4809 1805 4884 Virginis

132 4906 221 4957 tatem
241 4901 387 4957 invenient
405 4907 614 4968 coruscantem,
630 4905 663 4957 ut
684 4919 824 4975 magnum
846 4905 899 4959 hoc
920 4908 949 4959 et
1000 4906 1078 4957 utero
1091 4900 1215 4956 insertus
1229 4901 1370 4957 accrescit.
1384 4901 1436 4967 Qui
1446 4903 1543 4958 omnia
1552 4905 1693 4973 continet,
1704 4912 1733 4962 et
1741 4906 1805 4961 inin

133 4995 261 5051 mirabile
276 4999 487 5051 sacramentnm
506 4996 541 5050 ab
560 4996 641 5050 initio
662 4996 775 5051 videant
795 4997 946 5063 creditum,
999 5012 1086 5066 quem
1102 4999 1130 5050 et
1144 5011 1197 5066 per
1207 5012 1294 5067 quem
1304 4999 1407 5051 cuneta
1421 5000 1496 5064 sunt,
1508 4997 1632 5054 humani
1642 5005 1740 5074 partus
1751 5000 1804 5069 lege

132 5091 209 5161 qnod
224 5093 265 5145 est
276 5089 306 5145 in
320 5090 376 5145 fine
388 5090 571 5160 completum.
584 5091 621 5144 lle
635 5106 692 5161 quo
705 5106 771 5145 cum
784 5094 947 5146 sanctarum
998 5089 1152 5160 profertur,
1165 5091 1194 5143 et
1212 5088 1249 5143 ad
1275 5089 1355 5161 cujus
1368 5106 1465 5146 rocem
1480 5090 1648 5163 archangeli
1665 5097 1747 5165 alque
1759 5107 1803 5145 ao·

132 5185 291 5239 litterarum
305 5183 384 5238 nulla
397 5199 462 5254 pars
475 5183 564 5248 sileat,
580 5182 683 5238 sufficit
696 5184 827 5255 quaedam
845 5201 945 5240 conso·
999 5182 1056 5254 geli
1071 5185 1207 5251 tremunt,
1222 5183 1324 5238 cretum
1337 5190 1365 5239 et
1374 5193 1451 5240 terra
1464 5187 1493 5239 et
1504 5185 1604 5240 omnia
1617 5185 1705 5258 hujus
1715 5183 1803 5241 mundi

132 5296 167 5332 na
190 5277 316 5333 veritatis
335 5277 417 5349 signa
439 5277 575 5349 patuisse,
597 5277 699 5348 quibus
718 5276 865 5348 diligentia
882 5277 947 5333 fldei
998 5277 1177 5332 resolvuntur
1193 5278 1344 5346 elementa,
1366 5277 1464 5350 vagitu
1484 5277 1604 5334 infantis
1618 5280 1742 5336 auditur.
1759 5276 1803 5342 tici

130 5371 520 5444 splendidissimalatitudine
532 5371 682 5442 dirigatur,
697 5370 947 5426 etsinceraintclli-
997 5369 1144 5426 invisibilis
1164 5375 1192 5424 et
1204 5371 1470 5443 comprehensibilis
1487 5375 1539 5442 est,
1560 5389 1620 5428 uon
1640 5373 1712 5443 visu,
1733 5386 1801 5429 seusu

131 5467 234 5537 gentiae
247 5467 308 5522 luce
322 5465 485 5539 perspiciat,
500 5465 578 5536 quod
592 5465 622 5521 in
645 5463 714 5519 Vilio
734 5464 783 5519 llei
798 5463 845 5535 qui
860 5480 889 5519 se
903 5465 945 5520 in·
997 5469 1142 5536 tractuque
1162 5464 1365 5534 moderandus,
1384 5466 1465 5520 cunis
1484 5469 1527 5522 est
1538 5467 1705 5524 obvolutus.
1717 5462 1802 5525 uoci

130 5561 301 5617 cessabititer
323 5560 411 5615 filium
431 5558 557 5615 hominis
577 5561 605 5613 et
626 5558 775 5613 hominem
798 5558 947 5630 profitetur
997 5559 1061 5630 quis
1074 5559 1192 5631 indigna
1206 5560 1261 5614 [leo
1276 5559 1382 5628 recolit,
1400 5564 1480 5616 tanto
1502 5577 1531 5617 se
1550 5560 1672 5634 majone
1686 5555 1802 5619 miehi

129 5671 186 5708 non
209 5654 243 5709 sit
264 5654 429 5710 Christianis
455 5652 689 5719 erubescendum,
710 5652 759 5706 sed
782 5653 947 5708 constantis
996 5653 1149 5708 obnoxium
1169 5652 1363 5721 confitebitur,
1378 5657 1487 5726 quanto
1501 5654 1598 5712 minus
1611 5657 1676 5714 brec
1689 5655 1801 5712 poison

119 5745 193 5802 simo
203 5746 398 5819 gloriandum.
415 5748 449 5806 or
462 5750 560 5806 eutem
571 5746 663 5822 pietas
678 5750 725 5803 tua
744 5761 809 5804 cum
824 5763 943 5805 venere·
996 5746 1127 5806 venerint
1147 5747 1298 5820 maiestati.
1315 5747 1375 5803 Non
1395 5747 1441 5804 ille
1462 5747 1543 5822 eguit
1556 5750 1648 5810 bomo
1660 5748 1742 5821 rua
1760 5760 1804 5822 ptr
