3870 6150
580 253 817 315 hadriaticum
837 256 1029 315 cotttc'llu.
1592 266 1643 322 707

103 406 105 420 .
125 365 199 424 sicut
220 365 364 425 dioecesim
384 365 507 425 alienam
527 368 691 426 tricennalis
709 387 776 442 pos·
787 375 818 452 Α
864 375 907 426 577.
924 371 1006 436 Quod
1020 373 1077 429 duo
1098 377 1164 430 sunt
1188 389 1296 444 genera
1316 373 1476 443 viduarum,
1491 373 1644 434 seculares

103 461 159 533 liit,
172 463 213 519 ita
231 462 368 519 territorIi
388 469 561 520 conventum
581 480 639 519 000
662 464 777 520 amittit.
829 468 858 521 et
871 467 1107 524 sanctimoniales.

103 557 142 614 od
164 557 312 630 episcopos
331 574 383 630 per
402 562 516 614 cunctas
540 559 672 615 dioeceses
691 574 777 631 paro·
864 564 907 617 56.
924 562 962 617 lle
975 561 1080 618 tudaeis
1093 579 1129 619 ne
1143 563 1170 618 ri
1184 562 1220 619 ad
1233 563 1407 620 credendum
1420 569 1569 637 cogantur.

112 652 232 708 mestre
247 656 378 724 oporteat
392 670 444 726 per
457 653 585 725 singulos
604 671 704 712 annos.
863 659 907 712 57.
921 659 959 713 lle
969 656 1122 729 cupiditate
1137 656 1269 728 episcopi,
1284 657 1451 730 presbyteri,
1470 658 1514 714 vel
1528 659 1640 717 diaconi

103 745 239 818 ricunque
257 746 383 819 episcopi
400 747 536 819 suffragio
555 748 704 819 cujuslibet
724 751 776 805 ali·
827 750 884 807 sive
899 751 1067 806 clericorum
1091 751 1139 823 qui
1162 753 1260 806 contra
1280 751 1366 807 Iidem
1385 751 1573 810 Christianam
1590 755 1638 809 Ju-

105 840 301 896 ecclesiasticis
323 840 491 897 utilitatibus
511 842 688 914 providerint
709 843 776 917 quid
827 844 1079 918 doeissntiraqum
1092 848 1239 917 praestant.

103 934 166 989 rsit.
862 942 906 995 58.
920 941 959 995 lle
974 939 1206 1012 praevaricatione
1220 955 1320 994 eornm
1333 939 1383 1010 qui
1397 938 1506 996 dudum
1517 940 1551 996 ad
1563 940 1640 997 Chri·

103 1026 250 1083 nabendum
263 1045 280 1083 a
292 1028 487 1084 sacerdotibus
502 1030 567 1084 vitm
581 1029 713 1085 solatium
729 1030 775 1085 in-
825 1033 947 1089 stianam
963 1033 1049 1090 tidem
1064 1034 1190 1105 promoti
1203 1037 1279 1089 sunt.

103 1138 133 1190 is,
151 1127 181 1178 et
195 1122 318 1177 maxime
335 1122 379 1177 his
392 1122 496 1195 quibus
509 1123 686 1180 restituenda
697 1124 776 1180 vicis·
863 1131 907 1184 59.
921 1128 961 1183 Ite
981 1127 1147 1183 Indaeorum
1162 1126 1227 1182 tiliis
1240 1128 1282 1182 vel
1304 1127 1424 1197 filiabus,
1437 1143 1474 1183 ue
1488 1135 1638 1200 parentum

103 1219 121 1271 t.
747 1254 753 1264 ·
824 1223 898 1279 ultra
909 1222 1089 1278 involvantur
1101 1220 1256 1277 erroribus.

103 1309 188 1364 nunlli
202 1309 334 1365 diacones
347 1310 376 1364 in
387 1313 497 1365 tantam
510 1316 666 1383 erumpunt
678 1327 775 1384 snper
860 1319 905 1372 60.
933 1318 971 1371 lle
992 1314 1098 1371 Judaeis
1117 1314 1275 1387 baptizatis,
1298 1315 1321 1371 si
1343 1320 1439 1388 postea
1462 1316 1639 1389 praevaricati

105 1403 280 1475 preshyteris
294 1420 323 1458 se
338 1404 503 1474 praelerant.
824 1410 930 1466 luerint
941 1411 972 1465 in
984 1409 1107 1467 Christo.

103 1512 164 1554 nou
180 1497 244 1553 licet
258 1497 406 1569 episcopis,
420 1514 472 1553 nec
491 1498 662 1571 presbyteris
682 1500 774 1555 oraria
859 1507 903 1559 67.
929 1504 968 1561 De
990 1504 1130 1559 malorum
1155 1503 1316 1576 consortiis,
1334 1505 1411 1578 quod
1433 1505 1519 1562 etiam
1548 1505 1638 1563 bonos

103 1590 136 1658 ri,
161 1595 269 1663 quanto
294 1591 389 1662 magis
422 1591 548 1648 diaconis
573 1593 622 1664 qui
649 1593 774 1649 ministri
824 1601 1023 1670 corrumpunt.

103 1689 151 1740 mt.
859 1696 902 1748 67.
920 1692 958 1747 [le
972 1691 1078 1748 Iudaeis
1092 1693 1143 1765 qui
1157 1692 1332 1750 Christianae
1344 1694 1478 1751 mulieres
1490 1694 1521 1751 in
1537 1695 1636 1768 eonju-

105 1795 207 1835 omnes
228 1779 323 1835 clerici
342 1780 384 1834 vel
405 1781 523 1836 lectores
544 1781 617 1836 sicut
636 1781 729 1836 lerItae
745 1751 812 1837 etB
823 1786 871 1858 glo
887 1785 1005 1842 habent.

103 1894 120 1933 a
139 1878 260 1933 detonso
284 1878 417 1950 superius
432 1879 523 1950 capite
543 1879 661 1935 miccius
682 1881 772 1936 solam
858 1883 902 1936 773.
918 1881 980 1936 Non
992 1884 1086 1953 potest
1106 1898 1175 1953 erga
1189 1881 1323 1938 homines
1336 1898 1396 1938 esse
1409 1883 1511 1952 tidelis,
1525 1884 1574 1957 qui
1586 1900 1635 1940 ex-

103 1988 205 2027 ronam
218 1972 390 2044 relinquant.
823 1974 911 2030 titerit
922 1973 1029 2046 impius
1042 1974 1072 2030 ln
1085 1974 1188 2031 Deum.

109 2073 251 2126 extranea
267 2071 382 2127 lemInae
401 2088 467 2127 cnm
481 2071 588 2127 clericis
610 2087 668 2127 non
689 2070 770 2126 habi·
858 2069 901 2124 77.
927 2067 1111 2139 Praecipieute
1131 2068 1263 2137 Domino,
1289 2073 1374 2142 atque
1399 2071 1634 2128 excellentissImo

822 2160 979 2218 sisenando
991 2178 1072 2235 rege,
1088 2167 1118 2218 ut
1132 2163 1224 2218 Judaei
1245 2166 1296 2218 aut
1316 2164 1365 2235 qui
1387 2180 1422 2220 ex
1442 2163 1548 2221 Judaeis
1569 2171 1636 2222 sunt

105 2257 213 2314 clericis
230 2259 279 2330 qui
296 2276 352 2314 non
371 2259 509 2315 habentes
529 2258 692 2330 legitImum
704 2274 770 2314 con·
821 2257 913 2312 officia
926 2256 1037 2328 publica
1048 2256 1212 2312 nullatenus
1225 2263 1370 2330 appetant.

103 2354 281 2407 stranearum
294 2353 457 2421 mulierum,
471 2354 513 2408 vel
527 2352 696 2408 ancillarum
709 2370 772 2409 sua·
857 2354 900 2407 65.
916 2353 951 2409 Ut
963 2349 1137 2407 Christianos
1160 2367 1257 2407 servos
1280 2368 1337 2408 non
1356 2352 1439 2409 liceat
1456 2353 1561 2410 Judaeis
1583 2355 1634 2412 ha-

103 2445 200 2502 trdicta
212 2446 265 2502 sibi
279 2447 420 2502 consortia
433 2449 583 2519 appetunt.
820 2445 897 2501 here.

107 2539 215 2596 clericis
225 2541 273 2613 qui
288 2541 348 2595 sine
364 2542 493 2596 consultu
507 2540 687 2613 episcopisui
700 2557 769 2596 uxo·
856 2542 900 2595 66.
915 2539 953 2595 [70
975 2538 1021 2594 his
1035 2539 1085 2611 qui
1103 2539 1138 2595 de
1161 2538 1247 2595 rebus
1261 2538 1319 2594 suis
1340 2539 1515 2612 pauperibus
1532 2542 1635 2601 Christi

103 2636 189 2689 erunt.
819 2632 983 2689 nullatcnus
1002 2632 1187 2690 distribuunt.

108 2727 216 2784 clericis
233 2730 281 2800 qni
300 2730 330 2785 70
348 2744 518 2801 quacunque
535 2728 672 2784 seditione
690 2745 770 2786 arma
854 2730 899 2783 67.
920 2730 958 2783 lle
979 2727 1120 2800 episcopis
1140 2728 1189 2799 qni
1211 2727 1387 2800 mancipium
1408 2729 1482 2800 juris
1509 2731 1634 2788 ecclesie

103 2827 287 2894 sumpserunt.
818 2838 877 2878 uon
895 2823 1008 2879 retento
1026 2821 1216 2880 ecclesiastico
1230 2821 1389 2895 patrocinio
1402 2823 1569 2881 manumitti
1583 2825 1632 2881 de·

103 2917 158 2989 quis
172 2917 289 2974 clericus
309 2917 339 2973 70
355 2915 540 2972 demoliendis
557 2916 693 2989 sepulcris
706 2917 767 2974 lue·
818 2915 954 2973 siderant.

103 3026 206 3067 tensus.
854 3013 898 3067 68.
914 3011 951 3066 Ut
963 3009 1122 3066 sacerdotes
1135 3009 1186 3082 qui
1201 3012 1251 3066 aut
1264 3027 1310 3066 res
1322 3027 1387 3066 suas
1407 3012 1531 3070 ecclesia
1544 3015 1631 3071 relin-

120 3111 263 3180 praecepto
288 3107 396 3163 domini
424 3106 512 3163 nostri
540 3104 765 3178 sisenangi‘re-
778 3126 805 3201 C
818 3106 920 3177 quant,
945 3106 1002 3171 aut,
1015 3103 1087 3159 nihil
1104 3103 1240 3160 habentes
1264 3103 1360 3177 aliqua
1377 3106 1485 3178 praedia
1508 3109 1634 3165 ecclesiis

818 3197 876 3253 suis
895 3197 1080 3270 conquirunt,
1105 3197 1128 3252 si
1149 3196 1292 3254 voluerint
1316 3204 1434 3271 possunt
1455 3200 1491 3258 de
1510 3203 1633 3274 ecclesiis

102 3295 241 3368 eligendis
254 3296 419 3352 oeconomis.
817 3292 931 3348 famulis
946 3291 1054 3364 ahquos
1066 3290 1182 3347 libertos
1195 3291 1300 3348 iacere.

111 3390 289 3462 professione
308 3390 452 3457 monachi,
469 3392 500 3444 ut
520 3387 660 3461 quidquid
681 3387 769 3443 luerit
853 3389 897 3442 69.
913 3386 953 3442 770
972 3384 1082 3441 libertis
1101 3384 1236 3452 ecclesiae,
1251 3385 1318 3457 quia
1341 3404 1488 3460 nunquam
1510 3390 1634 3446 moritur

103 3486 230 3539 iteneat.
817 3496 918 3537 eornm
946 3482 1076 3551 0077000,
1105 3494 1123 3533 a
1147 3478 1304 3550 patrocinio
1328 3480 1457 3552 ejusdem
1484 3498 1630 3556 nunquam

103 3576 211 3634 clericis
226 3577 274 3649 qui
288 3578 495 3633 monachorum
515 3574 693 3648 propositum
713 3591 764 3646 ap·
817 3573 974 3630 discedant.

851 3671 897 3724 777.
911 3667 950 3722 770
964 3664 1076 3722 libertis
1087 3665 1215 3722 ccclesia
1226 3666 1276 3738 qui
1297 3683 1315 3721 a
1328 3667 1486 3739 patrocimo
1501 3670 1630 3743 ejusdem

103 3764 215 3835 atejus
245 3763 371 3835 episcopi
398 3764 428 3818 iu
451 3762 630 3819 monasteriis
660 3762 765 3818 habere
816 3761 974 3818 discedunt.

850 3859 894 3911 77.
916 3854 956 3910 ue
981 3852 1089 3909 lihertis
1115 3852 1164 3925 qni
1184 3869 1201 3909 a
1223 3853 1442 3926 quibuscunque
1463 3856 1630 3912 manumissi

103 3953 245 4008 monachis
267 3953 315 4024 qui
331 3951 511 4023 egredientes
533 3951 567 4006 de
590 3951 764 4007 monasterio
815 3954 882 4006 sunt
908 3953 995 4022 atque
1015 3945 1141 4003 ecclesia
1167 3947 1324 4019 patrocinio
1354 3949 1551 4006 commendati
1575 3951 1631 4006 exi-

103 4063 114 4102 r
126 4047 163 4102 ad
177 4047 313 4102 saeculum
329 4048 522 4114 revertuntur,
533 4045 585 4100 sed
597 4044 683 4100 etiam
696 4062 766 4102 uro·
815 4047 903 4101 stunt.

103 4143 163 4195 unt.
849 4142 894 4195 77.
908 4138 944 4194 777
963 4136 1012 4209 qui
1033 4137 1194 4193 libertatem
1215 4153 1232 4192 a
1255 4136 1378 4193 dominis
1399 4137 1457 4193 suls
1478 4137 1518 4195 ita
1539 4139 1631 4210 perci·

103 4234 236 4305 religiosis
257 4232 380 4304 proprian
403 4232 527 4304 regionis
548 4232 597 4304 qui
618 4247 669 4286 nec
691 4231 765 4287 inter
813 4232 907 4304 plaut,
921 4235 955 4287 nt
966 4229 1078 4286 nullum
1091 4230 1122 4285 in
1138 4230 1179 4285 eis
1191 4230 1359 4303 obsequium
1373 4234 1511 4303 patronus
1527 4233 1629 4289 deten-

103 4344 147 4383 1ec
161 4327 237 4383 iuter
248 4326 403 4382 monachos
416 4325 566 4381 hahentur.
814 4327 865 4394 tet,
879 4324 1069 4398 suscipiantur
1081 4325 1117 4379 ad
1133 4324 1252 4380 clerum.

103 4421 203 4493 eisqui
221 4421 250 4475 70
275 4420 438 4475 discrimine
457 4419 601 4474 constituti
622 4419 762 4491 poeniten·
848 4422 892 4475 73.
909 4419 947 4474 De
968 4418 1085 4474 famulis
1106 4418 1231 4473 ccclesia.
1253 4418 1427 4475 constituere
1449 4421 1630 4493 presbyteros

103 4515 189 4588 piunt.
772 4495 857 4569 livet
869 4511 1002 4568 diaconos
1013 4528 1066 4583 per
1079 4510 1228 4582 parochias
1240 4510 1316 4567 licet.

103 4608 284 4663 saecularibus
304 4624 354 4679 qui
376 4608 548 4678 accipientes
567 4605 763 4678 poenitentiam
847 4605 892 4661 74.
909 4605 948 4659 ile
963 4603 1143 4660 ecclesiastici
1164 4603 1273 4659 ordinis
1287 4604 1423 4661 institutis
1438 4606 1481 4662 vel
1495 4605 1626 4675 decretis,

103 4707 176 4760 erant
194 4706 223 4759 ct
238 4719 335 4757 rursm
360 4700 577 4773 praevaricantes
591 4699 655 4756 laici
669 4699 762 4756 effecti
812 4698 922 4772 quaead
936 4696 1128 4773 quorumdam
1144 4697 1292 4771 pertinent
1306 4697 1496 4772 disciplinam.

146 5049 353 5142 INCIPIT
396 5048 704 5144 CONCILIUM
747 5045 1094 5143 TOLETANUM
1128 5045 1422 5160 QUARTUIII.

103 5266 273 5322 77077000
284 5264 368 5319 tertio
379 5268 518 5335 regnante
531 5264 655 5319 Domino
665 5268 761 5319 nostro
812 5262 937 5318 ecclesia
956 5261 1111 5335 disciplinis
1134 5266 1282 5319 tractatus.
1297 5263 1424 5319 Primum
1438 5263 1543 5335 gratias
1563 5262 1625 5317 Sal-

103 5372 152 5414 mo
167 5357 296 5429 principe
309 5356 529 5426 Sisenando,die
546 5358 762 5412 nonasDecem-
811 5357 902 5412 satori
927 5359 1025 5412 nostro
1053 5357 1109 5411 Deo
1133 5356 1321 5429 omnipotenti
1347 5358 1477 5430 egimus,
1502 5354 1625 5428 posthaec

115 5467 240 5519 ncnnrxr,
269 5450 339 5505 dnm
363 5451 456 5506 studio
478 5450 583 5505 arnoris
605 5450 709 5505 Christi
730 5467 761 5504 ac
810 5450 936 5506 antelato
957 5449 1087 5506 ministro
1111 5451 1348 5507 excellentissimo
1363 5456 1393 5507 et
1413 5448 1535 5522 glorioso
1551 5440 1624 5518 regi,

119 5544 327 5617 religiosissimi
350 5543 496 5599 sisenandi
523 5544 599 5615 regis
621 5543 761 5615 Hispaniae
811 5543 892 5615 cujus
906 5548 986 5600 tanta
1002 5561 1071 5616 erga
1089 5546 1179 5601 Iteum
1190 5545 1303 5601 devotio
1316 5548 1417 5611 exstat,
1426 5548 1456 5599 ut
1466 5558 1521 5597 000
1534 5540 1625 5595 solum

103 5637 180 5696 700770
188 5637 348 5693 sacerdotes
360 5637 436 5709 apud
444 5638 608 5692 Toletanam
621 5637 721 5691 urbem
731 5635 761 5691 in
810 5636 841 5691 in
854 5636 940 5692 rebus
951 5637 1095 5705 humanis,
1111 5638 1158 5694 sed
1175 5638 1262 5695 etiam
1277 5637 1307 5692 iu
1319 5636 1411 5692 causis
1422 5633 1523 5690 divinis
1546 5634 1623 5691 solli·

103 5732 186 5789 >mini
198 5731 441 5798 convenissemus,
456 5735 489 5785 nt
503 5732 563 5801 eJ'us
577 5729 705 5801 imperiis
717 5735 761 5784 at·
810 5730 881 5785 citus
891 5733 1015 5801 maneat,
1027 5731 1075 5786 hic
1089 5731 1274 5804 quippedum
1287 5729 1316 5784 iu
1330 5727 1442 5784 basillae
1454 5727 1624 5783 beatissImae

106 5826 245 5887 commoti
257 5843 275 5885 a
286 5825 367 5884 noble
378 5826 536 5900 agitaretur
547 5824 582 5879 de
592 5823 767 5900 quibusdam,
811 5824 843 5883 et
854 5828 959 5885 sancte
972 5824 1106 5903 martyris
1120 5823 1265 5888 teocadiae
1281 5819 1411 5883 omnium
1433 5825 1561 5882 nostram
1574 5837 1623 5902 pe-
