3870 6150
122 244 172 301 aar
248 224 253 233 “
566 238 707 294 ¹uenero.
729 238 772 294 so
792 238 872 294 sac.
894 239 937 293 nr.
954 267 986 276 -
1008 239 1129 293 isinom
1150 234 1363 295 umcaroats

159 354 223 406 LXI.
238 349 377 406 Clericum
399 365 451 419 per
470 350 615 402 creaturas
627 346 773 418 jurantem
786 361 802 400 a
817 345 1053 431 crimineArunr
1078 351 1105 400 et
1126 344 1301 400 orationibus
1314 347 1344 399 et
1364 343 1554 399 oblationibus
1575 359 1656 401 como

122 441 343 515 objurgandum,
358 440 380 495 si
395 439 554 512 perstiterit
564 439 593 495 iu
603 439 682 508 vitio,
695 438 939 495 excommunimn·
1023 440 1115 493 LXXX.
1132 437 1216 493 Omni
1232 442 1362 508 tempore
1376 436 1481 508 jejunii
1498 453 1602 493 manus
1613 442 1656 509 pet

124 538 203 593 darm.
987 531 1180 586 sacerdotibus
1192 530 1389 601 imponantur.

157 630 231 684 LXII.
247 626 386 683 Clericum
397 625 472 682 inter
483 627 581 698 epulas
593 628 757 683 cantantem
768 623 939 697 supradictae
1024 625 1130 679 LXXXI.
1154 623 1277 678 llortuos
1295 622 1420 678 ecclesiae
1441 621 1611 694 poenitentes
1635 638 1656 678 e:

122 716 269 772 sententiae
281 714 429 770 severitate
442 713 645 770 coercendum.
988 717 1137 790 sepeliant.

156 810 243 866 lXIII.
258 808 398 866 Clerieum
412 807 461 880 qui
472 811 602 880 tempore
611 807 708 863 indicti
716 806 821 880 jejunii
832 807 938 879 absque
1023 811 1141 866 LXXXII.
1154 808 1307 865 Vententes
1316 808 1401 865 etiam
1416 807 1517 864 diebus
1526 807 1656 867 remissio:

121 901 277 958 inevitabili
295 900 461 959 necessitate
481 899 625 972 jejunium
647 899 772 972 rumpit,
796 899 939 956 mInorem
989 902 1113 959 flectant.

121 996 295 1052 habendum.
349 1002 351 1006 “
1024 995 1656 1069 Lxxxfl1.t>auperesetsenesocetcdeph

156 1090 243 1144 LXIV.
257 1086 310 1153 Qui
325 1085 471 1144 DomInico
486 1086 531 1143 die
544 1086 667 1144 studiose
675 1087 799 1160 jejunat,
812 1101 939 1142 nonore·
989 1092 1181 1147 honorandos.

120 1184 205 1239 datur
217 1180 380 1239 catholicus.
890 1253 894 1259 Ι
1025 1185 1153 1240 LXXXIV.
1175 1186 1211 1241 Ut
1225 1185 1374 1258 episcopus
1393 1182 1505 1239 nullum
1525 1182 1656 1254 prohibat

156 1277 232 1333 LXV.
246 1275 361 1332 Paschae
374 1275 538 1332 solemnitas
555 1290 613 1331 uno
629 1274 685 1347 die,
707 1278 736 1330 et
750 1278 882 1347 tempore
897 1290 940 1330 ce·
989 1276 1150 1348 ecclesiam,
1164 1281 1193 1333 et
1205 1277 1304 1334 audire
1314 1276 1433 1331 verbnm
1446 1275 1507 1343 Dei,
1522 1275 1580 1331 sive
1591 1279 1656 1348 gent

122 1370 271 1426 lebranda.
989 1370 1165 1442 haereticum,
1181 1371 1238 1427 sive
1252 1371 1382 1427 Judaum
1394 1369 1532 1442 usquead
1546 1368 1656 1425 missen

157 1464 243 1520 LXVI.
260 1462 385 1519 Clericus
397 1463 448 1536 qui
461 1461 588 1535 episcopi
599 1461 675 1518 circa
687 1478 717 1517 sc
733 1460 940 1518 districtionem
989 1479 1154 1519 menarum.

121 1557 256 1630 injustam
269 1558 361 1628 putat,
372 1557 501 1611 recurrat
513 1554 550 1610 ad
566 1555 717 1627 synodum.
1025 1558 1143 1613 LXXXV.
1159 1555 1324 1629 Baptizandi
1338 1572 1444 1612 nomen
1457 1570 1540 1610 snum
1553 1555 1633 1623 dent,
1649 1571 1656 1609 t

157 1651 253 1705 LXVII.
278 1648 482 1706 seditionarios
500 1664 648 1721 nunquam
672 1647 844 1705 ordinandos
858 1646 939 1704 cleri·
991 1650 1164 1707 abstinentia
1177 1651 1233 1706 vini
1248 1654 1278 1706 et
1289 1649 1431 1719 carnium,
1448 1665 1481 1703 aa
1499 1648 1656 1704 mannaim

121 1761 178 1813 cos,
193 1743 264 1799 slent
276 1759 329 1800 nec
344 1741 498 1812 usurarios,
512 1758 564 1798 nec
582 1742 756 1815 iujuriarum¹
765 1758 882 1799 suarum
896 1742 938 1796 ut·
950 1725 979 1797 B
990 1744 1090 1799 crebra
1101 1743 1307 1800 examinatione
1319 1742 1496 1814 baptismum
1509 1740 1656 1812 percipian

122 1841 208 1894 tores.
810 1872 819 1879 -
1026 1837 1155 1893 LXXXVI.
1171 1837 1311 1910 Neophyti
1324 1836 1490 1908 aliquandiu
1509 1840 1539 1891 et
1555 1833 1656 1890 lautior

155 1932 265 1986 LXVIII.
280 1932 316 1985 Ex
333 1929 548 2002 poenitentibus,
569 1927 698 2001 quamvis
715 1927 752 1983 sit
767 1928 860 1984 bonus
887 1929 942 1983 cte·
990 1931 1025 1985 lis
1037 1934 1066 1986 et
1077 1931 1255 2002 spectaculis,
1266 1930 1310 1986 vel
1323 1929 1493 2002 conjugibus
1504 1927 1655 1984 abstinean

120 2024 195 2081 ricus
209 2040 269 2079 uon
284 2022 442 2080 ordinetur.
1026 2024 1167 2079 LXXXVII.
1182 2024 1238 2088 Qui
1259 2038 1382 2079 caumm’
1398 2038 1480 2078 suam
1505 2021 1656 2077 catholicus

157 2118 242 2173 LXIX.
257 2117 349 2187 Siper
361 2114 553 2187 Ignorantiam
572 2114 697 2187 episcopi
714 2114 822 2170 Iactum
842 2114 940 2185 luerit,
991 2121 1073 2189 stam,
1087 2117 1145 2173 sire
1156 2117 1292 2190 injustam
1302 2115 1486 2189 adjudicium
1500 2113 1616 2171 albeum
1628 2112 1656 2171 il<

124 2210 285 2283 deponatur
297 2224 314 2263 a
324 2209 410 2276 clero,
425 2207 493 2280 quia
502 2223 530 2265 sc
542 2206 730 2263 ordInaIIonis
741 2211 873 2279 tompore
882 2222 941 2262 non
991 2215 1133 2281 provocat,
1146 2210 1421 2267 excommunicetur.

123 2302 249 2374 prodidit
261 2301 348 2357 tuisse
361 2300 559 2372 poenitentem,
574 2299 598 2354 si
611 2303 707 2356 autem
727 2299 818 2355 scians
830 2300 940 2371 episco·
1027 2305 1180 2362 LXXXVIII.
1190 2304 1298 2369 Quidie
1308 2302 1429 2359 solemni
1438 2300 1656 2374 praetermissos«

125 2412 178 2467 pus
187 2393 361 2451 ordinaverit
372 2395 472 2464 talem,
487 2392 573 2450 etiarn
586 2393 646 2464 ipse
664 2393 700 2448 ab
720 2392 883 2465 epIscopatu
898 2393 942 2449 sui
991 2395 1656 2469 clesIaeconventuadspectaculavadit,excomn

124 2488 276 2545 ordInandi
283 2487 567 2559 duntaxatpotestatc
574 2486 711 2559 privetur.
727 2485 817 2543 Simili
826 2489 940 2544 senten·
1027 2491 1153 2546 LXXXIX.
1173 2490 1306 2563 huminis
1320 2491 1362 2546 vel
1384 2487 1624 2545 incantationibus
1642 2504 1656 2543 s

124 2583 171 2638 tiae
183 2581 342 2654 subjacebit
352 2580 512 2654 episcopus,
527 2580 551 2635 si
563 2579 654 2636 sciens
667 2579 842 2636 ordInavcrit
856 2580 940 2637 cleri-
991 2600 1007 2639 a
1023 2587 1165 2641 conventu
1186 2584 1317 2642 Ecclesiae
1338 2582 1546 2655 separandum,
1569 2580 1656 2639 simili

125 2693 189 2732 curn
203 2692 269 2733 eum
282 2674 332 2748 qui
348 2674 475 2746 viduam,
490 2678 540 2730 aut
555 2672 736 2744 repudiatam
757 2689 879 2730 uxorem
891 2674 941 2730 ha·
991 2677 1204 2750 perstitionibus
1215 2676 1346 2750 judaicis,
1361 2677 1408 2732 rel
1418 2675 1496 2732 Ieriis
1507 2675 1656 2731 inhaerent

124 2769 195 2841 buit,
210 2770 260 2824 aut
272 2767 440 2824 secundam.
1027 2771 1077 2827 XC.
1099 2771 1184 2827 Omni
1201 2771 1247 2828 die
1266 2769 1405 2827 exorcista
1417 2767 1620 2841 energumenis
1634 2783 1656 2823 n

160 2863 234 2917 LXX.
246 2861 372 2918 Clericus
389 2860 605 2931 haereticorum,
623 2863 673 2915 aut
693 2859 942 2918 schismaticorum
991 2868 1091 2937 ponat.

126 2959 184 3010 tam
201 2955 329 3011 convivIa
342 2969 432 3027 quam
445 2952 609 3010 sodeIItates
624 2951 709 3009 evitet
721 2954 879 3029 aeqnmiter.
1028 2959 1093 3015 XCI.
1111 2957 1278 3014 Parimenta
1296 2958 1449 3014 domorum
1470 2956 1522 3012 Dei
1541 2971 1656 3030 energu:

161 3048 248 3104 LXXI.
261 3047 341 3113 Quod
353 3047 552 3104 hereticorum
572 3052 662 3103 cretus
677 3062 737 3103 non
755 3047 878 3120 ecclesia,
893 3048 943 3105 sed
993 3058 1069 3109 rant.

126 3140 345 3198 conciliabulum
355 3141 402 3197 sit·
953 3090 980 3167 C
1028 3147 1102 3204 XCII.
1121 3145 1328 3218 EnergumenIs
1347 3146 1376 3200 ia
1396 3145 1480 3201 domo
1499 3143 1550 3200 uei
1568 3142 1656 3200 asside

161 3236 260 3292 LXXII.
273 3235 345 3290 Cum
358 3232 498 3291 hereticis
511 3250 563 3291 nec
580 3235 732 3306 orandum,
752 3251 805 3292 nec
819 3236 941 3308 psallen-
992 3245 1055 3297 ctus
1067 3238 1251 3311 quotidianus
1263 3254 1314 3312 per
1329 3238 1481 3294 exorcistas
1501 3241 1656 3309 opportune

127 3331 207 3386 dum.
258 3382 262 3391 ,
992 3333 1181 3391 ministretur.

163 3424 270 3479 LXXIII.
299 3421 354 3488 Qui
379 3421 630 3478 communicaverit
657 3422 849 3479 veteraverit
875 3438 942 3478 cum
1028 3427 1116 3483 XCIII.
1131 3425 1296 3482 Oblationes
1311 3424 1506 3481 dissidentium
1525 3424 1656 3496 fratrum,

128 3515 384 3587 excommunicato,
398 3514 456 3571 sive
471 3514 590 3570 clericus
601 3515 659 3572 sive
672 3515 770 3588 lalcus,
781 3531 944 3573 excommu-
992 3520 1127 3589 sacrario,
1139 3536 1233 3592 neque
1248 3519 1278 3575 ln
1290 3518 1491 3591 gazophylacio
1505 3518 1656 3590 recipienti

128 3611 249 3668 nicatur.
1028 3614 1114 3671 XCIV.
1129 3613 1236 3669 Iterum
1252 3611 1301 3685 qui
1315 3628 1455 3684 pauperes
1468 3612 1656 3683 opprimuntt

163 3705 270 3761 LXXIV.
284 3705 320 3760 Ut
333 3701 466 3761 sacerdos
482 3702 680 3776 paenitentiam
699 3703 866 3777 imploranti
879 3704 943 3759 abs·
993 3706 1156 3764 cerdatibus
1166 3705 1329 3762 refutanda.
1574 3703 1578 3709 ’

127 3815 183 3874 que
204 3814 334 3871 personae
355 3798 519 3870 acceptione
545 3797 721 3870 poenItentiae
743 3797 822 3871 leges
845 3797 942 3871 Injun·
1030 3801 1103 3856 XCV.
1118 3799 1172 3865 Qui
1188 3799 1347 3855 oblationes
1360 3798 1571 3868 defunctorum,
1585 3802 1656 3855 auti

127 3897 187 3967 gat.
993 3893 1098 3961 etesiis,
1112 3897 1160 3949 aut
1171 3909 1237 3949 cum
1249 3891 1417 3949 difficultate
1432 3893 1558 3949 reddunt
1570 3897 1656 3966 tanqu

162 3987 258 4044 LXXV.
279 3988 315 4043 Ut
336 3984 557 4059 negligentiores
571 3984 742 4057 poenitentes
763 3983 874 4042 tardius
896 4000 942 4039 re·
994 3985 1067 4042 tium
1082 3991 1227 4042 necatores
1240 3985 1532 4042 excommunicentur.

127 4080 325 4138 concilientur.
1030 4080 1118 4137 XCVI.
1134 4079 1328 4143 Quaerendum
1340 4079 1369 4134 ln
1383 4077 1500 4150 judicio,
1516 4079 1597 4151 oarjus
1614 4078 1651 4136 sit

162 4174 272 4229 LXXVI.
288 4174 314 4226 Is
327 4170 376 4242 qui
388 4170 585 4243 poenitentiam
601 4170 632 4226 in
644 4168 814 4228 infirmitate
826 4170 907 4242 petit,
921 4170 945 4226 si
994 4172 1079 4228 tionis
1092 4176 1121 4229 et
1130 4171 1197 4227 tidei
1207 4172 1231 4226 is
1244 4173 1294 4246 qui
1306 4176 1427 4241 accusat,
1445 4176 1472 4227 et
1483 4170 1507 4226 is
1519 4171 1568 4244 qui
1580 4188 1656 4229 acam

127 4283 194 4322 casu
204 4266 272 4321 dum
287 4265 324 4321 ad
335 4280 401 4320 eum
414 4263 544 4320 sacerdos
555 4263 780 4321 Invitatasvenit
792 4281 945 4338 oppressus
1029 4267 1127 4323 XCVII.
1141 4266 1194 4331 Qui
1209 4266 1349 4339 religiosis
1359 4265 1472 4322 feminis
1487 4265 1656 4338 praeponens*

127 4358 291 4415 infirmitate
305 4357 492 4427 obmutuerit,
501 4358 545 4413 rel
559 4357 589 4414 In
602 4358 943 4431 phrenesimversustue·
995 4359 1129 4433 episcopo
1142 4359 1197 4415 loci
1212 4360 1356 4432 probetur.

126 4452 173 4522 rit,
185 4451 456 4510 denttestimonium
465 4451 514 4524 qui
528 4467 595 4508 eum
608 4451 772 4522 audierunt,
788 4452 980 4531 etaceipiatl)
1027 4455 1137 4512 XCVIII.
1156 4452 1258 4510 Laicus
1275 4452 1460 4526 presentibus
1477 4451 1586 4510 cleriris
1604 4450 1656 4510 nisi

126 4546 336 4621 paenitentiam,
352 4551 382 4602 et
392 4546 417 4601 si
429 4545 566 4602 contiuuo
581 4545 882 4617 credIturmoriturus,
895 4563 941 4602 re·
993 4547 1126 4621 gentibus
1141 4547 1245 4604 docere
1257 4564 1315 4604 non
1330 4548 1441 4604 audeat.

126 4640 293 4699 concilietur
309 4656 478 4714 permanes
494 4639 718 4713 Impositionem,
734 4644 763 4696 et
775 4639 944 4696 infundatur
1028 4642 1112 4698 XCIX.
1130 4641 1238 4711 IIuIIer,
1262 4641 1390 4714 quamvis
1411 4640 1496 4696 docta
1512 4643 1540 4696 et
1563 4643 1656 4698 sancta

127 4736 169 4791 ori
186 4736 248 4807 ejus
266 4732 452 4806 Eucharistia,
475 4733 497 4789 si
523 4733 709 4808 supervixerit
724 4732 911 4790 admoneatur
927 4751 943 4788 a
993 4735 1248 4792 conventudocere
1260 4752 1318 4792 non
1334 4739 1498 4810 praesumat.

126 4828 295 4902 supradictis
318 4828 438 4884 testibus
461 4828 594 4900 petitioni
618 4845 676 4885 suar
703 4827 887 4897 sahsfactum,
915 4831 944 4884 et
1027 4830 1058 4886 C.
1075 4829 1176 4885 Mulier
1189 4829 1330 4901 baptizare
1344 4846 1401 4884 non
1415 4831 1582 4901 prasumat.

126 4924 264 4979 subdatur
282 4921 393 4978 statutis
410 4921 586 4994 poenitentiae
600 4922 721 4995 legibus,
742 4921 878 4994 quoniam
894 4921 942 4977 diu
1028 4923 1071 4978 CI.
1096 4923 1130 4978 Ut
1155 4922 1248 4977 viduae
1263 4923 1455 4979 adolescentes
1476 4938 1541 4995 quaa
1570 4937 1656 4997 corpo

126 5016 258 5073 sacerdos
268 5015 318 5089 qui
331 5031 383 5087 per
395 5015 591 5086 poentientiam
607 5015 695 5084 dedIt,
711 5015 885 5086 probaverit.
993 5015 1656 5087 sunt,sumptuccclesioeeujusviduassunt,sust

162 5111 284 5167 LXXVII.
298 5108 471 5165 poenitentes
485 5108 534 5181 qui
552 5107 582 5164 iu
599 5107 764 5165 infirmitate
779 5112 845 5165 sunt
863 5107 942 5182 viati·
1028 5110 1082 5166 CII.
1102 5109 1144 5165 dd
1163 5112 1274 5165 reatum
1293 5108 1419 5181 episcopi
1433 5109 1570 5181 pertiaet,
1589 5110 1633 5166 val
1651 5127 1656 5182 1

126 5220 192 5263 cum
206 5200 354 5275 accipiant.
992 5202 1040 5276 qui
1054 5202 1198 5275 parochie
1211 5207 1325 5275 praeest,
1342 5203 1364 5259 si
1379 5203 1573 5261 sustentandae
1582 5202 1649 5260 vitre

160 5298 290 5356 LXXVIII.
313 5294 485 5352 Poenitentes
504 5292 604 5367 quiin
625 5293 790 5352 infirmitate
810 5294 942 5352 viaticum
993 5313 1076 5354 causa
1087 5296 1325 5354 adolescentiores
1344 5297 1447 5366 viduae,
1461 5297 1505 5354 vet
1518 5297 1656 5355 sanctirno

126 5392 309 5451 Eucharistiae
318 5387 482 5462 acceperint
492 5405 551 5445 non
560 5405 591 5444 se
599 5388 714 5446 credant
727 5388 871 5445 absolutos
880 5389 942 5445 sine
991 5406 1116 5463 quorum
1128 5389 1367 5447 familiaritatibus
1380 5391 1576 5463 subjiciantur.

126 5504 228 5543 manus
240 5473 420 5558 impositione
433 5482 456 5538 si
470 5481 685 5555 supervixerInt.
1027 5486 1089 5540 CIII.
1111 5484 1208 5541 Viduas
1227 5500 1291 5557 quae
1306 5485 1450 5556 stipendio
1467 5485 1593 5542 ecclesias
1610 5502 1656 5543 sus

160 5581 266 5636 LXXIX.
285 5579 458 5636 Poenitentes
473 5575 523 5650 qui
545 5579 652 5632 attente
668 5577 748 5650 leges
763 5575 942 5651 paenitentia
991 5583 1051 5634 tam
1063 5578 1175 5635 assidue
1191 5579 1222 5634 in
1236 5578 1286 5634 Dei
1300 5593 1385 5650 opere
1400 5595 1460 5636 esse
1477 5579 1592 5651 debent,
1609 5581 1644 5637 ut

125 5679 329 5747 exsequuntur,
343 5673 368 5728 si
383 5687 452 5728 casu
464 5670 496 5728 in
516 5669 620 5728 itinere
638 5670 682 5728 vel
699 5670 730 5726 iu
745 5670 819 5727 mari
835 5671 942 5728 mortui
992 5677 1020 5729 et
1032 5672 1204 5730 orationibus
1217 5673 1274 5730 suis
1286 5673 1440 5730 EcclesIam
1453 5673 1597 5747 adjurent.

124 5764 240 5839 tuerint,
254 5765 303 5822 ubi
317 5766 358 5823 cis
373 5763 519 5823 subreniri
539 5782 597 5821 non
617 5764 714 5837 possit,
734 5765 874 5823 memoria
893 5782 941 5823 eo·
1028 5767 1092 5822 CIV.
1108 5767 1184 5824 Sicut
1195 5767 1304 5823 bonurn
1316 5768 1453 5824 castitatis
1469 5767 1630 5841 praemium,
1647 5767 1656 5825 i
