3870 6150
58 281 117 332 707
672 269 909 333 recuruatum
929 274 1125 334 cuttu-letto.
1699 285 1750 339 798

60 402 190 457 regnum
205 387 281 441 intra
302 403 351 442 ros
366 388 476 443 honore
488 386 664 453 mereamini,
676 391 704 440 ct
717 386 884 441 catholicam
896 395 925 469 Α
935 385 1171 440 satisfactionibus
1181 386 1257 442 male
1271 390 1349 459 gesta
1364 388 1567 459 condemnant,
1577 394 1606 445 et
1617 407 1748 448 accusare

59 480 153 534 tidem
172 481 251 534 nulla
271 480 377 534 falsitas
396 482 491 549 violet,
507 482 584 535 nulla
597 480 712 534 heresis
734 479 883 550 inquietet,
935 478 1029 549 magis
1044 495 1073 533 sc
1088 479 1199 551 eligunt
1213 497 1299 551 quam
1315 482 1390 536 tueri
1402 482 1478 552 pacis
1497 488 1526 537 et
1539 484 1749 542 communionis

60 589 119 626 nec
135 574 266 645 cuiquam
282 575 363 629 liceat
375 576 534 630 doctrinam
546 574 739 645 evangelicam
754 572 884 628 deserere
935 579 1041 630 nostre
1059 576 1196 632 unitatem
1217 578 1359 633 lactantur.
1381 581 1421 633 lta
1443 583 1474 633 ut
1488 579 1575 650 digno
1589 581 1667 652 prius
1680 558 1746 636 ana-

60 672 92 721 et
108 667 274 722 sacerdotali
287 667 397 723 bonore
413 670 548 740 gaudere.
568 667 715 739 synodum
729 682 795 722 vero
810 664 882 735 fieri,
933 669 1060 724 themate
1073 687 1138 741 que
1151 676 1250 726 contra
1264 672 1350 726 tidem
1365 673 1532 728 catholicam
1548 678 1615 728 sunt
1636 680 1749 747 recepta
1836 669 1839 674 ’

59 766 94 815 ιιι
111 761 244 816 meminit
253 765 347 817 restra
358 763 508 818 clementia
523 763 609 817 etiam
622 761 676 832 ipsi
692 761 882 832 poposcimus,
934 763 1121 831 damnentur3
1137 765 1221 819 aliter
1234 766 1311 820 enim
1326 766 1355 819 in
1371 767 1490 821 Ecclesia
1502 767 1634 838 licique
1645 784 1748 840 corpus

58 855 225 909 sacerdotes
239 856 449 926 provinciarum
472 856 603 911 omnium
618 854 785 926 congregari
808 871 882 924 prce·
933 863 976 911 est
990 856 1103 926 Christi,
1118 874 1170 913 nec
1185 864 1248 913 rata
1270 864 1337 913 sunt
1359 861 1528 929 sacerdotia,
1551 878 1602 917 nec
1623 878 1688 918 rere
1703 880 1747 918 sa·

58 948 151 1002 sentis
167 950 303 1019 temporis
326 951 479 1005 necessitas
500 941 579 1004 nulla
599 949 710 1004 ratione
730 947 881 1018 permittit,
933 950 1047 1020 arilina,
1066 951 1118 1005 nisi
1134 952 1276 1007 innostre
1289 954 1465 1024 proprietate
1480 957 1590 1008 nature
1604 971 1686 1011 verus
1697 973 1748 1011 nus

60 1042 200 1113 quoniam
215 1043 268 1097 ille
279 1043 433 1115 provincie
447 1043 596 1116 dequibus
610 1043 735 1097 maxime
745 1045 882 1121 suolevo
933 1046 1060 1117 pontifex
1078 1046 1251 1113 reconciliat,
1266 1063 1350 1101 verus
1362 1047 1538 1102 immaculati
1555 1050 1621 1120 agni
1634 1051 1749 1121 sanguis

60 1135 156 1204 candi,
171 1136 348 1207 inquietante
358 1138 442 1206 bello,
453 1138 489 1192 ab
500 1137 625 1192 ecclesiis
635 1137 692 1191 suis
703 1152 750 1191 eos
760 1152 817 1191 non
829 1152 880 1206 pa·
932 1141 1078 1211 eruundat,
1094 1140 1160 1195 licet
1175 1140 1204 1194 in
1219 1139 1308 1195 Patris
1329 1140 1366 1196 sit
1389 1140 1502 1196 dextera
1523 1143 1702 1212 constitutus,
1719 1143 1749 1198 in

59 1228 176 1283 tiuntur
186 1229 347 1286 abscedere.
360 1231 443 1303 Unde
451 1231 627 1303 oportuniori
643 1234 771 1301 tempore
784 1229 881 1300 propi·
931 1235 1029 1290 cadem
1043 1241 1139 1290 emen
1152 1249 1236 1289 carne
1251 1250 1337 1305 quam
1351 1235 1472 1307 sumpsit
1485 1252 1521 1290 ex
1536 1236 1747 1307 Virginesaera·

60 1324 133 1378 tiato
141 1324 681 1381 Dominocumhrmiorfueritrestituta
687 1323 832 1391 securitas,
837 1323 882 1394 ju·
932 1333 1061 1383 mentum
1072 1328 1464 1400 propitiationisexsequitur,
1474 1329 1587 1385 dicente
1595 1329 1746 1400 Apostolo:

58 1416 127 1472 beat
141 1421 233 1472 restra
253 1419 408 1474 clementia
427 1420 575 1474 reservari.
595 1420 632 1474 oe
650 1436 708 1490 qua
725 1435 755 1473 re
770 1417 882 1489 plenius
933 1444 946 1470 u
959 1422 1087 1477 Christus
1098 1422 1179 1477 tusus
1193 1421 1242 1492 qui
1258 1426 1389 1476 mortuus
1404 1426 1455 1490 est,
1467 1423 1527 1479 imo
1542 1423 1591 1494 qui
1611 1429 1638 1478 ct
1651 1440 1747 1478 resur·

59 1510 136 1565 inter
148 1517 252 1566 cetera
270 1512 345 1584 apud
364 1514 500 1584 pietatem
520 1517 642 1568 vestram
657 1515 792 1583 poterunt
811 1511 879 1566 alle·
932 1516 1011 1584 rexit,
1027 1516 1074 1586 qui
1088 1519 1129 1570 est
1144 1516 1172 1570 in
1188 1515 1312 1582 dextera,
1327 1516 1374 1586 qui
1399 1516 1484 1570 etiam
1509 1517 1673 1588 interpellat
1696 1533 1746 1588 pro

59 1620 130 1675 gare
153 1621 224 1677 quos
247 1606 320 1660 misi.
342 1603 415 1661 llata'
431 1623 446 1658 v
468 1606 532 1661 ldus
552 1607 638 1675 lunii,
659 1605 801 1676 adelphio
822 1605 881 1659 viro
931 1609 1012 1663 nobis
1027 1608 1110 1674 (hom.
1129 1625 1187 1676 rur,
1201 1610 1256 1677 34).
1271 1629 1285 1657 »
1300 1609 1398 1680 Neque
1413 1608 1489 1662 enim
1503 1610 1637 1680 potestin
1651 1610 1746 1682 aliquo

58 1697 217 1752 clarissimo
230 1700 355 1769 consule,
371 1715 428 1753 aera
442 1715 499 1771 qua
512 1716 606 1771 supra.
930 1702 1094 1772 benignitas
1107 1708 1205 1757 nostra
1222 1701 1396 1773 reprehendi
1409 1718 1476 1756 eum
1490 1702 1692 1760 satisfacientes
1702 1721 1746 1759 re·

202 1793 284 1846 xilv.
302 1823 336 1832 —
348 1794 394 1847 Ad
407 1794 563 1849 Anatolium
576 1796 737 1864 episcopum.
863 1864 868 1871 1
889 1787 917 1858 B
929 1796 1057 1866 cepimus
1074 1812 1147 1866 quos
1165 1794 1310 1849 doluimus
1328 1811 1389 1849 esse
1412 1795 1557 1867 deceptos.
1578 1798 1633 1852 Nec
1647 1814 1747 1869 aspere

99 1889 124 1939 t.
137 1888 176 1941 De
191 1885 246 1940 fide
261 1887 321 1957 ejus
336 1887 447 1957 scriptis
461 1887 554 1941 missis
566 1887 695 1958 probata.
929 1889 1017 1959 igitur
1035 1888 1247 1944 communionis
1266 1892 1372 1944 nostre
1394 1890 1486 1959 gratia
1503 1890 1673 1960 deneganda
1695 1895 1746 1957 est,

96 1982 123 2034 ι.
139 1981 179 2033 lle
194 1979 238 2033 his
255 1980 303 2051 qui
323 1985 403 2035 metu
423 1981 452 2036 in
472 1981 601 2035 heresim
623 1980 693 2050 tapsi
716 1984 790 2045 sunt,
806 1984 838 2034 ut
857 1979 879 2034 si
929 1999 983 2037 uec
995 1988 1103 2037 temere
1116 1982 1276 2053 largienda,
1289 1983 1357 2053 quia
1370 1982 1442 2037 sieut
1454 1984 1572 2054 plenum
1581 1983 1695 2055 pietatis
1704 1986 1748 2039 est

58 2073 187 2127 conversi
203 2073 312 2127 luerint
324 2074 511 2145 recipiantur.
929 2077 1071 2148 oppressis
1086 2077 1256 2131 charitatem
1280 2076 1458 2131 Dominicam
1479 2076 1632 2144 redhiberi,
1646 2077 1687 2132 ita
1696 2077 1745 2148 ju·

95 2170 123 2222 3.
139 2168 177 2221 lte
199 2168 363 2222 nominibus
378 2168 579 2223 hereticorum
598 2169 633 2223 ad
649 2168 737 2223 altare
758 2183 815 2222 non
835 2183 877 2222 re·
929 2172 1006 2225 stum
1021 2172 1064 2224 est
1076 2170 1173 2224 omnia
1186 2169 1406 2239 perturbationis
1420 2170 1584 2225 auctoribus
1599 2169 1746 2242 imputari.

58 2261 192 2316 citandis.
967 2265 1009 2318 ΙΙΙ.
1019 2265 1058 2318 lle
1067 2262 1234 2317 nominibus
1245 2266 1341 2317 autem
1354 2262 1488 2330 Dioscuri,
1497 2263 1650 2331 luvenalis,
1659 2265 1749 2319 etEu·

94 2357 122 2408 t.
136 2355 176 2410 lle
190 2354 438 2410 commendatione
450 2357 555 2411 tuliani
569 2357 704 2428 episcopi,
719 2358 761 2412 vel
778 2373 879 2412 eorum
929 2357 1004 2412 statii
1014 2356 1050 2411 ad
1066 2373 1178 2411 sacrum
1192 2356 1279 2410 altare
1294 2356 1458 2424 recitandis,
1473 2356 1652 2412 dilectionem
1669 2362 1748 2412 tuam

57 2449 285 2521 clericorumqui
295 2449 426 2505 Flaviano
438 2450 569 2522 episcopo
583 2451 612 2505 in
624 2451 678 2505 fide
688 2450 877 2505 adheserunt.
929 2438 984 2506 hoc
995 2451 1076 2505 decet
1088 2450 1228 2505 custodire
1239 2449 1316 2520 quod
1327 2449 1417 2504 nostri
1430 2449 1538 2505 ibidem
1552 2450 1695 2507 constituti
1708 2451 1748 2507 ta·

94 2544 161 2598 Car.
178 2544 197 2598 l.
213 2544 267 2598 Leo
279 2543 428 2615 episcopus
441 2547 578 2600 hunrocro
592 2545 734 2616 episcopo.
929 2544 1062 2598 ciendum
1076 2559 1136 2598 esse
1152 2543 1295 2609 dixerunt,
1310 2542 1444 2614 quodque
1462 2543 1636 2598 honorande
1648 2548 1746 2600 sancto

94 2637 258 2692 Gaudemus
282 2638 311 2693 in
332 2637 452 2692 Domino
474 2643 502 2693 et
520 2638 550 2693 in
568 2638 642 2693 dono
667 2638 767 2710 gratie
791 2638 879 2708 ipsius
929 2636 1746 2709 Flauianomemoriaenonrepugnet,etagratiatuaChri·

57 2731 228 2802 gloriamur,
249 2732 297 2803 qui
317 2731 389 2786 sicut
407 2731 566 2800 dilectionis
587 2736 644 2786 tue
661 2731 764 2786 littoris
778 2736 807 2786 et
822 2732 877 2786 tra-
929 2732 1027 2787 stianae
1041 2732 1132 2802 plebis
1144 2731 1254 2786 animos
1265 2747 1325 2785 non
1336 2734 1453 2785 avertat.
1470 2731 1540 2786 Nam
1553 2731 1685 2801 iniquum
1699 2731 1744 2785 ui·

57 2828 400 2897 trumnostromm,quos
409 2826 687 2897 Constantinopolim
698 2827 877 2896 miseramus,
929 2827 983 2880 mis
1002 2831 1145 2896 astatque
1168 2826 1360 2896 incongruum
1383 2841 1430 2879 eos
1453 2825 1503 2896 qui
1526 2825 1695 2879 innocentes
1719 2830 1747 2879 et

59 2920 199 2974 relatione
221 2921 416 2992 cognovimus,
431 2937 582 2992 sequacem
599 2920 769 2992 evangelice
783 2920 878 2976 erudi·
928 2920 1080 2975 catholicos
1108 2937 1159 2974 sua
1183 2919 1381 2991 persecutione
1407 2924 1553 2988 vexarunt,
1581 2921 1746 2973 sauctorum

57 3013 145 3068 tionis
159 3013 291 3080 ostendit,
307 3018 338 3069 ut
355 3030 406 3085 per
428 3014 578 3069 sacerdotis
593 3015 770 3085 prohabilem
790 3015 878 3070 tidem
928 3013 1091 3068 nominibus
1110 3014 1172 3068 sine
1186 3013 1358 3068 discretione
1380 3012 1503 3082 misceri,
1526 3012 1745 3068 condemnatam

57 3107 163 3161 mento
178 3122 394 3178 presumamus,
415 3107 493 3179 quod
506 3112 566 3162 tota
579 3109 701 3163 Ecclesia
713 3108 806 3163 eidem
820 3123 878 3164 cre·
928 3107 1104 3177 impietatem
1127 3123 1185 3162 non
1212 3107 1374 3162 deserentes
1399 3106 1455 3179 ipsi
1472 3123 1501 3161 se
1528 3122 1579 3161 sua
1608 3106 1744 3178 pravitate

58 3201 116 3255 dita
126 3204 171 3255 est
186 3216 222 3254 ne
236 3217 336 3272 rugam
349 3202 517 3273 cujusquam
527 3202 562 3256 sit
572 3201 677 3257 erroris
691 3201 823 3257 habitura
832 3203 876 3257 vel
927 3201 1119 3255 condemnant
1129 3218 1201 3272 quos
1211 3201 1344 3255 convenit
1356 3203 1406 3255 aut
1417 3200 1536 3273 percelli
1547 3217 1598 3272 pro
1613 3199 1743 3272 perlldia,

57 3294 212 3362 maculam,
222 3294 332 3350 dicente
341 3296 474 3366 Apostolo
485 3312 492 3350 :
503 3316 516 3342 c
529 3296 671 3367 Despondi
681 3296 757 3351 enim
768 3312 817 3352 ros
827 3296 876 3350 uni
926 3301 975 3348 aut
990 3295 1120 3349 laborare
1135 3310 1187 3365 pro
1200 3294 1294 3349 venia.

55 3388 117 3443 riro
136 3388 279 3459 virginem
301 3391 407 3444 castam
431 3389 565 3445 exhihere
584 3391 694 3446 Christo
712 3390 752 3461 (u
761 3393 821 3449 Gor.
836 3407 875 3458 xi,
962 3386 1744 3458 lV.Fratremveroetcoepiscopumnostrumlulianum

56 3484 111 3551 ¹²l;
132 3503 147 3533 s
168 3481 216 3536 illa
237 3482 314 3537 enim
336 3483 417 3554 virgo
442 3484 573 3553 Ecclesia,
596 3500 702 3555 sponsa
722 3484 805 3539 unius
823 3484 876 3538 viai
926 3482 970 3537 vel
987 3482 1103 3537 clericos
1120 3482 1289 3552 quisanete
1301 3480 1448 3535 memorias
1463 3480 1596 3535 Flaviano
1610 3480 1744 3536 fidelibus
1801 3509 1804 3513 ⁴

54 3575 174 3644 Christi,
191 3592 255 3647 que
269 3577 347 3631 nullo
366 3593 396 3631 se
418 3577 527 3649 patitur
540 3593 636 3632 errore
655 3577 760 3648 uitiari,
774 3578 803 3632 in
820 3594 876 3649 qua
925 3576 1025 3631 olllciis
1036 3575 1228 3643 adheserunt,
1243 3573 1387 3630 dilectioni
1403 3591 1516 3646 quoque
1536 3577 1592 3629 tue
1613 3573 1745 3629 volumus

53 3668 222 3725 societatem
232 3674 287 3723 tuae
296 3669 453 3725 dilectionis
462 3671 671 3742 amplectimur,
688 3675 715 3726 ct
729 3676 876 3742 gestorum
927 3671 1081 3736 adherere,
1094 3674 1127 3724 ut
1136 3686 1222 3741 quem
1236 3668 1303 3724 fidei
1313 3684 1372 3723 sue
1385 3668 1495 3723 meritis
1505 3669 1598 3723 virere
1609 3668 1684 3740 apud
1695 3669 1745 3724 Do

52 3779 119 3835 quae
142 3762 321 3834 sumpsimus
340 3764 444 3819 seriem
465 3764 631 3820 necessariis
645 3765 727 3834 (sicut
740 3765 875 3837 oportuit)
927 3765 1039 3819 minum
1046 3769 1177 3819 nostrum
1191 3762 1321 3818 novimus
1337 3762 1365 3818 in
1380 3767 1408 3818 te
1420 3761 1474 3816 sibi
1489 3779 1555 3817 eum
1570 3766 1742 3833 presentem

52 3858 200 3912 munitam
223 3857 479 3931 subscriptionibus
500 3859 733 3930 approbavimus.
755 3860 791 3915 ut
808 3875 876 3932 ergo
925 3857 1233 3930 agnoscant3illudquo
1242 3856 1427 3912 dilectionem
1435 3859 1512 3910 tuam
1521 3871 1603 3910 nosse
1614 3855 1744 3910 volumus

51 3949 180 4006 invicem
194 3949 355 4007 dilectionis
370 3955 427 4006 tue
447 3951 559 4007 animus
577 3953 680 4008 nostris
693 3954 874 4009 confirmare·
925 3954 1042 4008 tratrem
1051 3957 1079 4007 et
1086 3952 1282 4023 coepiscopum
1291 3953 1419 4005 nostrum
1430 3949 1646 4021 Eusebium,qui
1660 3964 1744 4005 causa

52 4049 102 4100 tur
116 4044 261 4116 alloquiis,
278 4045 351 4100 hlios
364 4051 476 4101 nostros
488 4047 647 4102 casterium
668 4047 874 4120 presbyterum,
926 4046 992 4101 fidei
1001 4047 1091 4101 multa
1099 4044 1264 4100 discrimina
1271 4044 1440 4115 laboresque
1448 4043 1588 4112 tolerarit,
1596 4042 1743 4098 nobiseum

51 4137 212 4194 Patricium
224 4143 253 4193 et
266 4139 460 4211 Asclepiadem
473 4139 620 4207 diaconos,
636 4141 685 4212 qui
701 4142 738 4196 ad
756 4158 808 4197 nos
827 4147 876 4196 tua
925 4140 1041 4196 interim
1055 4139 1200 4194 demorari
1224 4142 1253 4193 et
1274 4138 1303 4192 in
1322 4140 1421 4194 nostra
1441 4153 1518 4192 nune
1539 4136 1744 4193 commuuione

52 4233 162 4304 scripta
171 4232 298 4288 detulere
314 4249 379 4288 cum
389 4233 514 4304 epistolis
525 4234 637 4301 nostris,
648 4238 712 4306 post
725 4235 875 4290 venerabi·
927 4234 1088 4306 persistere,
1101 4234 1145 4305 cuj
1151 4250 1182 4287 us
1194 4232 1343 4288 ecclesiam
1352 4237 1402 4286 tua
1411 4230 1601 4287 sollicitudine
1614 4230 1744 4286 volumus

53 4327 114 4381 lem
124 4326 203 4381 diem
213 4327 276 4382 lasti
287 4328 427 4399 paschalis
438 4327 762 4396 emisimus,indieantes
771 4346 834 4398 nos,
846 4335 876 4385 ιιι
926 4344 987 4383 esse
1000 4328 1157 4397 defensam,
1175 4331 1205 4381 ut
1217 4326 1288 4381 nihil
1304 4326 1408 4381 eodem
1424 4325 1541 4380 absente
1555 4325 1700 4397 depereat,
1714 4328 1743 4380 et

53 4437 142 4492 supra
153 4419 288 4490 diximus,
297 4421 333 4475 de
343 4421 795 4492 Constantinopolitanaeecclesie
805 4439 875 4495 pace
925 4422 1021 4477 nullus
1038 4422 1065 4476 ei
1085 4422 1116 4476 in
1138 4422 1233 4493 aliquo
1255 4420 1444 4493 prejudicare
1465 4423 1630 4490 presumat,
1653 4418 1743 4474 donec

54 4514 195 4586 gaudere,
211 4515 258 4570 cui
274 4516 347 4570 hanc
365 4532 462 4570 curam
488 4533 603 4588 semper
627 4516 830 4588 impendimus,
845 4522 915 4614 utD
925 4532 991 4571 cum
1007 4516 1166 4571 litterarum
1180 4517 1341 4569 nostrarum
1354 4513 1390 4567 ad
1407 4529 1455 4567 ros
1470 4513 1664 4583 prosecutione
1682 4527 1745 4582 per·

52 4624 119 4663 eam
137 4608 217 4663 nulla
230 4609 351 4664 velimus
365 4610 564 4665 hereticorum
580 4610 680 4666 fraude
695 4610 802 4666 violari.
925 4609 1031 4677 ueniat,
1044 4612 1073 4664 et
1087 4613 1117 4664 ut
1130 4608 1223 4679 major
1231 4609 1305 4662 circa
1317 4613 1344 4663 te
1358 4605 1400 4660 rel
1412 4605 1561 4660 nostravel
1571 4605 1744 4660 totiusChri·

90 4703 124 4758 ll.
141 4703 180 4758 lle
194 4702 328 4758 fratribus
343 4720 410 4759 vero
422 4720 493 4775 quos
506 4704 534 4758 in
550 4704 675 4775 epistolis
688 4705 744 4760 tuis
756 4709 784 4760 et
798 4706 873 4778 lega-
925 4703 1024 4758 stiaue.
1042 4702 1133 4774 plebis
1147 4701 1260 4757 allectio
1273 4705 1443 4772 provocetur
1456 4700 1511 4754 hoe
1525 4698 1601 4771 quod
1616 4698 1653 4753 ad
1667 4697 1741 4754 dile·

51 4797 877 4871 torumnostrorumrelationecommunionisnostrecupi-
925 4798 1046 4852 ctionem
1074 4801 1154 4851 tuam
1182 4795 1368 4866 scripsimus,
1400 4794 1430 4848 in
1457 4794 1587 4848 omnium
1612 4794 1744 4849 volumus

53 4890 876 4964 doscsseeognovimus,eoquoddoleantsecoutrapoten-
927 4891 1055 4946 notitiam
1071 4889 1227 4962 pervenire,
1252 4894 1283 4943 ut
1305 4889 1354 4959 qui
1375 4890 1432 4943 Deo
1452 4903 1510 4942 non
1528 4887 1692 4943 deserviunt
1706 4887 1741 4943 de

52 4983 136 5051 tiam,
151 4990 304 5056 contraque
327 4990 449 5040 terrores
472 5003 531 5041 non
547 4986 671 5041 tenuisse
687 4987 876 5042 constantium
926 4986 1093 5040 confirmata
1107 4984 1183 5055 apud
1195 4988 1222 5038 te
1238 4999 1309 5054 pace
1324 4982 1401 5037 Sedis
1422 4981 1583 5053 apostolice
1598 4983 1741 5053 gratulen-

54 5078 85 5133 in
99 5076 196 5132 alieno
211 5080 314 5133 scelere
330 5079 484 5150 prebuisse
503 5096 683 5146 eonsensum,
694 5096 758 5134 cum
774 5079 811 5135 ita
826 5097 876 5136 eos
925 5084 981 5135 tur.
1004 5082 1042 5134 lle
1061 5079 1171 5134 ceteris
1185 5093 1251 5132 vero
1265 5077 1355 5132 causis
1374 5081 1460 5148 atque
1479 5075 1607 5148 personis
1630 5075 1743 5132 dilectio

53 5171 180 5226 termido
196 5171 345 5240 turbasset,
361 5178 391 5227 ut
411 5173 440 5227 in
456 5173 672 5229 damnationem
688 5174 817 5229 catholici
832 5179 873 5229 at·
925 5179 975 5230 tua
996 5173 1098 5228 litteris
1119 5189 1189 5244 quas
1210 5188 1262 5245 per
1285 5174 1396 5227 nostras
1419 5168 1548 5242 accipiet,
1570 5168 1681 5240 plenius
1700 5168 1741 5222 in·

55 5281 111 5337 que
126 5265 287 5321 innocentis
299 5264 443 5332 antistitis,
460 5270 487 5320 et
502 5267 532 5320 in
546 5268 739 5339 receptionem
754 5267 873 5323 detesta·
925 5271 1060 5322 struatur.
1078 5264 1149 5322 Data
1164 5267 1231 5322 ldua
1244 5265 1359 5338 Aprilis,
1376 5281 1432 5320 era
1446 5280 1504 5336 qua
1516 5278 1610 5334 supra.

54 5359 121 5415 bilis
136 5359 283 5431 pravitatis
296 5360 407 5432 trepido
421 5360 627 5416 famularentur
640 5362 786 5433 obsequio.
804 5361 875 5417 lllud
950 5386 1023 5440 xxv·
1037 5410 1071 5426 ,,,
1084 5381 1129 5440 Ad
1139 5385 1318 5439 ,quampiam
1330 5385 1481 5452 episcopum
1494 5376 1715 5445 mmmmm.

54 5453 175 5528 quidcm
189 5453 267 5525 quod
281 5454 470 5525 presentibus
483 5458 512 5509 et
525 5454 674 5526 agentibus
692 5454 794 5509 nostris
806 5471 874 5510 con·
1271 5455 1398 5510 litonum.

53 5545 189 5603 stitutum
204 5551 247 5602 est
256 5547 458 5619 approbamus,
475 5551 506 5603 ut
525 5564 642 5603 suamm
656 5548 771 5603 interim
786 5549 873 5604 ecele-
962 5552 1015 5605 teo
1029 5550 1176 5622 episcopus
1188 5551 1344 5605 Auernosro
1359 5546 1501 5616 episcopo.

53 5643 165 5698 siarum
185 5642 490 5698 essentcommuuione
505 5643 641 5710 contenti,
655 5643 701 5697 sed
715 5658 781 5698 cum
796 5643 873 5715 lega-
961 5643 1142 5717 Diligentiam
1155 5642 1319 5698 necessarie
1333 5636 1628 5707 sollicitudinisquanr
1644 5635 1744 5692 trater-

52 5736 90 5793 tis
105 5733 225 5804 nostris,
237 5751 308 5808 quos
322 5736 463 5807 misimus,
480 5736 649 5808 participata
660 5739 754 5792 tecum
773 5737 873 5793 sollici·
924 5737 998 5792 nitas
1020 5740 1071 5792 tua
1091 5737 1121 5791 in
1144 5734 1302 5808 dirigendis
1323 5730 1358 5787 ad
1379 5746 1432 5787 nos
1447 5729 1548 5785 litteris
1567 5731 1754 5801 exsequitur,

51 5829 158 5893 tudine
171 5829 312 5887 voluimus
324 5829 500 5905 disponatur,
513 5834 655 5906 quaterue
677 5829 707 5887 hi
721 5829 770 5906 qui
782 5829 875 5906 plenis
926 5831 1133 5908 approbamus,
1150 5834 1182 5889 et
1200 5827 1330 5903 acceptis
1339 5841 1394 5900 per
1406 5823 1511 5880 ruam
1521 5819 1779 5879 postremitas-
