3870 6150
609 238 847 304 nucRETiuruu
865 246 1061 306 connectio
1623 250 1677 313 tsi

103 352 230 408 rsolvere
245 352 353 424 (naut.
368 369 396 422 v,
412 353 465 425 til,
485 375 499 403 ιι
522 355 551 408 et
562 351 629 409 ideo
645 354 809 425 Ecclesiam,
821 364 878 441 Aa
892 372 943 411 suu
957 356 1079 415 infantia
1092 365 1158 416 ante
1180 359 1340 433 pubertatis
1360 377 1452 419 annos
1474 359 1624 435 baptizari,
1648 367 1678 419 st

103 461 210 518 ponsus
223 449 266 502 est
279 447 423 519 speciosus
443 447 545 515 forma,
570 447 702 504 castitatis
723 449 812 504 voluit
860 450 998 506 lectorum
1014 451 1099 508 debet
1112 453 1271 511 ministerio
1285 455 1397 525 sociari,
1413 455 1482 528 quia
1504 456 1540 512 ab
1562 471 1676 512 accessu

103 556 147 597 cre
162 540 285 610 radiare,
299 540 371 597 utin
387 541 432 596 die
444 541 554 612 judicii,
574 559 639 599 cum
653 559 750 598 rursus
762 543 811 599 ad·
859 543 1059 601 adolescentia
1072 548 1211 619 usquead
1225 548 1401 605 tricesimum
1416 549 1507 605 aetatis
1521 566 1639 619 annum,
1653 550 1675 604 si

103 674 106 686 .
120 654 135 685 ιι
149 634 210 690 sina
225 636 335 691 macula
349 638 378 690 et
392 652 474 708 ruga,
491 653 553 692 eam
567 637 654 709 possit
667 637 749 709 (sicut
760 653 811 708 per
859 637 1042 710 probabiliter
1049 639 1354 711 vixeritunatantum,
1363 646 1391 699 et
1401 660 1434 699 ea
1441 659 1527 715 quam
1534 643 1675 715 virginem

103 728 163 785 lum
174 728 305 800 instituit)
317 729 443 801 reperire
453 729 531 801 (aps.
546 747 573 800 v,
584 733 639 799 27).
655 751 669 781 ιι
683 730 810 797 Quarum
860 732 1006 788 communi
1037 749 1089 804 per
1115 735 1293 790 sacerdotem
1321 735 1518 792 benedictione
1548 737 1676 810 percepit

103 838 175 879 num
184 822 345 879 sacerdotes
354 827 547 896 omnesatque
560 823 652 879 levita
665 823 809 879 insolubili
859 842 950 882 uxore
965 830 1127 896 contentus,
1142 828 1289 901 acolythus
1303 834 1332 884 et
1344 829 1533 886 subdiaconus
1546 846 1608 886 esse
1623 831 1673 886 de·

103 916 297 988 *astringimur
307 920 340 972 nt
351 934 368 972 a
383 917 430 973 die
443 917 630 973 ordinationis
643 922 749 973 nostrae
761 934 808 974 so·
859 920 946 989 babit,
959 925 1113 995 postquam
1125 922 1161 978 ad
1175 922 1295 978 diaconii
1316 922 1450 995 gradum,
1462 924 1485 978 si
1499 941 1529 980 se
1542 924 1603 997 ipse
1615 925 1672 997 pri·

103 1010 119 1080 i,
132 1027 167 1067 ac
177 1010 322 1084 pudicitia
341 1015 370 1068 et
392 1011 480 1068 corda
501 1016 596 1068 nostra
614 1012 810 1085 mancipemus
858 1014 946 1070 mitns
962 1015 1135 1072 continentia
1148 1021 1294 1089 praeeunte
1308 1016 1426 1089 dignum
1443 1017 1614 1089 probaverit,
1627 1035 1673 1073 ac·

103 1120 166 1174 ora,
181 1105 336 1162 dummodo
349 1121 401 1179 per
415 1106 511 1162 omnia
532 1106 590 1162 Deo
610 1110 708 1162 nostro
723 1106 752 1161 in
767 1105 810 1161 his
859 1108 948 1163 cedat.
980 1107 1033 1165 libi
1067 1109 1090 1165 si
1124 1109 1199 1164 ultra
1227 1109 1352 1182 quinque
1382 1125 1472 1165 annos
1497 1110 1676 1167 laudabiliter

103 1199 196 1256 raude
211 1199 366 1267 offerimus,
380 1199 524 1256 sacrificiis
536 1200 708 1273 placeamus.
730 1221 744 1251 ιι
755 1199 809 1266 Qui
859 1201 961 1257 vixerit
970 1205 999 1259 et
1011 1202 1214 1259 ministraverit
1234 1220 1370 1276 congrue,
1386 1203 1593 1276 presbyterium
1608 1220 1673 1260 con-

113 1291 144 1349 in
167 1308 254 1349 carne
268 1298 344 1363 sunt,
361 1294 472 1349 dicente
496 1294 643 1350 electionis
657 1295 736 1362 Vasa,
752 1295 809 1351 lieo
859 1300 1005 1367 sequatur.
1019 1296 1127 1353 Exinde
1151 1301 1214 1367 post
1229 1296 1400 1353 decennium
1423 1297 1610 1370 episcopalem
1627 1315 1674 1354 ca-

103 1407 108 1440 ι
126 1403 185 1443 non
208 1392 334 1458 possunt,
358 1404 407 1442 vos
431 1391 527 1444 autem
541 1388 604 1461 J'am
621 1405 679 1443 nou
696 1387 763 1443 estis
778 1387 809 1443 in
859 1389 991 1446 thedram
1003 1389 1245 1462 poteritadipisci,
1260 1390 1283 1445 si
1299 1395 1394 1446 tamen
1411 1407 1462 1463 per
1474 1392 1535 1446 haec
1549 1394 1675 1464 tempora

103 1480 146 1537 ved
165 1480 195 1537 in
207 1481 321 1554 spiritu,
340 1481 362 1537 si
387 1486 484 1538 ιιιιιιιι
497 1480 617 1555 Spiritus
631 1481 681 1539 Dei
703 1480 811 1538 habitat
858 1482 1008 1555 integritas
1025 1483 1087 1539 vilre
1101 1500 1133 1543 ac
1145 1483 1211 1540 fidei
1224 1483 1286 1555 ejus
1301 1483 1387 1540 luerit
1400 1484 1566 1557 approbata.

103 1591 114 1631 ι
135 1575 219 1648 (Rom.
243 1591 302 1645 vur,
319 1575 384 1648 sc).
408 1597 422 1626 ιι
447 1577 481 1631 Et
503 1575 552 1631 ubi
572 1577 685 1648 poterit,
704 1576 759 1632 nisi
778 1575 809 1631 in
894 1576 1149 1648 lllQuiverojam
1166 1582 1248 1633 etate
1264 1577 1439 1649 grandevus,
1465 1578 1591 1635 melioris
1613 1595 1676 1651 pro-

103 1667 168 1736 bus,
189 1669 260 1724 sient
274 1669 406 1740 legimus,
421 1669 523 1725 sanctis
543 1669 593 1726 uei
614 1669 735 1743 Spiritus
756 1671 808 1726 hn-
859 1670 943 1742 positi
956 1671 1169 1728 conversatione
1190 1674 1365 1743 provocatus,
1379 1688 1412 1727 ex
1429 1671 1502 1728 laico
1515 1673 1551 1729 ad
1566 1671 1682 1729 sacrsm'

103 1762 148 1819 'lit
164 1762 747 1836 quiaaliquanti,dequibusloquimur,ut
760 1751 990 1824 tuaBmilitiam
1004 1765 1156 1837 pervenire
1179 1764 1303 1834 festinat,
1327 1763 1462 1821 desiderii
1484 1766 1528 1820 sui
1549 1766 1674 1822 fructum

103 1872 126 1912 rs
144 1856 250 1924 retulit,
273 1857 440 1928 ignoranter
453 1873 482 1913 se
494 1858 589 1929 lapsos
610 1874 671 1914 esse
692 1858 808 1926 delient,
859 1874 918 1915 nou
932 1858 1017 1914 aliter
1031 1858 1181 1929 obtinebit,
1196 1859 1249 1914 nisi
1259 1874 1293 1914 eo
1307 1875 1364 1931 quo
1374 1858 1533 1931 baptizatur
1544 1864 1674 1931 temporo

103 1966 115 2007 c
132 1950 295 2007 conditione
315 1951 540 2008 misericordiam
553 1951 676 2008 dicimus
690 1968 747 2008 non
761 1969 809 2008 ne-
859 1951 953 2007 statim
971 1952 1110 2007 lectorum
1123 1955 1173 2008 aut
1188 1952 1392 2008 exorcistarum
1409 1968 1529 2008 numero
1541 1952 1674 2021 societur,

103 2061 126 2118 n,
140 2047 173 2100 nt
185 2045 246 2101 sine
258 2045 316 2100 ullo
330 2045 445 2101 honoris
458 2051 615 2119 augmento
637 2045 667 2101 iu
684 2046 739 2102 hoc
751 2063 808 2120 quo
859 2047 882 2101 si
895 2049 990 2102 tamen
1006 2061 1072 2102 eum
1094 2062 1179 2101 unam
1196 2047 1326 2102 babuisse
1345 2045 1388 2102 vel
1410 2046 1526 2115 babere,
1549 2046 1625 2102 hano
1647 2051 1676 2102 et

120 2142 198 2207 snut,
214 2139 343 2211 qnandiu
359 2139 493 2210 vixerint,
509 2140 605 2196 officio
615 2143 807 2212 perseverent,
859 2139 999 2212 virginem
1011 2139 1152 2211 accepisse
1171 2142 1282 2195 constet
1302 2156 1428 2195 uxorem.
1450 2138 1505 2205 Qui
1526 2139 1595 2195 dum
1618 2140 1674 2195 ini-

103 2248 127 2290 ur
146 2239 210 2306 post
231 2232 292 2288 haec
316 2234 495 2290 continentes
508 2250 537 2289 se
549 2233 712 2290 studuerint
727 2233 808 2290 exhi·
859 2232 1674 2306 tintusluerit,expletobiennio‚perquinquenuiumaliud

103 2325 191 2383 ivero
204 2325 253 2399 qui
262 2325 353 2382 illiciti
366 2326 509 2399 privilegii
522 2326 701 2384 excusatione
715 2327 810 2383 nitun-
859 2328 1006 2401 acolythus
1018 2331 1048 2384 et
1061 2327 1249 2383 subdiaconus
1263 2326 1321 2395 ιιιι,
1337 2331 1367 2383 et
1387 2327 1426 2384 sic
1445 2328 1479 2383 sd
1493 2328 1675 2384 diaconatum

108 2419 162 2477 sibi
176 2423 308 2476 asserunt
319 2421 409 2476 veteri
422 2421 477 2476 boc
488 2420 553 2492 lege
565 2436 744 2491 concessum,
759 2438 811 2478 no·
859 2421 892 2491 (si
906 2438 957 2494 per
968 2422 1029 2478 brec
1041 2421 1208 2494 temporalia
1222 2419 1327 2492 diguus
1338 2420 1481 2492 judicatus
1498 2420 1593 2491 tuerit)
1607 2437 1673 2493 pro-

103 2531 130 2572 se
143 2514 180 2570 ab
195 2514 274 2570 omni
287 2514 473 2571 ecclesiastico
486 2514 606 2585 honore,
619 2531 676 2587 quo
689 2514 809 2587 indigne
859 2516 991 2571 vehatur.
1002 2515 1179 2586 Exindejam
1191 2530 1306 2570 accessu
1316 2519 1477 2588 temporum
1487 2514 1673 2588 presbyterio,

103 2612 135 2675 ιι,
156 2608 406 2681 apostolicaesedis
424 2608 809 2681 auctoritatedejectos,nec
858 2612 901 2666 vel
921 2608 1108 2681 episcopatui,
1133 2608 1155 2663 si
1179 2624 1245 2664 eum
1266 2607 1333 2664 cleri
1347 2624 1379 2664 ac
1398 2608 1490 2681 plebis
1505 2609 1674 2680 evocaverit,

103 2719 210 2776 nposse
219 2702 382 2759 veneranda
392 2704 543 2758 attrectare
555 2703 700 2774 mysteria,
715 2719 732 2758 a
745 2702 808 2775 qui·
860 2703 969 2774 electio,
983 2719 1040 2759 non
1053 2702 1198 2758 immerito
1213 2701 1344 2758 societur.

104 2795 158 2869 ipsi
173 2797 243 2852 dum
259 2796 388 2851 obscenis
401 2795 605 2868 cupiditatibus
616 2796 738 2866 inhiant,
753 2796 811 2868 pri·
895 2797 925 2853 x.
940 2796 1072 2871 Quisquis
1094 2812 1162 2852 sane
1186 2796 1314 2863 clericus,
1329 2795 1524 2865 aut-viduam,
1537 2801 1587 2853 ant
1599 2800 1675 2854 certa

103 2892 140 2958 ut,
161 2893 191 2946 et
209 2890 277 2962 quia
304 2890 438 2961 exempla
459 2889 610 2962 praesentia
634 2905 732 2946 cavere
757 2907 809 2946 nos
859 2891 1014 2948 secundam
1028 2889 1182 2962 conjugem
1201 2890 1323 2958 duxerit,
1339 2889 1418 2946 omni
1431 2889 1676 2947 ecclesiasticaedi·

103 2989 171 3041 nent
191 2985 221 3040 in
244 2984 385 3052 futurum,
400 2985 424 3040 si
437 2983 556 3056 quilibet
567 2983 726 3056 episcopus,
740 3000 808 3057 pre·
860 2984 977 3058 gnitatis
989 2984 1140 3058 privilegio
1159 2999 1225 3039 mox
1245 2982 1380 3052 nudetur,
1396 2983 1468 3041 laica
1491 2984 1544 3040 sibi
1561 2977 1680 3040 tantum

103 3082 185 3152 atque
201 3078 334 3134 decenus
348 3078 434 3150 (quod
449 3095 507 3133 non
520 3079 660 3150 optamus)
674 3077 808 3149 deinceps
858 3078 1060 3134 communione
1084 3094 1222 3146 concessa,
1247 3094 1334 3150 quam
1359 3078 1399 3134 ita
1423 3079 1540 3135 demum
1568 3078 1676 3153 poterit

103 3171 155 3228 slis
166 3172 307 3240 inventus,
327 3172 389 3243 jam
403 3189 479 3227 nunc
492 3171 548 3228 sibi
561 3188 677 3228 omnem
691 3187 743 3244 per
755 3188 807 3228 nos
818 3127 846 3205 C
858 3173 1013 3247 possidere,
1024 3189 1047 3228 sr
1040 3172 1131 3228 'nihil
1145 3175 1245 3245 postea
1257 3172 1461 3281 propterquod
1473 3173 1547 3229 banc
1560 3173 1672 3246 perdat,

103 3265 177 3324 ntia
190 3266 301 3321 aditum
316 3265 460 3338 intelligat
472 3266 632 3322 obseratum
637 3265 807 3338 ,quiaferro
856 3267 998 3323 admittat.

103 3364 156 3418 rest
163 3361 332 3417 excidantur
344 3360 461 3416 vulnera
470 3377 534 3434 qua
543 3360 739 3416 fomentorum
747 3376 807 3416 non
892 3362 934 3419 lll
954 3360 1083 3416 Feminas
1104 3375 1170 3415 vero
1188 3375 1246 3414 non
1265 3359 1335 3414 alias
1351 3376 1411 3416 esse
1434 3359 1584 3432 patimur'
1577 3377 1606 3415 ιιι
1623 3359 1671 3415 do-

103 3457 133 3512 ut
145 3455 329 3511 medicinam
857 3454 953 3511 mibus
977 3454 1156 3523 clericorum,
1181 3452 1236 3507 nisi
1258 3469 1306 3509 aas
1329 3456 1441 3508 tantum
1462 3470 1531 3527 quas
1557 3457 1674 3526 propter

108 3549 263 3606 didicimus
285 3549 372 3605 etiam
394 3548 514 3605 licenter
528 3564 560 3604 ac
575 3546 806 3620 libereinexplo·
857 3549 930 3605 solas
947 3546 1190 3605 necessitudinum
1212 3563 1310 3602 causas
1332 3546 1461 3603 habitare
1484 3563 1551 3606 curn
1573 3547 1673 3603 iisdem

103 3647 140 3700 ta
156 3643 298 3710 homines,
315 3642 418 3715 quibus
432 3642 519 3697 etiam
536 3641 644 3698 ιιιιιιιιι
657 3657 808 3698 numerosa
857 3643 982 3716 synodus
996 3642 1110 3698 Nicaena
1122 3640 1261 3713 permisit.

103 3737 125 3793 is
144 3736 181 3794 nd
204 3737 333 3809 prelatas
357 3735 519 3808 dignitates,
541 3738 629 3808 prout
648 3734 808 3808 cuicunque
893 3737 948 3793 llll.
960 3735 1112 3792 ldonachos
1125 3752 1239 3808 quoquc
1252 3751 1323 3808 quos
1335 3740 1431 3790 umen
1444 3751 1560 3790 morum
1579 3735 1671 3807 gravi-

103 3832 265 3904 taspirare.
280 3830 360 3896 Quod
373 3846 431 3885 nou
446 3831 559 3885 tautum
570 3828 683 3901 illisqui
695 3828 732 3884 ad
748 3828 808 3885 haec
858 3835 909 3901 tas,
924 3834 953 3885 et
973 3828 1036 3885 vitre
1060 3845 1093 3884 ac
1112 3828 1180 3884 fidei
1201 3828 1342 3885 institutio
1363 3834 1459 3883 sancta
1479 3828 1671 3896 commendat,

103 3930 178 3982 erata
189 3925 345 3980 ambitione
358 3923 539 3997 perveniunt,
554 3924 693 3996 quantum
705 3925 808 3980 metro
858 3923 1027 3979 clericorum
1041 3920 1141 3978 officiis
1159 3922 1324 3994 aggregari,
1340 3928 1369 3977 et
1388 3925 1528 3994 optamus,
1548 3926 1577 3978 et
1592 3923 1671 3977 voln-

103 4019 126 4075 ιι
152 4019 310 4092 specialiter
336 4017 517 4090 pontificibus
543 4017 730 4090 imputamus,
758 4017 807 4090 qui
857 4034 931 4088 mus,
945 4017 982 4072 ιιι
996 4020 1027 4073 nt
1039 4016 1088 4090 qui
1102 4017 1177 4072 intra
1190 4015 1368 4072 tricesimum
1379 4032 1486 4071 ιιιιιιιιιι
1500 4016 1592 4071 atatis
1607 4021 1673 4072 sunt

103 4111 198 4170 bibitis
207 4113 322 4169 ausibus
329 4112 491 4182 connivent,
501 4111 552 4168 bei
568 4112 657 4168 nostri
669 4116 807 4183 qnantum
857 4111 938 4184 digni
951 4110 980 4166 in
992 4109 1163 4177 minoribus,
1185 4126 1237 4182 per
1259 4110 1364 4182 gradus
1384 4110 1511 4181 singulos
1528 4116 1671 4166 crescente

103 4211 118 4262 ιι
124 4211 269 4280 praecepta
278 4211 475 4274 contemnunt,
486 4209 524 4276 et,
536 4210 568 4261 ut
576 4210 722 4262 taceamus
730 4205 808 4278 quod
858 4209 989 4278 ternpore
1003 4208 1226 4278 promoveantur
1236 4203 1395 4273 ordinibus,
1411 4206 1439 4259 et
1452 4203 1492 4258 sic
1502 4203 1536 4259 ad
1546 4203 1674 4259 diacona·

103 4301 266 4374 rspicamur,
275 4300 321 4356 nbi
333 4300 403 4356 illud
414 4303 457 4356 est
465 4298 621 4372 quodlleus
628 4302 733 4370 noster,
741 4297 808 4355 data
856 4302 903 4354 tus
917 4300 960 4354 vel
974 4298 1144 4372 presbyterii
1154 4296 1278 4370 insignia
1292 4303 1411 4353 maturae
1425 4298 1516 4354 etatis
1530 4313 1674 4353 consecra·

103 4411 177 4468 vysen
202 4397 276 4467 lege,
295 4395 449 4463 constituit,
469 4393 590 4451 dicens:
614 4392 808 4450 «Sacerdotes
859 4394 935 4449 tione
948 4393 1127 4465 perveniant
1142 4407 1195 4447 nec
1209 4408 1260 4463 per
1272 4392 1358 4447 saltus
1371 4391 1404 4446 ad
1421 4391 1601 4464 episcopatus
1617 4392 1674 4446 cul·

103 4490 147 4547 nel
156 4489 281 4559 nubant
294 4489 411 4546 vetabo
420 4489 503 4544 loco
519 4486 679 4543 «Sacerdos
690 4503 926 4577 uxoremDmen
951 4484 1116 4553 ascendant,
1142 4483 1198 4539 uisi
1222 4484 1252 4539 iu
1274 4483 1319 4538 his
1340 4484 1443 4539 eadem
1465 4500 1530 4554 qnae
1555 4483 1675 4554 singulis

104 4583 272 4655 maccipiat,
285 4600 345 4640 uon
357 4582 484 4652 viduam,
494 4597 547 4639 nec
558 4580 748 4654 repudiatam,
755 4597 808 4637 nec
859 4578 1046 4653 dignitatibus
1070 4577 1202 4650 superius
1219 4577 1406 4649 praefiximus,
1423 4582 1554 4648 tempora
1568 4576 1675 4632 luerint

103 4678 172 4735 icem
185 4677 277 4747 (levit.
292 4694 349 4747 ιιι,
366 4676 447 4748 til.»
441 4676 547 4741 >Quod
568 4679 681 4731 secutus
695 4678 809 4749 Aposto·
858 4673 1004 4730 custodita.

104 4776 283 4844 persecutore
296 4771 476 4844 predicator,
487 4792 500 4819 ιι
510 4769 807 4838 uniusuxorisvirum,
893 4769 960 4824 lllll.
974 4766 1046 4825 lllud
1059 4782 1171 4841 quoque
1186 4782 1238 4820 uos
1250 4781 1305 4838 par
1319 4763 1373 4819 fuit
1384 4763 1544 4837 providere,
1557 4768 1591 4821 ut
1602 4765 1675 4822 sicut

103 4866 239 4922 urdotcm
253 4882 338 4938 quam
354 4864 505 4920 diaconum
526 4862 588 4918 fleri
603 4863 706 4919 debere
725 4880 807 4918 man·
858 4861 1056 4935 poenitentiam
1071 4877 1158 4932 agere
1168 4859 1299 4932 cuiquam
1315 4875 1372 4914 uon
1387 4858 1675 4915 concediturclerico

103 4962 189 5017 llt'm.
204 4976 245 5029 ιιι,
259 4963 286 5026 2,
304 4963 358 5030 lt).
374 4981 388 5007 »
405 4958 473 5023 Quae
494 4956 600 5027 o'rnnia,
621 4957 659 5010 ιιι
672 4973 689 5011 ι
700 4959 807 5013 vestra·
858 4973 935 5026 rum,
949 4955 1031 5012 itaet
1043 4957 1107 5026 post
1119 4952 1337 5026 penitudinem,
1361 4969 1394 5008 ac
1414 4952 1676 5009 reconciliationem

105 5052 223 5126 gionurn
238 5052 435 5126 despiciuntur
446 5050 593 5124 episcopis,
607 5050 687 5122 quasi
699 5049 730 5106 in
740 5066 808 5105 con·
858 5049 931 5105 nulli
944 5063 1072 5122 unquam
1097 5045 1169 5102 laico
1187 5045 1271 5101 liceat
1285 5045 1424 5102 honorem
1445 5045 1593 5102 clericatus
1614 5046 1673 5102 adi·

103 5147 222 5220 imagis
244 5146 350 5202 tuerint
371 5145 533 5201 constituta.
556 5146 591 5199 Et
611 5144 679 5217 qnia
696 5149 810 5200 nonest
859 5141 940 5216 pisci,
950 5140 1016 5214 quia
1029 5139 1159 5213 quamvis
1173 5138 1229 5195 sint
1242 5138 1372 5195 omnium
1386 5145 1566 5212 peccatorum
1580 5142 1676 5195 conla-

103 5240 265 5314 bujusmodi
288 5238 521 5311 usurpationibus
542 5237 759 5311 negligendum,
773 5253 809 5293 ne
861 5237 945 5310 gione
967 5234 1109 5303 mundati,
1133 5233 1211 5289 nulla
1230 5238 1328 5289 ιιιιιιιι
1355 5234 1462 5290 debent
1483 5232 1674 5306 gerendorum

103 5333 242 5408 dignantis
266 5333 377 5390 Domini
405 5350 458 5388 vox
478 5333 556 5405 justa
579 5331 725 5404 corripiat,
745 5347 810 5405 quae
860 5332 1104 5386 sacramentorum
1127 5328 1319 5384 instrumenta
1340 5329 1483 5401 suscipere
1502 5323 1676 5398 quidudum

103 5427 220 5486 lidebas
232 5428 338 5498 iurem,
353 5431 382 5483 et
396 5426 528 5482 currebas
541 5442 606 5481 cum
621 5442 667 5494 eo,
677 5429 707 5481 et
719 5440 808 5497 poue·
860 5424 966 5480 suerint
980 5439 1048 5478 vasa
1059 5422 1204 5478 vitiorum.

103 5537 134 5579 m
154 5538 221 5578 curn
236 5522 373 5578 adulteris
394 5520 555 5594 portionem
569 5519 652 5591 (Psot.
665 5535 738 5588 xcix,
756 5520 809 5592 l8),
896 5518 961 5574 lllV.
977 5519 1010 5573 Et
1022 5517 1090 5589 quia
1101 5517 1131 5572 in
1145 5517 1189 5572 his
1203 5515 1335 5571 omnibus
1354 5531 1418 5587 quaa
1430 5514 1460 5568 in
1475 5509 1674 5583 reprehensio·

103 5615 262 5673 anniversls
274 5620 337 5688 post
349 5615 411 5670 haec
424 5613 552 5670 Ecclesiis
566 5611 742 5685 sequendum
763 5612 809 5683 sit,
862 5629 927 5668 neni
942 5611 1071 5679 veniunt,
1096 5611 1153 5666 sola
1176 5608 1322 5667 excusatio
1343 5604 1530 5680 ignorationis
1548 5603 1675 5659 obtendi·

104 5708 238 5767 itandum
268 5709 395 5782 generali
423 5705 657 5781 pronuntiatione
686 5706 812 5762 decerni·
860 5711 918 5776 ιιι,
933 5705 976 5761 cui
990 5705 1172 5761 nosinterim
1196 5704 1281 5760 solius
1299 5700 1412 5776 pietatis
1433 5698 1538 5754 intuitu
1561 5712 1678 5753 necesse

103 5803 251 5885 utcunque
263 5804 358 5885 itaque
378 5821 408 5860 se
424 5802 553 5865 Ecclesiae
567 5800 645 5868 vovit
658 5800 811 5883 obsequiis,
863 5801 904 5862 est
918 5799 1073 5861 clementer
1090 5799 1249 5875 ignoscere.
1261 5793 1430 5871 Quicunque
1441 5805 1512 5868 crgo
1526 5789 1682 5880 penitens,
