3870 6150
609 261 845 318 DECRETALIUM
863 262 1059 318 uotlllcho.
1612 270 1664 324 230

110 384 127 420 ι
143 388 160 416 «
173 368 286 437 Vetera,
308 367 489 439 dilectissimi,
507 369 679 426 transierimt
690 373 719 426 et
731 386 797 426 ecce
806 384 836 458 Α
847 370 915 425 deos
924 369 1057 426 discernit
1069 370 1178 440 (Psolm.
1192 386 1283 440 num,
1294 374 1330 442 ll.
1340 394 1354 423 n
1366 372 1418 429 llei
1427 388 1497 446 ergo
1507 373 1664 430 ordinatio·

103 462 223 517 otnova.
234 462 339 517 Omnia
352 465 448 518 autem
459 479 492 519 er
506 463 561 519 Deo
571 463 795 536 quireconcilia-
847 479 913 519 nem
930 465 1051 530 accusat,
1067 464 1116 534 qui
1130 464 1277 538 episcopos
1297 470 1409 522 accusat
1427 467 1471 523 vel
1491 467 1663 523 condemnat

103 553 151 611 lbi
164 571 216 626 per
225 555 379 625 Christum,
390 562 418 613 et
426 557 507 613 dedit
516 557 597 612 uobis
606 558 796 615 ministerium
846 556 915 612 dum
925 557 1023 612 minus
1036 556 1193 628 spiritualia
1204 574 1289 629 quam
1302 563 1414 615 terrena
1425 565 1559 617 sectatur.
1572 561 1663 617 Causa

103 647 373 721 iationis,quoniam
379 650 496 723 quidem
502 652 575 707 Deus
583 652 796 708 cratinChristo
847 649 924 704 euim
939 649 1005 706 tidci
1016 654 1044 706 et
1053 650 1212 707 dilectionis
1225 651 1329 723 quibus
1340 653 1417 708 solus
1426 652 1585 710 Christiana
1598 670 1664 710 con·

103 743 323 799 ureconcilians
342 744 405 816 sibi,
426 762 485 802 uon
507 749 643 818 reputans
657 746 712 801 illis
723 745 794 802 deli·
846 743 927 812 sistit,
950 744 1041 799 multa
1061 760 1108 800 me
1136 743 1326 801 sollicitudine
1352 746 1480 802 laborare
1505 747 1662 819 compellit,

107 837 252 909 ipsorum,
268 843 296 894 et
308 839 403 911 posuit
419 839 449 895 in
465 839 547 896 nobis
564 841 683 896 verbum
697 856 802 896 recou-v
846 842 1022 894 metuentem
1031 854 1067 894 ue
1077 838 1201 911 pravitas
1209 839 1378 910 quaeinsuis
1385 839 1480 895 fuerat
1488 841 1663 912 amputanda

104 928 145 998 is,
169 948 222 1002 pro
245 932 357 988 Christo
384 949 453 1004 ergo
478 934 623 1006 legatione
648 933 797 1006 fungimur
845 931 1142 1005 principiis,processu
1152 933 1299 1004 temporis,
1310 935 1339 989 et
1347 933 1580 1005 pertinaciorliat
1588 936 1663 990 etal-

103 1020 191 1076 olleo
205 1021 371 1077 exhortante
386 1039 439 1095 per
449 1039 512 1078 nos.
528 1023 725 1091 Obsecramus,
740 1040 794 1096 pro
846 1024 911 1081 tior.
928 1025 1160 1082 Namiuimicum
1168 1026 1255 1082 nimis
1265 1031 1404 1099 astatque
1415 1027 1605 1100 incongruum
1615 1045 1663 1085 eos

103 1114 323 1171 reconciliamini
333 1116 397 1172 lieo.
407 1117 794 1189 Eumquiuonnoveratpec-
846 1119 894 1190 qui
908 1119 1057 1192 episcopos
1068 1121 1112 1176 rel
1125 1120 1249 1193 reliquos
1263 1137 1343 1177 veros
1357 1120 1519 1177 sacerdotes
1532 1137 1585 1177 sua
1598 1138 1662 1194 per·

103 1223 151 1280 pro
164 1208 247 1264 uobis
259 1213 408 1280 peccatum
421 1209 496 1281 lecit,
510 1215 542 1266 ut
556 1211 796 1268 nosclficeremur
846 1213 992 1270 secutione
1020 1217 1145 1281 vexant,
1175 1214 1380 1271 catholicorum
1407 1214 1571 1272 nominibus
1603 1215 1663 1273 sine

103 1300 152 1357 oei
165 1301 279 1374 inipso.
296 1302 470 1374 adjuvantes
484 1309 581 1360 autem
597 1305 794 1376 exhortamur,
846 1307 1017 1364 discretione
1029 1308 1154 1378 misceri,
1164 1309 1301 1380 cumjam
1313 1313 1409 1364 namur
1418 1307 1596 1381 impietatem
1605 1325 1664 1366 nou

103 1410 187 1451 cuum
197 1396 319 1466 gratiam
332 1397 534 1469 Deirecipiatis
554 1398 797 1456 Aiteuimr'lem-
845 1400 1019 1472 deserentes,
1036 1401 1090 1474 ipsi
1113 1419 1164 1458 sua
1183 1403 1324 1473 pravitate
1338 1401 1575 1471 condemnantur,
1591 1420 1664 1476 quos

103 1492 179 1561 septo
192 1489 322 1545 exaudivi
336 1494 374 1559 te,
388 1495 417 1546 et
430 1492 460 1547 in
473 1492 520 1547 die
533 1492 632 1548 salutis
647 1493 743 1564 adjuvi
756 1498 795 1550 te.
845 1496 978 1551 convenit
988 1496 1104 1568 percelli
1113 1513 1165 1569 pro
1176 1496 1308 1569 pertidia,
1317 1495 1490 1553 autliberari
1499 1513 1551 1568 pro
1570 1497 1662 1567 venio,

103 1598 137 1639 oc
148 1584 264 1655 tempus
276 1584 459 1655 acceptabile,
473 1602 537 1641 ecce
550 1603 627 1642 nunc
646 1587 706 1643 dies
717 1589 794 1644 salu·
844 1589 911 1662 quia
929 1590 1003 1646 sicut
1018 1591 1135 1662 plenum
1153 1591 1267 1663 pietatis
1281 1595 1323 1647 εει
1342 1590 1484 1663 oppressis
1496 1589 1663 1648 charitatem

103 1676 154 1733 lini
169 1677 268 1733 danos
282 1679 372 1734 ullam
388 1679 588 1748 ollensiouem,
603 1685 707 1737 utnon
720 1682 794 1738 vitu·
844 1683 1023 1739 Dominicarn
1035 1683 1128 1752 reddi,
1142 1685 1182 1740 ita
1188 1685 1301 1756 justum
1314 1687 1358 1740 est
1369 1684 1464 1742 omnia
1472 1683 1663 1756 perturbantis

103 1771 297 1827 ministerium
310 1776 449 1843 nostrum,
463 1774 556 1829 sedin
570 1775 702 1831 omnihus
715 1777 794 1832 erhi-
805 1765 834 1838 B
844 1778 1040 1834 auctoritatem
1054 1778 1206 1850 amputari.
1222 1778 1315 1846 lliror,
1326 1777 1492 1848 charissimi,
1507 1794 1595 1850 quare
1603 1781 1662 1833 tam

103 1866 302 1938 nosmetipsos,
310 1867 736 1935 sicutileiministros,inmulta
743 1886 793 1942 pa·
845 1871 901 1927 cito
913 1871 1078 1941 movemini,
1093 1878 1179 1945 atque
1200 1888 1217 1927 a
1239 1877 1331 1927 vestro
1345 1887 1429 1927 sensu
1448 1871 1661 1939 transferimini,

104 1958 387 2030 intrihulationibus,
409 1961 439 2016 iu
459 1961 682 2034 necessitatibus,
696 1963 727 2019 iu
742 1980 794 2020 an·
845 1980 912 2020 cum
934 1964 1073 2037 scriptum
1094 1964 1148 2021 sit:
1165 1985 1179 2015 «
1192 1966 1259 2020 l’ost
1270 1963 1512 2036 concupiscentias
1523 1967 1587 2020 tuas
1604 1979 1660 2020 non

103 2051 133 2109 ἰιι
146 2052 249 2125 plagis,
268 2054 298 2108 in
313 2055 481 2124 carceribus,
502 2057 532 2111 iu
552 2056 750 2130 seditionibus,
764 2058 795 2114 iu
845 2075 903 2128 eas,
919 2062 950 2113 et
964 2058 1137 2114 avoluntate
1159 2060 1208 2112 tua
1231 2060 1368 2112 avortere.
1385 2056 1415 2112 Si
1429 2059 1544 2128 prestes
1557 2057 1661 2113 animae

103 2162 135 2217 ιε,
158 2145 323 2218 invigiliis,
349 2149 378 2203 in
397 2149 526 2221 jejuniis,
550 2150 580 2205 iu
601 2151 739 2222 castitate,
763 2153 795 2207 iu
845 2155 902 2208 tuae
914 2151 1156 2224 concupiscentias
1168 2151 1240 2223 ejus,
1254 2150 1558 2223 lacietteiugaudium
1567 2150 1661 2207 iuimi-

103 2239 152 2300 ,ιιι
171 2241 387 2311 longanimitate
409 2246 438 2298 et
465 2244 613 2316 suavitate,
636 2245 667 2300 iu
689 2245 795 2318 Spiritu
846 2246 885 2301 cis
900 2246 966 2301 tuis.
979 2246 1019 2301 Ne
1030 2245 1180 2301 oblecteris
1188 2245 1218 2300 in
1228 2244 1329 2314 turbis,
1338 2260 1392 2300 nec
1401 2244 1432 2299 in
1441 2243 1568 2300 modicis.
1577 2244 1663 2301 Adest

105 2333 140 2391 in
156 2334 295 2391 charitate
306 2351 364 2391 non
376 2337 454 2407 ficta,
470 2337 500 2392 in
515 2337 600 2394 verbo
613 2339 749 2409 veritatis,
764 2340 795 2395 in
845 2339 923 2396 enim
934 2339 1097 2395 commissio
1110 2339 1237 2396 illorum.
1251 2337 1388 2394 Netucris
1397 2336 1547 2394 mediocris
1557 2337 1587 2394 in
1596 2354 1664 2394 con·

103 2427 157 2500 dei,
171 2445 224 2500 per
237 2430 442 2502 armajustitiae
452 2431 581 2488 adextris
592 2436 621 2487 et
633 2450 650 2487 a
663 2433 793 2504 sinistris,
845 2433 972 2490 tentione
993 2450 1028 2490 ex
1049 2434 1160 2504 tenore,
1174 2437 1203 2488 et
1214 2448 1272 2488 non
1286 2431 1392 2487 esttibi
1413 2430 1486 2487 nihil
1499 2431 1530 2486 iu
1545 2433 1661 2488 saeculo.

103 2521 483 2597 iametiguobilitatem,per
492 2525 641 2582 infamiam
651 2526 795 2583 ethonam
845 2529 907 2584 Eris
916 2527 993 2582 enirn
1006 2526 1118 2582 invidus
1129 2529 1186 2582 tuae
1199 2526 1272 2581 ritae.
1297 2522 1447 2597 Operarius
1464 2524 1592 2581 ebriosus
1605 2541 1664 2581 non

109 2620 144 2672 ut
156 2615 319 2673 seductores
333 2611 365 2673 ct'
374 2634 497 2689 veraces,
511 2621 585 2676 sicut
598 2621 648 2695 qui
662 2621 753 2693 ignoti
767 2625 797 2677 et
844 2619 1071 2692 locupletabitur,
1087 2619 1173 2692 etqui
1189 2617 1299 2692 speruit
1312 2617 1424 2674 modica
1435 2617 1572 2689 paulatim
1584 2617 1660 2674 deci-

106 2710 192 2782 qrrasi
200 2712 367 2783 morientes,
377 2718 406 2768 et
414 2729 478 2770 ecce
487 2713 616 2783 vivimus,
624 2720 658 2771 ut
666 2715 795 2789 castigati
847 2714 904 2784 det,
930 2716 959 2769 ει
981 2713 1117 2769 mulieres
1135 2715 1296 2785 apostatare
1323 2711 1432 2767 iaciunt
1456 2711 1609 2783 sapientes,
1634 2716 1664 2768 et

103 2803 657 2880 ortificati,quasitristes,semperautem
672 2809 796 2881 gaudeo·
845 2811 973 2881 arguunt
986 2813 1124 2878 sensatos,
1147 2812 1176 2864 et
1195 2807 1245 2880 qui
1264 2821 1294 2862 εε
1310 2804 1409 2878 jungit
1425 2804 1585 2861 fornicariis
1609 2805 1664 2862 erit

103 2902 253 2969 legentes,
269 2899 374 2955 multos
389 2903 486 2956 autern
501 2901 715 2973 locupletantes,
729 2906 794 2958 tan·
847 2918 988 2975 nequam;
1003 2902 1123 2973 putredo
1137 2904 1167 2957 et
1178 2899 1283 2957 vermis
1295 2897 1508 2956 hereditabunt
1523 2898 1616 2968 illum,
1635 2903 1665 2955 et

103 2989 796 3066 hilhabentesetonruiapossidentes.Oenostrum
847 2997 998 3052 extolletur
1006 2995 1036 3051 in
1046 2995 1211 3067 exemplum
1222 2993 1326 3066 majus,
1337 2993 1490 3050 attolletur
1498 2992 1534 3050 de
1542 3008 1663 3050 numero

115 3100 179 3154 roa,
195 3085 362 3156 charissimi,
374 3104 424 3143 cor·
436 3092 565 3144 nostrum
578 3089 730 3145 dilatatum
743 3094 796 3146 est.
848 3090 946 3145 anima
959 3089 1031 3162 eius.
1047 3088 1101 3154 Qui
1113 3088 1205 3144 credit
1216 3088 1272 3144 cito
1285 3087 1353 3145 levis
1365 3086 1450 3144 corde
1463 3090 1516 3156 est,
1531 3086 1662 3145 cimino·

103 3178 261 3250 rustiamini
284 3181 314 3235 iu
338 3182 511 3250 camahbus,
525 3183 729 3254 angustiamini
750 3140 835 3240 ctu-C
847 3184 968 3252 rabitur,
986 3189 1015 3239 et
1028 3183 1078 3255 qui
1094 3182 1234 3255 delinquit
1248 3182 1278 3238 in
1296 3181 1423 3238 animam
1445 3197 1525 3237 suam
1546 3181 1665 3255 insuper

103 3271 291 3344 pirihralibus.
305 3275 549 3333 Eamdemautem
558 3277 798 3335 hahentesremu·
846 3278 1009 3335 habebitur.
1033 3275 1087 3342 Qui
1110 3277 1216 3349 gaudet
1238 3276 1386 3350 iniquitate
1408 3272 1607 3346 denotabitur;
1636 3281 1666 3333 et

103 3368 462 3438 tamtauquamliliisdico
471 3370 734 3429 dilataminietros.
746 3374 798 3428 No
847 3373 897 3445 qui
920 3372 981 3430 odit
999 3371 1209 3443 correptionem
1229 3371 1375 3427 minuetur
1396 3369 1460 3426 vita.
1477 3370 1512 3425 Et
1534 3369 1584 3442 qui
1605 3370 1665 3426 odil

103 3458 259 3517 tmducere
269 3478 335 3518 cum
344 3463 517 3521 infidelibus.
531 3465 599 3530 Quae
608 3470 705 3522 autem
712 3466 797 3538 parti·
846 3466 1057 3538 loquacitatem,
1072 3464 1226 3538 exstinguit
1242 3463 1596 3536 malitiam.0uipeccatin
1606 3463 1665 3520 aui·

104 3552 212 3611 mooe
225 3570 292 3611 cum
301 3555 460 3629 iniquitate,
473 3561 523 3615 eut
534 3575 599 3631 qum
613 3559 797 3617 societasluci
847 3576 926 3616 ruam
940 3577 1020 3617 suam
1033 3558 1192 3632 poenitebit,
1209 3562 1239 3614 el
1256 3559 1304 3631 qni
1316 3557 1492 3630 iucundatur
1510 3557 1540 3613 iu
1556 3558 1664 3616 malitia

103 3647 179 3704 uus?
188 3647 257 3713 Qure
266 3653 364 3706 autem
372 3653 521 3709 conventio
531 3653 635 3710 Christi
644 3654 680 3709 ad
691 3653 797 3709 Belial?
848 3653 1037 3711 denotabitur.
1047 3655 1088 3710 Ne
1100 3653 1186 3710 iteres
1198 3652 1317 3708 verbum
1330 3667 1456 3722 nequam
1469 3655 1498 3707 et
1510 3650 1624 3724 durum,
1636 3656 1665 3708 ει

103 3756 207 3815 epars
224 3741 303 3799 tidcli
322 3761 387 3801 cum
407 3745 527 3814 infideli,
542 3747 605 3819 quis
618 3750 714 3803 autem
728 3763 796 3803 con-
846 3765 906 3805 non
928 3747 1126 3805 minoraberis.
1147 3745 1245 3802 amico
1264 3748 1293 3801 et
1312 3743 1430 3800 inimico
1451 3744 1509 3800 noli
1531 3752 1664 3802 enarrate

103 3836 200 3918 mplo
218 3837 269 3893 Ilei
282 3854 348 3894 cum
360 3838 462 3896 idolis?
477 3842 532 3897 Vos
544 3841 622 3897 cuim
644 3840 711 3897 estis
724 3845 796 3898 tern-
848 3857 964 3901 sensum
977 3846 1070 3909 tuum,
1086 3839 1150 3895 etsi
1164 3839 1268 3895 esttibi
1280 3838 1424 3906 delictum,
1435 3838 1495 3894 noli
1508 3838 1663 3894 denudare.

103 3928 273 4001 trimanus
280 3932 350 3988 dicit
359 3933 650 4001 [lominusouoniam
660 3935 798 3992 inhabita·
847 3936 950 3993 Audiet
962 3934 1040 3993 enim
1055 3938 1094 4003 te,
1109 3937 1139 3990 et
1152 3931 1295 3989 custodiet
1307 3935 1345 4000 tc,
1364 3934 1402 4001 et,
1412 3931 1492 4004 quasi
1508 3931 1665 3989 detondens

103 4022 140 4095 is,
149 4024 381 4098 etinamhulabo,
392 4034 422 4083 et
431 4045 479 4084 ero
488 4029 599 4085 illorum
610 4030 693 4100 Deus,
705 4034 734 4085 et
743 4029 798 4102 ipsi
847 4033 1007 4103 peccatum,
1021 4028 1102 4085 odiet
1108 4031 1145 4099 te,
1157 4032 1187 4084 ot
1195 4026 1234 4083 sic
1242 4024 1401 4082 adherebit
1410 4024 1463 4081 tibi
1473 4041 1596 4099 semper.
1605 4029 1664 4083 du·

103 4117 153 4175 tihi
167 4121 298 4192 populus,
312 4125 430 4194 propter
452 4123 531 4195 quod
553 4123 626 4179 crite
647 4123 798 4180 demedio
848 4125 914 4181 disti
923 4122 1042 4179 verbum
1051 4118 1665 4193 adversuspronimum'?commoriaturiute

106 4216 137 4269 ct
148 4215 317 4285 separamini
330 4217 366 4271 de
380 4216 477 4272 medio
491 4233 602 4288 eorum,
624 4217 692 4274 dicit
701 4216 797 4273 llomi·
848 4219 939 4275 tideus
947 4217 1085 4291 quoniam
1094 4232 1149 4272 uon
1159 4214 1365 4287 tedisrumpet,
1374 4230 1391 4269 a
1400 4214 1473 4269 lucie
1482 4214 1562 4271 verbi
1571 4219 1666 4287 partu·

103 4307 272 4363 mmundum
283 4325 318 4364 ue
326 4310 485 4383 tetigeritis,
492 4315 522 4367 et
531 4328 584 4384 ego
593 4311 797 4383 recipiamvos,
848 4313 886 4369 rit
898 4313 1005 4381 fatuus,
1018 4315 1157 4383 tauquam
1170 4308 1296 4382 gemitus
1308 4311 1404 4380 partus
1415 4307 1544 4363 infantis.
1561 4308 1667 4382 Sagitta

103 4400 163 4456 obis
175 4402 205 4456 iu
216 4407 337 4474 patrem,
351 4409 380 4459 et
397 4421 447 4460 vos
461 4406 539 4462 eritis
554 4405 626 4462 mihi
641 4406 671 4460 in
686 4405 758 4461 tilios
771 4407 800 4461 ει
848 4406 934 4463 inflra
946 4405 1051 4461 femori
1060 4404 1164 4472 caruis,
1175 4402 1215 4458 sic
1225 4402 1344 4458 verbum
1358 4400 1388 4456 in
1402 4401 1489 4458 corde
1497 4402 1585 4458 stulti.
1596 4404 1665 4460 Gor·

103 4494 147 4551 icit
159 4496 300 4552 Dominus
321 4499 457 4570 optimus.
478 4501 532 4555 Has
555 4500 644 4572 igitur
664 4499 911 4589 habentesDripe
924 4500 1057 4569 amicum,
1074 4515 1111 4553 ne
1132 4498 1207 4553 lorte
1227 4512 1292 4551 cum
1308 4494 1552 4567 feceritiujuriam
1567 4499 1667 4554 etnon

103 4588 193 4659 iones,
216 4591 386 4661 charissimi,
409 4593 583 4650 mundemus
597 4611 650 4651 nos
664 4594 699 4650 ab
719 4594 800 4650 omni
849 4593 1031 4662 intellexerit,
1047 4592 1120 4647 dicat
1129 4608 1137 4646 ε
1146 4592 1206 4646 Νοιι
1218 4589 1282 4657 leci,
1294 4593 1344 4645 aut
1357 4588 1379 4643 si
1395 4587 1503 4657 lecerit,
1515 4605 1552 4645 ne
1560 4589 1665 4647 iterum

103 4688 200 4738 mento
212 4685 304 4739 caruis
318 4688 347 4740 ct
357 4686 483 4758 spiritns,
498 4687 678 4760 perficientes
697 4688 799 4744 sancti·
850 4690 937 4746 addat
945 4689 1050 4744 lacere.
1062 4685 1179 4757 Corripe
1187 4683 1352 4756 proximum
1361 4698 1398 4736 ne
1407 4682 1482 4737 forte
1488 4698 1546 4739 uon
1554 4683 1665 4757 dixerit,

103 4792 147 4832 em
158 4777 190 4831 in
204 4777 307 4833 timore
321 4779 372 4834 Dei
386 4780 424 4850 (ll
435 4780 494 4837 Gor.
510 4797 538 4849 v,
557 4785 652 4849 l7·‘.ll;
668 4799 707 4851 vr,
720 4784 782 4838 l-ta
790 4799 799 4853 ;
851 4783 916 4840 etsi
929 4781 1040 4851 dixerit,
1054 4796 1091 4835 ue
1113 4779 1185 4834 forte
1209 4777 1303 4833 iteret.
1317 4770 1432 4848 corripe
1443 4775 1577 4846 amicum,
1591 4795 1667 4851 saepe

109 4892 125 4919 ιι
139 4871 274 4926 Ειιοιειιι
287 4876 413 4928 vestmm
427 4875 573 4948 corrigite,
593 4875 707 4943 tratres,
723 4878 753 4931 et
765 4875 800 4931 ab
852 4877 931 4933 enim
944 4876 978 4931 lit
991 4872 1161 4941 commissio,
1182 4875 1212 4927 et
1228 4887 1287 4927 uon
1307 4869 1387 4925 omni
1399 4869 1484 4927 verbo
1497 4871 1603 4928 credas.
1620 4874 1668 4929 Est

103 4964 180 5021 roris
187 4967 297 5021 macula
304 4969 549 5040 voscustodite,ut
557 4985 662 5041 purum
674 4970 729 5025 [leo
740 4986 802 5025 mu·
852 4972 904 5045 qui
917 4970 1022 5026 labitur
1038 4968 1070 5023 in
1088 4966 1189 5038 lingua
1204 4981 1264 5034 sua,
1283 4963 1408 5020 sednon
1425 4979 1457 5020 ca
1474 4964 1580 5021 auimo.
1599 4966 1668 5032 Quis

103 5074 155 5115 erre
168 5059 297 5115 valeatis.
311 5061 411 5117 Servos
424 5063 476 5118 Dei
485 5063 571 5118 nolite
584 5063 726 5137 persequi.
738 5064 803 5135 Epi·
853 5068 897 5123 est
906 5063 984 5120 enim
995 5062 1045 5136 qui
1056 5078 1115 5118 non
1130 5057 1282 5132 deliquerit
1303 5057 1335 5113 in
1356 5057 1457 5131 lingua
1469 5060 1539 5116 sual
1552 5060 1668 5133 Corripe

103 5153 182 5209 solite
191 5153 332 5211 infamare
344 5172 436 5229 neque
446 5173 586 5227 accusare,
595 5158 662 5230 quia
671 5158 744 5213 [leus
754 5174 802 5215 eos
852 5150 1668 5234 proximumantequamcommiueris,etdalocumtimori

103 5247 154 5303 lcio
166 5248 256 5303 rolrut
273 5251 424 5306 reservari.
438 5251 518 5315 Quod
535 5252 611 5308 enim
625 5269 683 5307 non
697 5252 732 5307 ab
746 5252 801 5308 hu·
852 5251 998 5323 altissimi,
1007 5251 1076 5324 quia
1085 5249 1179 5307 omnis
1188 5247 1326 5321 sapientia
1338 5252 1367 5302 ct
1379 5247 1497 5302 scientia
1510 5247 1597 5303 timor
1607 5247 1665 5316 Ilei,

103 5345 152 5398 rur
164 5359 259 5414 pravae
274 5344 338 5401 vitae
352 5345 516 5400 hominibus
528 5362 576 5401 eos
589 5346 804 5419 depravari,aut
853 5350 884 5405 et
894 5347 925 5403 iu
937 5345 987 5402 illa
996 5349 1040 5401 est
1048 5344 1151 5401 timere
1161 5343 1263 5409 Deum,
1274 5340 1339 5396 etin
1348 5340 1669 5412 omnisapientiadispo-

103 5435 215 5506 ivoluit,
227 5436 287 5509 ipse
297 5438 377 5494 dedit
386 5440 559 5511 exemplum,
571 5440 685 5512 quando
695 5456 749 5513 per
758 5456 801 5499 sc·
854 5440 919 5498 sitio
931 5438 1014 5512 legis.
1035 5439 1096 5495 Non
1108 5440 1152 5495 εει
1163 5432 1302 5509 sapientia
1316 5449 1411 5507 neque
1426 5433 1551 5503 scientia,
1568 5438 1597 5488 et
1612 5448 1669 5488 non

103 5534 193 5586 cnon
205 5532 365 5603 paralium,
380 5534 561 5604 negotiantes
576 5533 659 5606 ejecit
673 5535 801 5591 sacerdo·
855 5538 899 5592 est
933 5533 1073 5607 cogitatus
1100 5533 1212 5600 bonus,
1242 5529 1302 5585 *nisi
1333 5529 1363 5584 in
1397 5527 1456 5582 illa.
1486 5527 1670 5582 peccalorum

103 5626 208 5698 amplo,
232 5630 262 5682 et
282 5643 395 5684 mensas
417 5627 677 5685 nummulariorum
689 5627 804 5702 proprio
854 5627 1008 5702 prudentia
1020 5629 1064 5684 εει
1074 5625 1248 5698 nequitia,et
1256 5623 1286 5679 in
1295 5622 1357 5695 ipsa
1366 5618 1567 5687 exsecratio,et
1575 5624 1616 5677 cst
1625 5619 1669 5676 iu·

103 5718 223 5792 hgello,
238 5723 269 5776 et
277 5721 362 5791 eiecit
370 5722 405 5778 de
413 5723 532 5796 templo,
545 5726 574 5779 et
584 5724 658 5779 sicut
666 5722 735 5779 alibi
744 5723 803 5780 aitz
856 5723 971 5796 sipiens,
986 5721 1037 5796 qni
1051 5717 1231 5776 imminuitur
1250 5713 1399 5789 sapientia.
1419 5711 1517 5770 Melior
1529 5712 1671 5772 esthemo

103 5813 179 5873 ιιειιι
191 5814 222 5873 in
243 5830 392 5890 magara
408 5818 540 5889 deorum,
555 5818 586 5876 in
598 5817 694 5877 medio
707 5821 805 5877 ιιιειιι
856 5816 907 5896 qui
928 5815 1027 5878 deddc
1046 5813 1197 5894 epate,
1218 5815 1250 5872 et
1266 5807 1406 5871 datdeus
1424 5806 1699 5870 mannam
