3870 6150
122 281 189 335 lue

491 380 569 444 Vlll.

130 505 245 570 Versus
260 503 300 568 de
311 503 403 568 Bello
418 503 480 585 (lo)
496 502 647 584 quassit
660 510 734 565 octa
748 502 935 567 Fontoneto.

148 616 285 689 phebeus,
300 619 475 673 Usssmtctioo
488 616 579 689 sorjlo
593 616 705 672 boteille
716 616 749 671 de
763 613 919 684 Foritenay.l

470 744 601 784 uonirnn.

159 823 228 879 God.
246 824 314 895 [leg.
331 824 400 878 4458
419 838 534 878 carmen
548 820 664 877 exhibet
678 821 714 875 de
728 819 825 892 praelio
839 820 940 874 rorice

122 895 203 949 niaco
218 895 270 949 sub
283 894 400 949 nomine
415 893 584 1018 angelberti
595 891 756 962 cujusdam,
770 891 820 964 qui
834 894 867 945 nt
876 906 940 947 ocu·
1053 938 1056 943 .

61 964 68 979 ‘
121 966 195 1020 latus
209 965 288 1021 testis
307 966 444 1038 loquitur.
486 963 594 1019 ersibus
607 963 757 1018 trochaicis
777 966 897 1029 constat,
912 965 940 1016 et

122 1041 225 1108 puncta
236 1037 368 1109 quaedam
381 1035 481 1107 primis
495 1035 623 1089 versibus
636 1033 855 1106 superimposita
870 1049 937 1088 can—

122 1108 210 1164 ticum
226 1108 371 1180 quoddam
385 1106 458 1161 notis
472 1105 637 1160 distinctum
652 1105 779 1160 indicant
793 1106 835 1160 val
850 1104 934 1159 oden.

123 1181 241 1235 Carmen
256 1179 357 1233 damus
373 1183 404 1233 ut
417 1176 522 1248 legitur
534 1177 564 1230 in
579 1176 775 1248 manuscripto
787 1176 881 1231 codice
890 1175 939 1247 qui

123 1251 225 1305 saeculo
241 1250 353 1305 circiter
366 1248 478 1304 decimo
488 1247 601 1303 videtur
612 1247 806 1303 ascribendus.
817 1248 857 1301 lle
869 1262 940 1318 prae-

123 1321 162 1376 lio
177 1321 212 1375 ad
226 1321 429 1376 Fonteniacum
444 1319 508 1373 vide
526 1318 716 1375 narrationem
729 1317 871 1385 Nithardi,
885 1319 939 1370 Pa·

126 1391 254 1464 trologiae
267 1396 343 1447 tomo
361 1391 447 1447 CllVl.

300 1506 412 1558 Aurora
425 1518 490 1558 cum
505 1503 600 1573 primo
612 1519 699 1557 manc

266 1598 378 1652 Tetram
391 1599 504 1651 noctem
518 1595 656 1664 dividens,

267 1689 423 1745 Sabbatum
435 1706 493 1744 non
507 1689 576 1745 illud
590 1690 654 1756 fuit,

267 1783 321 1839 Sed
336 1783 449 1838 Saturni
463 1782 572 1839 dolium
587 1801 593 1837 :

268 1878 305 1932 Ue
320 1877 446 1933 fraterna
460 1881 545 1948 rupta
559 1893 638 1949 pace.

266 1972 376 2027 Gaudet
389 1965 504 2026 daemon
524 1971 640 2042 impius.

305 2066 379 2120 Bella
392 2065 520 2121 clamant
531 2065 598 2119 hinc
612 2068 640 2119 et
652 2062 731 2132 iude,

267 2161 365 2230 Pugna
379 2159 473 2230 graus
485 2158 594 2213 oritur:

269 2254 366 2308 Frater
378 2252 459 2307 tratri
472 2257 596 2308 mortem
611 2256 699 2322 parat,

268 2347 371 2418 Nepoti
386 2348 550 2413 avunculus,

268 2439 354 2495 Filius
367 2456 417 2495 nec
431 2440 504 2512 patri
518 2455 568 2495 suo

271 2534 391 2590 Exhibet
401 2533 479 2606 quod
492 2534 607 2589 meruit.

305 2628 402 2684 Caedes
417 2628 497 2684 nulla
509 2627 592 2699 peJ'or
607 2625 661 2681 luit

268 2725 374 2793 Campo
389 2737 440 2777 nec
455 2721 484 2775 in
497 2721 606 2789 Martio,

270 2816 352 2869 Facta
364 2816 408 2868 est
420 2815 465 2868 lex
477 2813 704 2871 Christianorum

269 2908 414 2977 Sanguine
427 2891 575 2976 pioluvi...

270 3001 348 3056 Unde
361 3016 465 3055 manus
475 2998 652 3056 infernorum

269 3093 380 3150 Gaudet
391 3093 457 3166 gula
469 3093 594 3149 Cerberi.

305 3190 425 3245 Dextera
439 3189 600 3260 praepotens
612 3189 661 3243 Uei

271 3282 395 3340 Protexit
406 3282 583 3338 Hlotharinm
596 3301 602 3347 3

271 3378 363 3433 Victor
374 3376 421 3433 ille
433 3392 522 3431 manu
535 3393 584 3431 sua

270 3470 467 3544 Pugnavitque
477 3470 590 3526 fortiter
599 3489 607 3539 ;

269 3565 379 3635 Gaeteri,
394 3564 418 3619 si
431 3564 470 3620 sic
482 3570 669 3636 pugnassent,

270 3662 331 3716 llox
344 3660 418 3715 foret
430 3658 590 3715 concordia.

307 3755 375 3810 Ecce
390 3753 459 3807 olim
470 3753 546 3809 velut
559 3754 572 3808 J
576 3754 643 3809 udas

272 3845 446 3905 Salvatorem¹
461 3844 588 3914 tradidit,

270 3943 315 4000 Sic
329 3947 369 4010 te,
384 3957 445 4009 rex,
459 3940 558 4013 tuique
574 3940 660 3996 duces

272 4036 461 4093 Tradiderunt
476 4033 588 4107 gladio,

270 4133 335 4187 Esto
350 4134 449 4186 cautus
461 4145 499 4184 ne
511 4128 653 4184 frauderis

272 4232 368 4297 Agnus
381 4225 449 4294 lupo
463 4222 581 4294 prsevio.

307 4319 465 4372 Fontaneto
476 4314 574 4372 font...
592 4317 646 4387 ill)
663 4317 771 4384 dicunt,

272 4411 369 4468 Villam
383 4426 497 4483 quoque
511 4409 618 4478 rustici,

265 4510 294 4564 ln
309 4522 365 4578 qua
377 4508 487 4578 strages
501 4513 529 4560 et
541 4504 630 4560 ruinae

732 272 897 330 aPPuNblx
919 272 963 329 sb
982 271 1145 328 SAECULUN
1166 269 1207 324 ix.

1129 379 1301 433 Francorum
1317 375 1353 432 de
1366 376 1504 448 sanguine
1520 394 1526 431 :

1132 473 1253 527 Horrent
1265 471 1370 542 campi,
1387 471 1506 526 horrent
1520 471 1608 537 silvie,

1132 566 1255 620 llorrent
1267 565 1321 636 ipsi
1336 564 1464 637 paludes.

1166 661 1288 714 Gramen
1303 658 1372 714 iUud
1384 675 1431 713 ros
1441 663 1470 715 et
1480 658 1572 713 imber

1132 755 1186 808 Nec
1198 753 1345 808 humeclet
1353 752 1459 823 pluvia,

1133 848 1162 901 ln
1177 864 1234 919 quo
1249 847 1336 901 fortes
1348 845 1513 901 ceciderunt

1132 940 1231 995 Praelio
1243 939 1395 995 doctissimi
1407 958 1414 1007 3

1132 1034 1270 1104 Plangent
1282 1034 1342 1089 iUos
1355 1034 1403 1105 qui
1420 1034 1534 1087 fuerunt

1132 1127 1182 1182 lllo
1194 1143 1263 1183 casu
1275 1127 1391 1182 mortui.

1166 1222 1222 1275 lloc
1235 1224 1331 1276 autem
1341 1220 1433 1276 scelus
1444 1224 1593 1291 peractum

1133 1314 1213 1378 Quod
1227 1314 1362 1385 descripsi
1374 1313 1523 1384 rhytmice,

1132 1408 1320 1481 angelbertus
1333 1423 1386 1480 ego
1401 1407 1470 1476 vidi,

1133 1503 1322 1573 Pugnansque
1335 1517 1401 1556 cum
1414 1501 1476 1555 aliis

949 393 977 465 Α

1134 1594 1216 1650 Solus
1231 1594 1266 1651 de
1279 1595 1375 1651 multis
1390 1611 1506 1649 romans

1134 1689 1230 1744 Prima
1244 1689 1329 1745 tontis
1340 1689 1410 1745 acie.

1171 1785 1230 1838 lma
1242 1783 1322 1838 vallis
1335 1784 1494 1854 retrospexi

1133 1877 1331 1949 verticemque
1344 1877 1442 1948 jugeri
1560 1871 1562 1873 ’

1135 1971 1186 2026 Ubi
1203 1987 1268 2026 suos
1281 1970 1412 2026 inimicos

1136 2064 1190 2119 Rex
1200 2064 1280 2119 fortis
1291 2064 1456 2139 Hlotharius

1135 2158 1321 2230 Expugnabat
1336 2157 1477 2229 fugientes

1136 2253 1228 2323 Usque
1242 2253 1338 2307 forum
1351 2251 1443 2305 rivuli.

1172 2346 1267 2400 llaroli
1283 2346 1317 2401 de
1327 2349 1409 2417 parte
1424 2360 1489 2399 vero

1136 2439 1282 2495 Uindovici
1297 2439 1404 2511 pariter

1134 2531 1324 2589 Albescebant
1336 2532 1430 2601 campi
1445 2533 1536 2584 vestes

1136 2627 1308 2682 Morinorum
1320 2625 1419 2689 lineas,

1136 2720 1218 2777 Velut
1229 2721 1323 2776 solent
1334 2720 1364 2774 in
1376 2723 1514 2774 autumno

1136 2814 1285 2870 albescere
1299 2813 1408 2868 avibus.

1171 2908 1265 2964 Laude
1280 2923 1378 2979 pugna
1390 2923 1446 2961 non
1461 2907 1504 2959 est
1517 2904 1616 2975 digna,

1136 3003 1191 3058 Nec
1201 3007 1320 3057 canatur
1333 3001 1446 3056 melodo
1461 3019 1468 3054 ε

1137 3095 1247 3165 Oriens,
1258 3094 1436 3162 Nasidienus,

1138 3189 1274 3245 Occidens
1285 3189 1326 3244 vol
1336 3187 1436 3261 Aquilo

1136 3283 1277 3354 Plangent
1288 3281 1350 3339 illos
1365 3280 1414 3353 qui
1430 3281 1546 3336 luerunt

1137 3375 1195 3432 lllic
1207 3393 1273 3431 casu
1287 3375 1404 3431 mortui.

1172 3469 1316 3525 Maledicta
1331 3468 1390 3525 dies
1405 3469 1462 3537 illa,

1136 3565 1192 3619 Nec
1204 3564 1233 3618 in
1245 3563 1314 3618 anni
1327 3563 1439 3618 circulis

1137 3659 1317 3726 Numeretur‚
1335 3658 1381 3712 sed
1397 3657 1511 3712 radatur

1136 3751 1177 3806 Ab
1192 3751 1270 3807 omni
1291 3751 1451 3820 memoria3

1136 3845 1223 3901 iubar
1235 3845 1301 3901 solis
1312 3845 1353 3901 illi
1362 3845 1444 3913 desit,

1137 3941 1247 3994 Aurora
1258 3938 1434 4011 crepusculo.

1171 4033 1349 4105 Noxqueilla
1361 4048 1419 4088 nox
1433 4046 1528 4087 amara

1136 4128 1252 4201 Noxque
1266 4128 1338 4183 dura
1353 4127 1484 4194 nimium,

1137 4224 1167 4276 ln
1183 4238 1240 4294 qua
1250 4222 1337 4277 fortes
1351 4220 1514 4278 ceciderunt

1136 4316 1236 4372 Praelio
1248 4315 1413 4383 doctissimi,

1137 4410 1228 4480 Pater,
1241 4414 1344 4478 mater,
1358 4423 1449 4479 soror,
1463 4409 1561 4476 irater,

1135 4504 1211 4568 Quos
1219 4504 1304 4560 amici
1315 4503 1461 4559 fleverant.

946 4592 985 4657 IX

170 4705 305 4756 ’amornec
322 4713 378 4758 seu
398 4693 582 4775 libytbmcs
606 4692 807 4772 Teutonicus,
824 4694 999 4769 Ludooico,
1016 4692 1113 4756 solii
1122 4693 1202 4773 filio,
1225 4693 1438 4769 acclamatus,
1455 4711 1529 4757 cum
1550 4690 1779 4758 It'ortmannos

456 4791 543 4836 anno
558 4778 617 4838 883
632 4774 770 4852 vicisset,
786 4794 861 4838 cum
875 4774 1021 4837 versione
1036 4774 1156 4838 Latina
1167 4773 1304 4838 loannis
1320 4773 1484 4839 Sobilteri.

594 4871 686 4946 [Apud
704 4875 806 4930 llabill.
822 4875 926 4930 lisseol.
941 4876 1010 4932 tom.
1025 4875 1070 4944 lll,
1084 4876 1220 4947 append,
1235 4892 1263 4947 p.
1279 4875 1353 4944 oth]

305 4964 392 5017 Eiriea
407 4963 509 5031 bonine
524 4965 590 5018 aneia
599 4964 651 5025 iet,

269 5058 373 5112 licisset
386 5057 449 5111 beer
461 5057 583 5128 Ludwig,

271 5156 322 5208 Uer
334 5165 413 5220 pene
426 5149 489 5205 Gott
497 5149 595 5215 discet,

272 5246 341 5302 Weil
354 5261 383 5301 er
395 5244 464 5300 ibor
478 5244 576 5300 lobnct.

300 5340 374 5396 Kind
387 5343 458 5394 wart
471 5354 499 5393 cr
512 5341 649 5404 vacceos,

270 5435 427 5504 beffwcrtb
437 5434 509 5489 ibme
520 5433 581 5490 sehr
594 5435 661 5491 boss.

268 5529 439 5585 Hotodo'non
452 5529 576 5584 Trubtin.

267 5625 426 5692 Mopocaoqo
439 5624 527 5678 worth
542 5624 589 5680 ber
602 5627 654 5680 sin.

162 5768 216 5908 iiii
231 5765 442 5905 illiciighujus
454 5837 632 5901 evanuerunt
645 5832 752 5889 ultime
767 5833 881 5902 littere,
896 5832 946 5903 sed

1171 4967 1279 5038 Regem
1293 4965 1367 5031 nori,

1137 5061 1254 5115 Vocatur
1273 5058 1406 5114 dominus
1419 5057 1587 5125 Ludovicus,

1135 5154 1186 5218 Qui
1200 5154 1301 5209 lubens
1316 5154 1372 5207 Deo
1388 5155 1484 5222 servit,

1134 5247 1244 5319 Quippe
1258 5248 1387 5320 quicum
1400 5245 1526 5319 praemiis
1540 5246 1639 5301 allicit.

1168 5341 1338 5397 Minorennis
1352 5341 1509 5397 orbabatur
1523 5345 1616 5412 patre,

1135 5438 1165 5493 ld
1179 5436 1256 5509 quod
1267 5436 1322 5507 ipsi
1336 5441 1395 5492 erat
1408 5436 1488 5491 valde
1501 5436 1628 5491 noxiam.

1134 5530 1264 5603 Suscepit
1274 5531 1368 5602 ipsum
1376 5530 1525 5599 Dominus,

1133 5627 1237 5679 Ductor
1254 5624 1340 5680 llebat
1353 5625 1450 5697 ipsius.

952 4977 983 5050 D

958 5834 1112 5907 legendum
1128 5834 1189 5890 sine
1203 5833 1289 5891 dubio
1302 5838 1414 5904 fontem.
