3870 6150
67 200 127 255 ιιι
672 172 910 260 arenarium
928 202 1120 261 mimano.
1706 210 1758 265 rra

64 307 306 365 communionem
327 308 504 379 desiderare,
534 315 592 366 tam
617 313 781 368 nostrorum
802 330 888 386 quam
898 311 1082 397 Amsistera,
1102 328 1140 368 ne
1159 328 1194 368 ea
1217 328 1283 386 qtae
1296 314 1332 370 ad
1354 314 1518 371 sacerdotes
1534 314 1690 388 pertinent,
1705 314 1759 371 sibi

65 402 168 458 fratris
180 406 209 459 et
222 403 384 476 coepiscopi
401 404 459 460 mei
474 404 610 474 Anatolii,
633 405 678 461 cui
691 405 888 464 testimonium
938 405 1063 462 audeant
1082 406 1235 462 vindicare.
1255 406 1336 463 Unde
1354 408 1497 464 miramur
1516 409 1636 464 fratrem
1654 408 1756 465 Thala

65 498 144 553 terre
156 497 329 569 dignamini,
344 498 481 555 relatione
495 499 691 571 cognorimus,
704 516 828 574 qrtomm
843 502 889 558 de·
937 499 1012 555 sium
1033 499 1197 572 episcopum
1217 501 1293 573 quod
1306 501 1441 574 Georgio,
1455 501 1550 558 nescio
1568 502 1624 572 cui,
1646 512 1756 575 pressu·

66 590 184 647 sideriis
195 592 235 647 sic
249 591 412 664 praebemus
425 592 569 662 ellectum,
585 597 618 649 ut
636 595 770 650 correctis
783 598 812 651 at
824 612 889 666 qua
938 593 1191 664 mendoillicita,et
1200 595 1376 666 propositum
1385 595 1526 666 monachi,
1536 597 1758 653 etnomenami·

66 685 144 741 male
155 688 225 741 sunt
236 685 311 740 lacta
325 686 443 758 propria
457 686 666 759 subscriptione
684 688 888 745 damnantibus
937 688 982 755 sit,
992 687 1132 744 scribendi
1148 688 1190 742 val
1208 688 1383 759 praedicandi
1399 690 1524 762 aliquam
1534 691 1698 762 permiserit
1713 693 1756 748 ta·

67 779 242 851 participata
260 782 424 835 nostrorum
443 796 513 854 qtros
527 781 659 837 misimus
673 798 742 838 cura
755 800 821 839 curn
839 800 887 840 su·
937 782 1083 837 cultatem.
1100 781 1143 837 Ad
1155 798 1243 854 quem
1257 783 1436 855 episcopum,
1456 783 1480 838 si
1495 783 1639 840 dilectioni
1651 785 1756 841 tueari-

67 873 199 945 pradicto
213 872 347 946 episcopo
358 874 436 946 pacis
446 875 539 946 gratia
552 875 704 945 tribuatur,
719 876 787 949 quia
799 876 886 933 devo·
937 891 1000 930 sum
1010 875 1107 943 luerit,
1122 890 1156 931 er
1170 876 1225 931 hac
1242 879 1322 947 parte
1335 878 1529 948 competentia
1541 878 1646 950 scripta
1658 879 1754 934 mitta·

66 968 156 1023 ιιοιιιι
182 971 335 1040 utrumque
358 971 400 1024 est
419 968 596 1039 Christianae,
621 974 651 1025 ιιι
674 975 703 1026 et
728 971 887 1043 pertinaces
937 985 1010 1023 mus.
1025 971 1097 1040 Agat
1109 969 1204 1042 itaque
1215 969 1379 1025 fraternitas
1391 975 1439 1026 tua
1453 972 1622 1043 opportunis
1633 988 1754 1045 sugges·

66 1062 408 1133 veritasjustacoerceat,
422 1067 451 1118 et
465 1064 753 1122 conversoscharitas
769 1083 828 1121 non
841 1082 886 1120 re·
936 1063 1071 1132 tionibus,
1089 1068 1120 1119 ut
1140 1063 1379 1119 clementissimus
1400 1064 1535 1137 princeps
1553 1082 1617 1138 qum
1636 1067 1756 1123 Domino

67 1155 166 1227 pellat.
183 1154 258 1221 Quia
268 1172 335 1212 vero
349 1156 481 1212 novimus
496 1161 636 1229 quantum
647 1158 703 1231 pice
717 1159 885 1216 sollicitudi-
936 1157 993 1211 siut
1011 1156 1149 1229 placitura
1164 1157 1319 1228 praecipiat,
1343 1162 1372 1213 et
1391 1157 1555 1214 incentores
1568 1164 1754 1216 cruentarum

66 1250 111 1305 nis
119 1249 269 1306 catholicis
278 1250 473 1307 sacerdotibus
485 1253 677 1308 mansuetudo
686 1256 778 1309 vestra
787 1253 888 1327 digne-
936 1250 1109 1306 seditionum
1119 1251 1220 1323 jubeat
1233 1251 1442 1324 competentius
1454 1252 1591 1322 coerceri,
1602 1256 1636 1308 ut
1649 1269 1702 1309 nec
1715 1253 1756 1309 illi
1850 1320 1855 1325 Ι

64 1348 114 1400 tur
127 1343 508 1416 impendere,indicandum
522 1362 583 1402 esse
596 1347 758 1403 curarimus
768 1348 887 1405 fratrem
936 1344 1073 1416 impuniti
1087 1344 1152 1414 sint,
1169 1361 1293 1417 quorum
1307 1361 1409 1400 manus
1424 1347 1531 1402 scelera
1543 1351 1754 1418 perpetrarunt,
1792 1340 1795 1346 ⁴

65 1441 94 1494 et
111 1438 315 1510 coepiscopum
337 1443 478 1495 mostrum
502 1440 655 1496 Eusebium
672 1442 820 1498 nobiscum
835 1443 885 1499 de·
936 1455 989 1494 neo
1004 1438 1043 1493 illi
1056 1438 1107 1510 qui
1116 1438 1219 1494 talium
1229 1443 1349 1495 utuntur
1358 1439 1478 1495 insania.
1493 1439 1520 1496 Si
1531 1444 1630 1495 autern
1640 1440 1757 1513 inquisi-

66 1549 146 1604 gere,
166 1535 195 1587 et
208 1536 313 1587 nostra
321 1533 535 1589 communionis
548 1551 607 1590 esse
619 1540 790 1605 consortem,
806 1536 887 1609 cujus
936 1533 975 1587 tio
990 1532 1151 1603 judiciaria,
1169 1536 1198 1587 et
1209 1534 1348 1589 confessio
1365 1550 1483 1589 reorum
1501 1534 1539 1589 ad
1558 1550 1607 1590 eas
1623 1550 1760 1606 personas

64 1626 309 1682 commendamus
322 1626 481 1696 ecclesiam,
497 1644 585 1699 quam
597 1629 702 1684 dicitur
711 1634 823 1687 vastare
836 1630 886 1704 qui
936 1626 1073 1698 pervenit,
1085 1643 1209 1698 quarum
1219 1627 1262 1683 vel
1275 1627 1402 1696 consilio,
1414 1628 1458 1682 vel
1468 1627 1594 1699 impulsu
1603 1628 1678 1684 mala
1692 1631 1754 1684 tan·

66 1720 107 1776 illi
130 1719 238 1791 injuste
260 1720 395 1776 asseritur
416 1721 595 1793 subrogatus.
614 1723 684 1779 illud
698 1724 784 1779 etiam
805 1699 1156 1782 atuasstumcommissa
1164 1720 1462 1789 sunt,nulliusfavoris
1470 1721 1510 1777 eis
1518 1722 1680 1794 praestanda
1689 1726 1757 1777 sunt

66 1814 176 1884 pietate
198 1817 356 1885 poscentes,
378 1815 457 1886 quod
475 1831 524 1870 ros
542 1820 696 1887 spontaneo
714 1817 808 1873 facere
825 1835 884 1874 non
935 1814 1042 1870 solatia.
1051 1815 1196 1880 Quantum
1206 1815 1285 1871 enirn
1295 1815 1417 1871 meliora
1425 1815 1460 1870 de
1474 1815 1541 1887 ipsis
1554 1819 1621 1871 sunt
1631 1816 1752 1878 credita.

65 1907 235 1962 dubitamus
250 1907 376 1975 arbitrio,
393 1913 423 1964 ιιι
437 1914 496 1964 tam
511 1910 628 1965 fratrem
642 1913 672 1966 et
686 1912 885 1984 coepiscopum
937 1911 1047 1963 tantum
1061 1913 1128 1965 sunt
1141 1909 1264 1981 amplius
1278 1909 1448 1978 detestandi,
1465 1924 1589 1981 quorum
1600 1925 1678 1965 nuuc
1697 1909 1754 1964 im-

67 2016 164 2056 meum
185 2000 339 2065 lulianum,
362 2018 450 2074 quam
465 2003 795 2076 Constantinopolitanos
806 2006 886 2062 cleri·
935 2002 1025 2075 pietas
1035 2018 1100 2074 quae
1111 2019 1162 2074 per
1169 2002 1342 2076 hypocrisim
1349 2003 1543 2059 iueratvelata
1553 2002 1706 2075 detegitur.
1720 2004 1754 2059 Et

66 2111 124 2163 cos,
140 2094 192 2167 qni
207 2099 314 2150 sancta
330 2096 478 2152 memoria
495 2097 626 2154 Flaviano
639 2097 771 2155 fidelibus
784 2098 886 2156 officiis
936 2096 1000 2152 ideo
1020 2099 1087 2168 agat
1106 2096 1363 2153 christianissimus
1379 2102 1408 2153 at
1423 2096 1570 2169 piissimus
1582 2097 1752 2169 imperator,

64 2188 224 2257 adhaesere,
240 2206 275 2243 ea
293 2206 351 2261 qua
363 2189 474 2245 debetis
490 2190 582 2263 gratia
593 2192 719 2248 faveatis.
737 2194 777 2248 lle
791 2194 884 2249 omni-
935 2190 1012 2262 quod
1025 2190 1087 2262 paci
1100 2191 1295 2246 ecclesiasticae
1308 2189 1443 2262 intelligit
1457 2191 1650 2264 profuturum.
1664 2192 1755 2256 ouem

66 2283 119 2337 hus
155 2299 224 2337 vero
253 2282 389 2355 pietatem
422 2287 547 2340 vestram
577 2302 629 2357 per
659 2292 784 2356 nostros,
816 2287 884 2359 quid
936 2300 1059 2357 superna
1075 2284 1263 2357 inspiratione
1282 2286 1322 2341 ita
1334 2285 1535 2341 instruendum
1548 2301 1618 2352 esse,
1632 2285 1756 2353 confide,

65 2376 127 2431 lieri
143 2382 195 2432 aut
216 2376 353 2432 declinari
371 2377 498 2446 deberet,
521 2378 716 2436 instmximus.
736 2382 806 2437 Data
821 2383 886 2438 idus
936 2382 967 2433 ιιι
988 2382 1017 2433 et
1040 2378 1188 2450 disciplina
1209 2379 1351 2451 inquietos
1371 2395 1514 2449 revocare,
1535 2385 1595 2435 eta
1614 2380 1756 2452 sanguine

65 2470 188 2542 Aprilis,
218 2470 357 2543 adelphio
385 2470 445 2526 viro
477 2472 633 2528 clarissimo
662 2474 793 2542 consule,
828 2492 887 2531 tera
937 2488 1039 2528 eorum
1051 2472 1154 2544 jubeat
1170 2473 1320 2543 abstineri,
1332 2472 1462 2546 quamvis
1477 2474 1517 2528 nil
1535 2473 1677 2529 ultionum
1698 2489 1755 2528 non

65 2580 264 2621 mammam.
937 2572 1101 2622 mereantur
1111 2566 1218 2637 subire,
1234 2566 1284 2639 qui
1296 2567 1356 2623 ausi
1367 2570 1434 2622 sunt
1448 2569 1478 2622 et
1492 2566 1594 2622 divinis
1610 2571 1639 2622 et
1651 2567 1755 2622 hmna·

117 2658 255 2714 xxxviii.
269 2687 303 2701 -
318 2659 364 2715 rid
375 2660 519 2715 lullonum
530 2663 685 2732 episcopum
700 2665 833 2721 Conona.
938 2659 981 2715 nis
996 2660 1245 2716 constitutionibus
1258 2676 1429 2733 repugnare.

99 2753 157 2808 Leo
170 2752 286 2808 Jouuao
299 2751 433 2825 episcopo
446 2754 555 2809 coensi.
1096 2754 1205 2810 lllllilll.
1226 2786 1260 2795 -
1282 2755 1327 2811 Aa
1339 2755 1507 2811 Eadoclrtom
1522 2756 1593 2826 Aoo.

100 2846 224 2901 Litteras
245 2845 405 2903 dilectionis
428 2852 485 2903 tuae
509 2865 578 2921 quas
598 2865 650 2921 per
673 2849 776 2906 Filium
790 2867 885 2907 meum
971 2850 1025 2905 luo
1060 2849 1209 2905 Eunomia
1241 2850 1377 2921 Augustae
1404 2848 1440 2903 de
1468 2847 1626 2904 Palaestinis
1660 2863 1758 2903 mona·

64 2941 161 2995 rtrum
193 2940 333 2996 illustrem
366 2940 479 2997 isicium
510 2942 656 3013 direxisti,
691 2961 724 3000 eo
755 2949 886 3018 tempore
936 2944 1008 2998 chis.

61 3034 173 3107 accepi,
195 3050 253 3106 quo
273 3034 479 3090 recentioribus
499 3036 627 3108 epistolis
639 3037 696 3095 tuis
711 3038 810 3094 iterata
822 3039 886 3110 jam
973 3038 1085 3103 Quanta
1095 3037 1168 3091 mihi
1179 3036 1327 3093 catholicae
1340 3053 1408 3092 cura
1424 3036 1460 3093 sit
1473 3036 1549 3105 ildei,
1561 3041 1591 3092 et
1604 3052 1662 3108 qua
1675 3036 1754 3091 solli·

61 3127 214 3183 occasione
227 3129 441 3200 responderam.
454 3129 535 3185 Unde
549 3129 717 3202 quinetiam
736 3131 766 3186 in
782 3132 827 3187 his
842 3133 884 3187 al·
936 3130 1072 3196 citudine,
1088 3130 1118 3184 in
1132 3134 1271 3201 quantum
1285 3129 1422 3185 Dominus
1432 3129 1558 3201 adjurat,
1574 3129 1756 3203 debeatprae·

60 3222 172 3293 loquiis
193 3221 250 3277 tuis
271 3221 373 3278 eadem
398 3223 433 3279 de
453 3223 630 3296 impiissimis
652 3224 793 3281 haereticis
805 3226 885 3298 justo
935 3224 1037 3293 careri,
1060 3239 1097 3278 ne
1118 3239 1246 3295 unquam
1261 3223 1298 3277 ab
1312 3222 1456 3295 imperitis
1473 3227 1503 3280 et
1520 3222 1756 3294 impiisreritatis

60 3316 163 3371 dolore
186 3318 357 3388 conquestus
374 3334 414 3384 es,
439 3334 601 3390 congruum
623 3319 685 3387 luit,
708 3320 803 3390 quoad
815 3320 885 3376 scri·
935 3317 1088 3389 Evangelio
1113 3317 1270 3383 resistatur,
1293 3317 1428 3389 pietatem
1454 3321 1576 3372 vestram
1598 3317 1670 3372 scire
1696 3333 1757 3372 non

59 3409 150 3466 bandi
172 3411 372 3482 opportunitas
396 3412 514 3478 exstitit,
542 3429 598 3468 non
620 3417 725 3469 tacere.
751 3415 781 3469 ln
801 3431 886 3470 eausa
936 3412 1044 3468 dubito.
1059 3413 1093 3466 Et
1106 3411 1172 3466 ideo
1188 3427 1254 3466 cum
1267 3410 1445 3466 salutationis
1457 3409 1559 3477 officio,
1573 3426 1630 3481 que
1643 3425 1757 3482 semper

60 3505 163 3577 itaque
176 3503 243 3559 fidei
257 3504 399 3577 quidquid
414 3522 465 3577 pro
479 3513 577 3562 nostro
593 3506 686 3562 cilicio
701 3508 838 3579 oportuit,
853 3525 886 3565 ac
936 3506 1008 3562 mihi
1022 3510 1065 3561 est
1083 3505 1194 3560 oranda
1216 3504 1380 3570 clementia,
1398 3504 1515 3559 obsecro
1534 3503 1698 3572 Dominum,
1722 3509 1757 3559 ut

59 3600 161 3670 potest
171 3598 289 3669 iurante
304 3598 437 3669 Domino,
454 3604 483 3654 et
496 3599 614 3655 sollicite
627 3604 656 3656 et
668 3601 791 3657 libentur
805 3618 884 3658 exse·
935 3617 981 3655 me
995 3605 1073 3656 tuam
1086 3598 1313 3655 incolumitatem
1325 3599 1356 3653 in
1370 3614 1453 3652 causa
1468 3596 1545 3664 lldei,
1563 3597 1593 3652 in
1610 3613 1668 3669 quo
1682 3614 1754 3670 quo·

59 3692 193 3764 quimur,
208 3695 239 3745 ιιι
255 3692 409 3764 Evangelio
431 3697 458 3748 et
476 3693 765 3764 irreprehensibiliter
780 3695 884 3752 servia-
936 3693 1069 3749 rumdam
1082 3692 1259 3764 provinciam
1268 3692 1342 3747 intra
1353 3690 1536 3747 Palaestinam
1546 3692 1756 3748 monachorum

60 3803 139 3855 mus,
155 3801 193 3841 ne
208 3802 260 3857 per
278 3786 417 3842 desidiam
431 3790 561 3842 nostram
587 3788 645 3843 ulla
666 3805 731 3860 pars
754 3790 885 3845 Ecclesiae
934 3788 1049 3842 fuerant
1062 3785 1148 3841 corda
1162 3785 1285 3854 turbata,
1302 3784 1394 3856 magis
1416 3783 1563 3857 magisque
1576 3783 1755 3856 laciatadju·

59 3878 214 3934 catholicae
237 3880 369 3950 neglecta
394 3879 535 3935 videatur.
566 3881 683 3954 Propter
710 3882 787 3954 quod
813 3883 885 3939 sicut
934 3898 1010 3947 rare,
1026 3884 1057 3935 ιιι
1069 3884 1182 3935 tantum
1192 3879 1270 3950 quod
1282 3879 1394 3950 pietatis
1405 3883 1462 3933 tum
1472 3877 1568 3934 studio
1579 3877 1641 3934 fieri
1650 3880 1755 3949 potest,

59 3973 203 4028 omnibus
217 3976 320 4028 notum
338 3976 391 4041 est,
408 3990 465 4029 non
483 3973 579 4030 destiti
591 3973 732 4045 laborare,
748 3980 779 4031 ιιι
791 3977 883 4032 mani·
934 3975 1074 4030 haereticae
1101 3973 1281 4047 perversitati
1307 3972 1400 4027 omnis
1428 3971 1531 4027 fiducia
1558 3972 1752 4027 subtrahatur.

59 4066 168 4121 testata
183 4070 268 4138 atque
290 4066 406 4122 defensa
420 4067 623 4123 incarnationis
641 4069 797 4125 [lominica
811 4071 884 4126 veri·
935 4069 1010 4134 Quos
1022 4068 1100 4124 enim
1111 4084 1163 4124 nec
1178 4067 1249 4122 ratio
1266 4070 1522 4131 sacramentorum,
1538 4081 1590 4121 nec
1599 4065 1754 4121 auctoritas

60 4164 130 4229 tate,
161 4159 255 4214 omnis
281 4161 461 4231 fraternitas,
496 4160 565 4233 quid
590 4161 696 4234 ubique
726 4164 885 4220 secundum
934 4162 1114 4234 scriptorum,
1126 4178 1179 4217 nec
1191 4162 1251 4233 ipsa
1264 4163 1441 4216 sacratorum
1450 4161 1579 4215 locorum
1589 4158 1756 4215 testimonia

60 4253 225 4310 doctrinam
239 4254 433 4325 apostolicam,
449 4257 479 4309 et
494 4255 651 4311 tenendum
674 4258 704 4310 et
725 4256 885 4313 docendum
934 4256 1162 4326 commovebant,
1186 4254 1255 4328 quid
1274 4254 1314 4310 eis
1334 4254 1388 4310 nisi
1412 4254 1567 4325 abruptum
1594 4253 1754 4326 pericnlum

60 4352 147 4415 esset,
163 4352 342 4420 agnosceret,
354 4348 506 4404 accedente
520 4349 790 4421 gloriosissimorum
803 4351 883 4422 prin·
933 4350 1110 4407 timeretur?
1133 4349 1224 4405 Prosit
1238 4365 1308 4421 ergo
1322 4349 1446 4405 ecclesiis
1461 4349 1544 4416 sicut,
1558 4349 1673 4404 favente
1686 4348 1753 4415 ileo,

61 4442 162 4514 cipum
176 4441 272 4496 studio
282 4441 418 4497 divinitus
431 4442 579 4514 inspirato,
595 4443 665 4499 utin
675 4444 787 4500 civitate
799 4446 882 4501 Chal·
893 4443 923 4516 Ι)
934 4448 964 4501 et
975 4444 1101 4517 prodest,
1123 4449 1152 4498 et
1167 4443 1257 4515 prosit
1272 4443 1370 4515 generi
1386 4443 1521 4508 humano,
1538 4441 1567 4496 in
1588 4441 1682 4497 verbis
1701 4439 1753 4495 ilai

61 4535 225 4591 redonensi
237 4535 348 4607 synodo
362 4541 546 4608 congregata,
561 4537 693 4593 haeretica
702 4538 887 4595 damnaretur
935 4542 1059 4594 vestram
1071 4535 1110 4591 ibi
1120 4552 1181 4592 esse
1193 4536 1384 4602 voluntatem,
1398 4536 1449 4591 ubi
1458 4534 1611 4590 Dominum
1621 4537 1753 4589 nostrum

63 4629 208 4700 impietas,
235 4646 271 4683 ne
296 4629 339 4684 vel
367 4631 520 4702 quisquam
543 4635 665 4687 sectator
687 4633 819 4703 Nestorii,
841 4633 885 4690 rel
934 4634 1029 4688 lesum
1045 4629 1189 4686 Christum
1202 4629 1284 4685 robis
1297 4629 1369 4683 sicut
1383 4629 1473 4683 Deum
1487 4643 1598 4695 verum,
1612 4630 1641 4682 et
1654 4642 1755 4682 rerum

60 4722 139 4776 tillus
150 4721 306 4793 discipulus
315 4723 440 4779 Eutichis
452 4724 574 4779 liberum
587 4725 676 4797 possit
687 4742 753 4781 cum
765 4728 885 4783 catholi-
935 4741 1048 4798 quoque
1061 4723 1209 4779 hominem
1221 4723 1251 4778 in
1265 4722 1374 4777 unitate
1383 4737 1525 4792 personas,
1540 4723 1569 4775 et
1579 4719 1754 4777 mirabilium

60 4816 102 4869 ris
116 4815 225 4870 habere
239 4817 425 4884 consortium,
438 4834 513 4885 cum,
528 4818 605 4889 quod
617 4818 653 4874 ad
668 4820 758 4876 sancti
773 4821 885 4877 concilii
931 4819 1049 4892 judicia,
1064 4822 1093 4873 ct
1107 4817 1272 4889 passionum
1281 4816 1452 4871 documenta
1461 4814 1628 4887 loquuntur.
1642 4815 1673 4871 Si
1685 4831 1754 4888 ergo

60 4909 266 4965 auctoritatem
278 4911 411 4981 pertinet,
427 4912 504 4967 nulla
521 4928 641 4985 usquam
655 4914 827 4969 remanserit
840 4915 884 4970 di·
933 4913 1061 4985 predicti
1075 4928 1182 4966 nomen
1197 4909 1369 4966 catholicum
1386 4913 1561 4964 venerantur
1574 4911 1603 4964 et
1617 4908 1752 4982 diligrmt,

61 5002 190 5057 scor-dia.
213 5003 243 5059 si
258 5005 308 5075 qui
328 5007 424 5060 autem
439 5022 490 5060 sua
511 5006 701 5062 obduratione
717 5008 824 5076 caecati,
845 5008 885 5064 ita
935 5012 964 5062 et
974 5007 1049 5062 inter
1059 5004 1173 5061 llomini
1187 5021 1289 5076 corpus
1300 5018 1330 5059 se
1342 5003 1442 5058 volunt
1453 5003 1583 5059 membra
1597 5002 1752 5071 nominari,

61 5098 91 5151 iu
103 5096 224 5167 reprobi
237 5114 339 5152 sensus
350 5099 508 5154 amentiam
525 5100 710 5169 transierunt,
725 5103 890 5158 utmallent
935 5117 1035 5173 pravos
1057 5115 1169 5154 errores
1190 5114 1262 5169 qrros
1286 5100 1394 5152 lemme
1414 5096 1591 5152 admiserant
1610 5096 1752 5152 detesten-

61 5192 160 5245 turere
174 5207 259 5262 quarn
271 5192 376 5262 sanari,
389 5193 423 5248 ad
438 5193 614 5264 imperialem
625 5195 752 5267 pertinet
764 5199 885 5268 potesta·
933 5200 991 5261 tur,
1011 5199 1040 5248 et
1060 5195 1147 5264 agant
1170 5190 1367 5263 penitentiam
1386 5191 1541 5263 impiarum
1562 5188 1751 5261 blasphemia·

62 5289 132 5349 tem,
149 5287 184 5338 ut
196 5286 410 5356 perturbatores
422 5287 555 5342 Ecclesiae
571 5287 659 5359 pacis,
674 5291 703 5343 el
717 5288 882 5361 republicae,
934 5304 1010 5356 rum,
1024 5285 1120 5360 202
1135 5289 1379 5357 cruentonrmqne
1394 5285 1545 5341 laetorum.
1559 5282 1753 5338 Succumbant

62 5393 128 5449 quat
153 5376 322 5434 Christianis
347 5379 524 5451 principibus
539 5381 642 5436 merito
659 5380 808 5452 gloriatur,
828 5381 883 5436 ini·
934 5397 985 5453 pro
997 5381 1087 5436 salute
1097 5379 1259 5435 animarum
1268 5373 1754 5450 suarumsynodalibusquaeincivi·

61 5471 128 5526 mici
144 5471 294 5527 sollicitius
313 5473 552 5545 comprimantur.
567 5476 602 5530 Ut
616 5479 714 5530 autem
726 5475 884 5548 imperialis
934 5479 991 5530 tate
1000 5472 1224 5530 Chalcedonensi
1242 5476 1309 5528 sunt
1320 5472 1489 5529 confirmata
1503 5466 1632 5524 decretis.
1644 5468 1678 5522 Et
1685 5467 1753 5539 quia

60 5571 113 5632 est,
140 5569 174 5620 ιιι
200 5565 334 5634 diximus,
357 5567 515 5640 potestatis,
538 5568 676 5624 tumultus
696 5568 827 5641 publicos
851 5586 884 5625 ac
933 5567 1197 5640 adintelligendum
1207 5570 1420 5622 sacramentum
1430 5563 1529 5620 salutis
1539 5562 1686 5628 humana,
1696 5560 1751 5617 nisi

61 5659 219 5715 seditiones
231 5660 381 5732 sacrilegas
394 5661 519 5717 severius
527 5678 666 5732 coercere,
679 5662 719 5718 ita
729 5663 883 5719 auctorita·
933 5662 1004 5717 sides
1015 5678 1092 5730 vcra,
1102 5666 1132 5717 et
1141 5661 1291 5717 humilitas
1305 5660 1402 5732 quieta
1415 5674 1471 5713 non
1482 5654 1624 5729 pervenit,
1634 5654 1752 5711 credant

61 5755 99 5808 lis
113 5759 160 5808 est
182 5753 365 5810 sacerdotalis
383 5755 533 5812 monachis
556 5756 731 5829 praedicandi
756 5756 881 5830 aliquam
933 5757 964 5812 in
977 5754 1141 5827 Evangelio,
1155 5755 1231 5827 quod
1244 5755 1417 5810 confitentur
1429 5751 1459 5807 in
1475 5748 1757 5822 symbolauec'xm-

57 5851 164 5904 contra
173 5846 262 5903 tidem
269 5848 414 5907 licentiam
428 5866 488 5907 non
501 5850 639 5923 prebere,
652 5854 680 5907 et
693 5851 773 5909 omni
784 5851 883 5909 virtuti
932 5848 987 5925 piis
1010 5848 1200 5926 dogmatibus
1220 5843 1520 5906 annumeratas
1538 5840 1627 5898 esim
1637 5836 1792 5893 satissime
