3870 6150
675 250 911 306 retaurauu'u
930 249 1120 305 cotbactlo.

350 520 634 614 lNGlPlUNT
668 520 929 615 uacuum
964 518 1231 612 PONTlANl
1265 520 1445 615 PAPAE.

479 688 572 758 (Anno
590 686 704 743 Domini
718 690 780 757 230,
795 691 925 760 tempore
938 684 1093 742 Alexandri
1105 683 1310 757 imperatoris.)

87 917 249 969 Porrrascs
271 913 416 986 episcopus
437 915 528 969 anrcr
553 915 713 970 succriboni
739 914 870 970 salutem.
883 913 1080 1000 Acontristari
1098 911 1270 982 audivimus,
1284 927 1342 966 non
1357 911 1469 968 modico
1489 913 1627 986 compulsi
1642 932 1738 973 sumus

87 1007 203 1079 Oppido
218 1024 267 1062 cor
279 1012 409 1064 nostrum
432 1009 562 1064 charitati
578 1013 678 1065 vestroe
700 1008 872 1080 congaudet,
924 1024 1058 1063 moerore.
1082 1006 1161 1062 Unde
1183 1005 1410 1078 omnipotentem
1433 1008 1522 1062 Deum
1545 1025 1693 1079 rogamus,
1707 1016 1740 1067 ut

56 1102 128 1174 quod
144 1102 274 1156 studium
290 1108 393 1157 sanctae
411 1102 559 1174 religionis
579 1120 761 1175 summopore
783 1102 873 1159 adim·
925 1118 984 1156 suae
996 1117 1045 1156 ros
1061 1100 1159 1171 gratiae
1171 1100 1344 1172 aspiratione
1360 1101 1530 1171 consoletur,
1545 1117 1651 1174 rosque
1673 1108 1702 1158 et
1722 1122 1739 1161 a

56 1198 132 1268 plerc
146 1196 280 1263 studetis,
297 1200 326 1251 et
339 1196 439 1252 fratres
452 1202 614 1268 moerentes,
631 1214 664 1253 ae
680 1198 828 1253 destitutos
845 1197 875 1251 in
925 1194 1060 1265 malignis
1071 1193 1217 1264 spiritibus
1232 1196 1261 1248 et
1272 1211 1289 1248 a
1300 1194 1441 1265 perversis
1455 1194 1620 1250 hominibus
1635 1197 1739 1252 calesti

55 1291 107 1345 lide
135 1293 164 1344 ct
191 1290 336 1362 religione
364 1290 538 1348 confortatis.
565 1293 645 1347 Unde
677 1291 875 1362 Redemptoris
924 1288 1101 1360 protectione
1115 1287 1263 1343 custodiat.
1273 1288 1343 1343 Nam
1357 1289 1416 1344 etsi
1431 1304 1504 1361 quos
1519 1295 1584 1361 post
1595 1290 1669 1345 illius
1682 1291 1740 1347 obi-

57 1384 144 1439 nostri
158 1384 388 1440 misericordiam
402 1402 566 1455 exoramus,
579 1389 610 1440 ut
622 1403 672 1440 sua
682 1386 763 1440 nobis
775 1385 805 1439 in
816 1402 875 1440 om·
925 1387 987 1438 tum
1000 1382 1137 1438 tumultus
1154 1381 1345 1454 quorumdam
1359 1383 1570 1439 adversantium
1586 1384 1739 1453 sustinetis,

55 1480 138 1534 nibus
150 1479 247 1549 gratia
262 1478 442 1551 suffragetur,
457 1484 485 1535 et
506 1480 607 1535 effectu
630 1480 748 1551 implere
771 1479 876 1534 tribuat
926 1476 1013 1532 nolite
1027 1476 1124 1531 mirari
1140 1477 1163 1531 si
1178 1493 1225 1531 vos
1240 1476 1289 1548 qui
1302 1476 1358 1531 frui
1370 1476 1452 1532 bonis
1466 1476 1495 1531 in
1511 1481 1587 1533 terra
1599 1484 1701 1547 vestra,
1712 1479 1742 1535 id

55 1572 129 1644 quod
140 1573 215 1627 velle
225 1572 372 1628 concessit.
389 1574 419 1628 ln
433 1574 487 1628 hoc
503 1573 597 1645 itaque
612 1573 698 1642 bono,
710 1576 787 1629 tanto
801 1589 877 1628 com·
927 1576 969 1626 cst
982 1571 1012 1625 in
1025 1575 1101 1626 terra
1114 1570 1280 1638 viventium,
1298 1571 1436 1643 quaeritis,
1452 1573 1530 1626 mala
1544 1572 1695 1628 bominum
1710 1573 1741 1628 in

55 1666 137 1720 moda
159 1665 358 1721 retributionis
378 1670 552 1735 accrescunt,
566 1671 673 1739 quanto
696 1670 724 1721 et
747 1666 876 1720 studium
924 1670 1002 1720 terra
1025 1664 1116 1720 aliena
1135 1665 1265 1736 portatis.
1283 1665 1476 1737 Peregrinatio
1500 1666 1604 1739 quippe
1626 1670 1670 1721 est
1684 1666 1743 1723 vita

57 1760 160 1815 laboris
173 1764 307 1831 augetur.
320 1761 354 1815 Et
368 1760 436 1833 quia
449 1762 479 1814 in
492 1760 537 1815 his
551 1760 683 1816 omnibus
697 1760 799 1815 divinae
814 1776 876 1831 gra·
925 1760 1076 1831 poenitens,
1091 1763 1119 1815 et
1134 1760 1184 1831 qui
1197 1759 1320 1831 suspirat
1337 1760 1372 1815 ad
1387 1759 1510 1831 patriam
1525 1761 1552 1815 ci
1564 1766 1742 1817 tormentum

56 1854 101 1908 lice
111 1853 258 1925 adjutorio
268 1870 340 1925 opus
350 1857 402 1923 est,
411 1854 616 1926 omnipotentis
625 1854 676 1909 Dei
687 1853 876 1925 assiduispre-
927 1858 969 1909 est
982 1853 1221 1926 peregrinationis
1236 1854 1325 1920 locus,
1342 1854 1428 1909 ctiam
1449 1853 1471 1908 si
1489 1854 1609 1910 blandus
1622 1871 1683 1911 esse
1699 1855 1741 1911 ri·

56 1949 137 2002 cibus
160 1947 345 2002 clementiam
370 1964 531 2017 exoramus,
553 1952 693 2020 quatenus
717 1948 779 2003 haec
799 1947 877 2002 vobis
927 1947 1037 2014 deatur,
1051 1946 1128 2002 robis
1141 1950 1238 2003 antem
1253 1947 1302 2018 qui
1315 1947 1438 2019 patriam
1451 1947 1576 2019 qnaeritis
1592 1948 1667 2005 inter
1681 1966 1741 2004 sus·

56 2058 174 2113 semper
188 2041 331 2112 operanda
343 2041 419 2096 bona
435 2047 464 2097 et
475 2042 546 2097 velle
559 2041 666 2097 tribuat
678 2044 707 2097 et
718 2057 801 2114 posse
811 2057 877 2096 con·
926 2041 1000 2113 piria
1013 2057 1076 2114 quae
1087 2039 1204 2106 habetis,
1216 2039 1304 2095 etiam
1314 2040 1437 2111 gemitus
1452 2041 1536 2097 audio
1550 2041 1685 2097 lrumanae
1695 2058 1743 2114 op

56 2136 154 2203 cedat,
168 2139 251 2207 atque
263 2136 295 2190 in
308 2151 343 2190 ea
357 2152 407 2190 vos
421 2136 477 2203 ria,
491 2152 557 2191 cum
574 2136 667 2191 fructu
685 2136 754 2191 boni
772 2135 876 2207 operis,
927 2134 1081 2207 pressionis
1100 2149 1262 2206 exsurgere.
1278 2134 1359 2199 Quod
1380 2135 1452 2189 mira
1474 2135 1680 2207 omnipotentis
1691 2135 1742 2191 Dei

54 2246 143 2301 quam
160 2245 191 2284 se
206 2230 304 2284 Pastor
315 2234 462 2301 pastorum
480 2246 541 2285 esse
564 2234 683 2285 testatus
701 2234 743 2284 est
760 2229 875 2300 dirigat,
928 2229 1113 2302 dispositione
1127 2228 1232 2299 agitur,
1249 2232 1280 2282 ut
1292 2228 1361 2283 dum
1374 2228 1477 2285 veritas
1490 2245 1542 2300 per
1553 2245 1680 2286 amorem
1692 2246 1741 2284 ro·

56 2327 88 2377 ut
97 2323 161 2378 sine
173 2339 231 2395 quo
243 2323 316 2378 nihil
328 2323 375 2395 agi
388 2326 492 2394 potest,
503 2339 555 2395 per
566 2323 662 2396 ipsum
672 2323 792 2395 implere
801 2302 914 2378 bonaB
927 2329 981 2394 cat,
997 2322 1121 2378 mundus
1142 2321 1282 2393 poenitens
1302 2338 1320 2376 a
1342 2339 1371 2377 se
1393 2322 1454 2395 ipso
1476 2322 1604 2378 animam
1617 2326 1743 2380 vestram

57 2434 120 2489 qnae
130 2417 259 2489 coepistis
269 2416 393 2472 valeatis.
404 2419 444 2472 De
458 2417 649 2472 sacerdotibus
658 2423 753 2473 auteur
763 2417 877 2472 Domini
926 2435 979 2490 pcr
993 2416 1189 2474 tribulationes
1200 2432 1272 2487 quas
1285 2415 1400 2487 ingerit,
1411 2416 1529 2488 rejiciat.
1541 2418 1688 2489 Tantaque
1704 2419 1717 2473 l
1734 2449 1745 2460 ·

57 2528 127 2583 qnos
139 2527 193 2566 ros
207 2510 368 2566 audivimus
384 2516 484 2567 contra
498 2527 651 2582 pravorum
665 2511 816 2567 hominum
830 2511 875 2565 in·
927 2512 1007 2567 cilius
1021 2511 1056 2566 ab
1071 2527 1171 2566 amore
1185 2510 1270 2580 hujus
1283 2509 1379 2564 scecnli
1391 2527 1472 2566 mens
1486 2514 1579 2579 exeat,
1594 2514 1701 2584 quanto
1717 2515 1745 2568 et

57 2604 139 2660 sidias
163 2605 311 2676 adjurare,
331 2621 487 2676 eorumque
510 2622 608 2660 causas
631 2610 754 2678 portare,
778 2605 877 2660 scitote
928 2606 1085 2677 impellitur
1099 2604 1169 2659 dum
1185 2608 1311 2659 vocatur.
1325 2605 1421 2676 ltaque
1444 2604 1520 2676 quod
1539 2604 1671 2677 coepistis,
1687 2606 1742 2662 ho·

57 2715 103 2753 ros
115 2699 147 2754 in
160 2715 196 2754 eo
209 2698 294 2753 valde
306 2699 363 2753 Deo
376 2699 497 2770 placere,
513 2699 564 2770 qui
577 2699 630 2754 sibi
643 2715 690 2754 eos
704 2699 739 2755 ad
749 2699 876 2753 servien-
928 2699 1088 2771 spitalitatis
1098 2715 1196 2753 curam
1207 2697 1374 2769 impendite,
1385 2696 1414 2752 in
1428 2698 1556 2754 oratione
1569 2703 1598 2754 et
1610 2698 1742 2771 lacrymis

59 2793 124 2848 dum
137 2792 251 2860 ascivit,
266 2795 294 2849 ct
309 2793 465 2848 familiares
476 2794 620 2848 intantum
638 2792 690 2847 sibi
704 2809 763 2848 esse
778 2793 876 2861 voluit,
927 2792 1129 2849 instantissime
1152 2792 1289 2847 laborate.
1313 2791 1505 2864 Eleemosynis
1535 2809 1604 2864 quas
1628 2809 1744 2866 semper

58 2892 88 2941 ut
99 2888 189 2943 etiam
210 2886 333 2942 aliorum
351 2887 458 2941 hostias
474 2903 587 2958 percos
610 2891 778 2958 acceptaret,
792 2892 878 2958 atque
928 2888 1040 2943 amastis
1045 2887 1106 2958 jam
1116 2902 1192 2941 nunc
1201 2886 1307 2958 largius
1318 2886 1530 2958 atqneuberius
1540 2888 1605 2943 date
1615 2904 1742 2961 operam,

59 2998 155 3035 eorum
184 2983 303 3052 peccata
323 2981 445 3036 donaret
465 2979 575 3052 sibique
597 2980 802 3049 reconciliaret,
824 2981 878 3052 ipsi
929 2987 959 3037 ut
976 2985 1055 3036 tanto
1071 2985 1136 3053 post
1154 2979 1350 3035 crescatrobis
1374 2979 1403 3034 in
1425 2980 1613 3038 retributione
1636 2983 1744 3038 tructus

58 3092 169 3148 qnoque
185 3075 306 3146 proprio
317 3091 366 3130 ore
376 3091 479 3145 corpus
489 3074 600 3128 Domini
616 3074 771 3130 conficiunt
784 3078 814 3130 et
824 3092 876 3146 po·
928 3074 1065 3141 muneris,
1085 3077 1191 3146 quanto
1218 3074 1264 3129 hic
1293 3074 1447 3130 excreverit
1474 3074 1601 3130 studium
1628 3076 1743 3135 laboris.

58 3171 125 3242 pulis
138 3169 274 3225 tradunt.
291 3170 330 3223 De
345 3168 401 3223 illis
420 3168 496 3223 enim
518 3168 626 3224 dictum
649 3172 692 3223 est
708 3185 713 3225 :
732 3191 745 3219 a
764 3168 817 3234 Qui
830 3186 878 3223 ros
928 3172 1069 3225 Praeterea
1092 3168 1246 3224 salutantes
1270 3171 1390 3240 patema
1412 3168 1561 3225 dulcedine
1584 3169 1743 3227 bonitatem

57 3263 239 3320 contristabit
253 3279 299 3318 me
319 3261 505 3330 contristabit,
520 3264 549 3317 et
565 3263 614 3334 qui
628 3263 706 3317 robis
721 3262 790 3318 iacit
802 3263 876 3334 inju-
928 3268 1061 3331 vestram,
1075 3262 1199 3333 petimus
1217 3261 1290 3317 utin
1303 3262 1386 3317 bonis
1402 3279 1466 3334 quae
1485 3263 1607 3335 coepistis
1620 3281 1658 3320 ne
1673 3265 1742 3321 dcti-

57 3356 272 3429 riam‚recipiet
282 3356 311 3411 id
319 3357 397 3429 quod
407 3355 503 3426 inique
515 3356 604 3427 gessit
614 3373 621 3410 ε
633 3376 647 3408 r>
655 3357 690 3410 Et
703 3355 769 3411 alibi
783 3375 789 3412 :
802 3379 816 3409 a
826 3357 878 3422 Qui
929 3357 1017 3413 cistis.
1031 3358 1130 3428 Neque
1151 3356 1225 3411 ullus
1238 3373 1289 3411 vos
1310 3357 1346 3413 ab
1371 3357 1411 3411 eis
1433 3361 1560 3413 avertere
1584 3359 1682 3431 possit,
1696 3360 1745 3415 sed

57 3469 101 3508 ros
119 3451 208 3507 audit
230 3467 277 3506 me
292 3450 381 3519 audit,
398 3455 426 3504 et
439 3449 490 3521 qui
503 3466 550 3504 vos
563 3449 671 3521 spernit
692 3467 738 3505 me
758 3451 876 3522 spernit.
928 3451 958 3507 in
970 3451 1078 3506 cunctis
1090 3450 1224 3506 allectum
1238 3456 1339 3506 vestras
1351 3451 1504 3520 charitatis,
1520 3451 1614 3507 clerici
1629 3456 1659 3506 ct
1671 3453 1745 3509 servi

57 3547 107 3610 θοι
123 3550 230 3601 antem
250 3561 298 3598 me
313 3543 431 3614 spernit,
445 3543 553 3614 spernit
577 3560 643 3598 eum
664 3543 714 3614 qui
735 3560 781 3599 me
802 3544 880 3600 misit
928 3545 978 3599 Dei
991 3561 1023 3598 ac
1037 3544 1130 3598 cuncti
1147 3544 1300 3600 Christiani
1318 3543 1368 3615 qui
1389 3543 1494 3599 inillis
1516 3545 1643 3616 partibus
1665 3564 1744 3602 com-

58 3642 128 3710 ttuc.
144 3656 173 3705 x,
195 3640 250 3708 leit.
266 3660 281 3689 υ
296 3638 330 3692 Ηί
343 3638 421 3691 enim
435 3654 493 3692 non
508 3642 574 3692 sunt
585 3636 750 3705 infestandi,
762 3637 812 3694 sed
825 3639 877 3694 ho·
930 3641 1090 3706 morantur,
1104 3654 1202 3693 amoro
1216 3637 1318 3692 Christi
1333 3641 1362 3692 et
1376 3638 1467 3692 sancti
1481 3638 1556 3694 Petri
1569 3639 1692 3711 pleniter
1703 3641 1745 3697 in-

58 3733 190 3790 norandi.
208 3735 241 3787 ln
254 3731 296 3786 eis
318 3748 433 3803 quoque
457 3731 594 3786 Dominus
616 3732 783 3801 honoratur,
799 3733 880 3804 qu'us
929 3731 1054 3801 veniant,
1069 3734 1098 3785 et
1116 3730 1219 3786 favoris
1233 3731 1320 3785 vestri
1338 3730 1444 3785 solatiis
1466 3748 1637 3805 quocunque
1659 3736 1744 3791 modo

59 3828 202 3900 legatione
221 3825 394 3895 funguntur.
411 3824 443 3878 lli
461 3841 540 3897 ergo,
555 3824 578 3880 si
592 3826 666 3880 forte
688 3825 840 3881 ceciderint
862 3843 879 3882 a
930 3840 1044 3881 neccsse
1058 3824 1144 3892 suerit
1157 3824 1312 3895 potiantur,
1322 3828 1462 3895 quatenus
1473 3829 1567 3880 restra
1580 3829 1675 3882 cuncti
1689 3845 1743 3900 ope

61 3923 202 3990 lidelibus,
227 3924 296 3975 sunt
316 3917 482 3974 sublevandi
505 3921 534 3975 et
556 3919 698 3990 portandi.
722 3921 879 3976 Accusandi
929 3918 1036 3976 defensi
1055 3922 1140 3991 atquo
1157 3917 1255 3989 adjuti,
1270 3921 1300 3972 et
1318 3934 1370 3972 nos
1383 3918 1464 3973 vobis
1478 3918 1634 3991 gratiarum
1653 3921 1741 3993 possi-

60 4021 149 4073 autcm
173 4031 237 4070 uon
263 4016 330 4068 sunt
358 4013 393 4068 ab
419 4012 583 4081 infamibus,
601 4017 650 4068 aut
669 4014 820 4081 sceleratis,
835 4014 879 4070 vel
929 4030 993 4070 mus
1006 4013 1125 4068 existere
1141 4012 1290 4079 debitores,
1305 4015 1333 4067 et
1347 4011 1473 4067 Christus
1494 4012 1628 4069 Dominus
1647 4018 1744 4073 noster

61 4108 192 4178 inimicis,
205 4111 259 4162 aut
269 4106 385 4162 alterius
395 4111 479 4162 sectae
491 4106 705 4162 hominibusvel
715 4107 877 4179 religionis3
930 4112 1014 4181 atque
1035 4107 1134 4163 beatus
1157 4108 1257 4161 Petrus
1272 4106 1465 4178 apostolorum
1479 4105 1611 4179 princeps
1624 4107 1654 4164 in
1669 4125 1742 4181 quo-

63 4200 438 4277 sipeccarerint,areliqnis
448 4205 608 4272 arguantur
616 4201 821 4271 sacerdotibus,
831 4202 881 4258 sed
929 4219 995 4258 rum
1010 4201 1162 4257 roscensis
1177 4199 1354 4272 impenditis,
1369 4201 1448 4256 tesns
1467 4201 1593 4258 Christus
1607 4206 1745 4260 aeternam

64 4302 85 4351 et
96 4316 113 4353 a
126 4295 255 4352 summis
275 4294 456 4366 pontificibus
478 4295 722 4366 constringantur,
738 4299 767 4350 et
785 4311 845 4350 non
864 4314 881 4351 a
931 4293 1382 4369 gloriamcompenset,etbcatus
1393 4296 1535 4367 apostolus
1545 4297 1645 4352 Petrus
1656 4297 1744 4370 ipsius

65 4390 245 4447 sacularibus
262 4391 312 4444 aut
324 4389 407 4443 malce
417 4389 482 4444 vitae
493 4389 656 4445 hominibus
670 4392 827 4461 argutantur
836 4389 880 4444 vel
931 4389 1029 4463 gloria
1038 4390 1161 4461 januam
1176 4387 1296 4460 aperiat.
1311 4389 1381 4443 Data
1394 4405 1412 4443 x
1432 4389 1571 4446 Kalendas
1586 4391 1743 4465 Februarii,

67 4487 224 4542 arceantur.
240 4482 321 4548 Quod
342 4499 411 4555 ergo
431 4483 466 4539 de
487 4483 582 4538 fratris
594 4483 679 4538 vestri
700 4482 880 4538 transituros
930 4483 1031 4540 Severo
1044 4485 1073 4539 et
1084 4482 1237 4549 Quintiano
1254 4483 1287 4539 lv
1301 4499 1341 4538 cc.
1354 4483 1461 4539 consul.

566 4707 797 4781 EPISTOLA
828 4706 1058 4780 PONTIANI
1090 4707 1242 4779 PAPAE.

498 4840 547 4904 De
578 4841 729 4921 fraterno
764 4840 933 4904 dilectione
964 4848 996 4904 et
1027 4839 1172 4903 vitandis
1206 4837 1313 4900 mulie

98 4980 257 5033 posumus
277 4981 383 5032 sanctae
401 4978 429 5030 et
446 4974 612 5032 universalis
624 4975 757 5032 Ecclesiae
770 4975 880 5048 episco·
891 4989 921 5063 D
932 4977 1050 5049 phetam
1060 4976 1194 5047 ¹locpritnr
1213 4974 1325 5031 dicens:
1339 4973 1453 5039 «Quam
1463 4973 1555 5030 honus
1573 4975 1658 5032 lsrael
1673 4977 1746 5033 Deus

68 5074 105 5144 pis
119 5071 259 5128 omnibus
276 5074 351 5126 recte
371 5070 522 5126 Dominum
536 5071 697 5127 colentibus
711 5072 740 5126 et
755 5071 882 5127 divinum
932 5071 976 5126 his
989 5070 1038 5143 qui
1053 5073 1131 5125 recto
1145 5072 1212 5124 sunt
1224 5069 1318 5139 corde,
1329 5068 1387 5124 mei
1402 5074 1497 5124 autem
1508 5085 1583 5142 pene
1597 5071 1668 5126 neoti
1682 5074 1748 5126 sunt

68 5168 172 5221 cultum
188 5165 365 5233 amantibus,
379 5165 511 5219 salutem.
932 5165 1028 5238 pedes,
1045 5181 1119 5237 pene
1134 5163 1216 5220 effusi
1229 5167 1295 5218 sunt
1313 5179 1424 5236 gressus
1439 5164 1495 5219 mei
1514 5163 1580 5236 quia
1598 5167 1747 5220 aemnlatus

101 5260 195 5315 Gloria
211 5259 242 5313 in
255 5258 375 5314 excelsis
389 5259 456 5327 Deo,
473 5259 545 5315 etin
559 5263 635 5315 terra
647 5275 702 5331 pax
718 5258 883 5315 hominibus
933 5276 997 5315 sum
1014 5262 1114 5315 contra
1133 5258 1247 5330 iniquos
1262 5273 1361 5329 pacem
1381 5257 1538 5330 impiorum
1551 5258 1650 5314 videns
1663 5258 1744 5328 (Psot.

69 5354 149 5409 bonae
163 5353 329 5409 voluntatis.
344 5353 409 5409 llaec
423 5353 516 5421 rerba,
533 5352 705 5424 charissimi,
718 5370 777 5409 non
792 5352 884 5409 homi·
934 5371 1007 5410 caru
1026 5360 1052 5410 et
1068 5355 1163 5425 sepa).
1181 5374 1194 5403 n
1212 5355 1252 5408 De
1274 5352 1356 5408 bonis
1370 5369 1435 5409 vero
1448 5353 1510 5426 ipsa
1528 5368 1581 5425 per
1595 5351 1747 5407 severitas

70 5465 136 5504 nnm
155 5453 232 5517 sunt,
248 5447 300 5503 sed
320 5449 498 5520 angelorum,
520 5451 548 5503 ct
567 5464 624 5504 non
646 5449 773 5504 humano
798 5464 883 5503 sensu
935 5450 992 5504 ait:
1007 5470 1021 5498 «
1031 5448 1110 5504 Beati
1124 5447 1233 5503 mundo
1247 5448 1340 5516 corde,
1351 5447 1487 5520 quoniam
1499 5445 1553 5518 ipsi
1569 5446 1656 5500 Deum
1668 5443 1747 5499 ride·

69 5543 235 5615 exmgitata,
247 5542 298 5597 sed
311 5541 347 5598 ab
362 5542 472 5615 angelis
486 5542 515 5598 in
530 5545 594 5597 ortu
609 5543 760 5598 Salvatoris
773 5558 884 5597 annun·
933 5543 1005 5598 bunt
1021 5541 1128 5614 (natta.
1141 5558 1170 5610 r,
1184 5543 1220 5613 8).
1236 5563 1249 5590 n
1263 5540 1359 5597 llnndi
1370 5541 1447 5596 enim
1460 5556 1517 5595 non
1528 5535 1685 5592 suntcorde
1697 5537 1747 5609 qui

69 5640 146 5707 tiata,
161 5636 269 5711 quibus
290 5636 485 5693 indubitanter
497 5637 532 5693 ab
545 5636 676 5693 omnibns
695 5635 816 5708 intelligi
829 5652 883 5708 po·
934 5637 1009 5692 mala
1032 5635 1167 5709 cogitant,
1191 5640 1241 5691 aut
1264 5635 1367 5690 nociva
1388 5632 1522 5689 adversus
1543 5629 1645 5686 fratres
1669 5647 1746 5700 suos,

71 5738 131 5802 test,
140 5733 288 5806 quodnon
297 5731 551 5803 malevoluntatis,
560 5732 609 5790 sed
618 5730 882 5800 hominibushonae,
934 5731 1003 5804 quia
1015 5730 1088 5787 nihil
1096 5729 1164 5786 mali
1174 5730 1234 5785 vnlt
1243 5729 1292 5801 qui
1301 5727 1392 5784 fidelis
1401 5729 1452 5784 est.
1465 5723 1568 5781 Fidelis
1579 5740 1649 5798 ergo
1659 5725 1746 5782 homo

71 5842 122 5899 pu
135 5827 174 5887 sit
185 5844 204 5886 a
216 5827 337 5887 Domino
348 5827 425 5901 data,
441 5826 520 5886 unde
544 5831 573 5884 et
595 5825 734 5886 Dominus
751 5841 804 5900 per
814 5842 883 5901 pro·
934 5824 1025 5899 magis
1037 5823 1244 5897 diligitandire
1259 5822 1449 5896 praeportat
1469 5835 1557 5894 quam
1574 5819 1747 5896 dicereque
