3870 6150
625 243 862 303 ommatius
881 244 1073 302 sublucare.
1638 252 1689 311 530

113 351 171 409 sive
184 367 356 425 quocunque
369 352 397 409 in
412 353 475 409 loco
489 353 647 409 consistens
660 351 826 409 incunctan·
835 368 865 441 Α
875 353 991 424 quando
1007 352 1170 422 habuerint,
1186 369 1254 410 mox
1267 353 1305 409 ad
1322 353 1471 426 religionis
1484 356 1592 412 cultum
1610 358 1690 415 babi-

114 446 224 514 utatur,
237 462 291 501 nec
305 446 407 502 diversi
421 447 523 502 coloris
540 451 589 502 aut
604 447 720 502 diversa
736 445 824 518 partis
875 450 993 518 tumque
1006 448 1186 516 revocentur,
1202 451 1231 502 et
1249 448 1301 503 sub
1315 452 1431 503 strenua
1444 448 1621 506 districtione
1632 453 1688 508 bu-

103 556 112 593 1
128 539 166 594 sit
183 538 315 594 notabilis
327 541 421 609 vestis,
436 541 484 595 sed
499 541 629 613 religiosa
648 545 821 596 1111111111-
870 538 1033 609 juscemodi
1047 538 1230 595 observantias
1243 541 1378 597 inservire
1391 545 1540 613 cogantur.
1556 544 1687 600 Parenti-

116 648 182 709 quae
196 635 292 687 careat
303 633 487 688 varietatibus
510 633 648 701 colorum,
664 636 693 688 et
706 632 823 689 diversi·
872 631 926 686 bas
939 647 1006 687 sene
1018 632 1091 687 lilios
1102 648 1167 687 suos
1175 633 1307 705 religioni
1316 635 1484 692 contradere
1496 652 1556 691 non
1565 638 1688 709 amplius

103 740 113 780 s
135 727 304 797 specierum,
318 725 390 782 adeo
406 732 437 781 ut
454 727 562 798 absque
585 727 640 781 ulla
664 725 823 796 suspicione
873 740 959 797 (1111111
971 741 1063 797 usque
1074 726 1109 780 ad
1119 726 1261 782 decimum
1271 728 1362 783 oetatis
1374 744 1473 784 eorum
1484 746 1593 786 annum
1602 731 1688 787 licen·

103 819 241 875 ressionis
263 823 382 874 maneat
405 821 466 874 usui
497 823 610 875 tantmn
636 824 702 890 apta
718 823 822 874 sanctae
872 818 911 873 tia
926 818 1105 889 poteritesse
1120 836 1127 888 ;
1144 824 1374 890 postcaveroan
1400 838 1464 877 cnm
1478 822 1623 881 voluntate
1637 842 1687 898 pa·

103 912 167 980 mis,
183 917 211 968 et
230 914 273 967 sui
294 913 371 968 sexui
393 917 557 984 competens
571 913 606 968 ad
623 912 821 968 testimonium
871 913 996 980 rentum,
1005 928 1042 966 an
1054 929 1111 968 sues
1126 913 1286 969 devotionis
1299 914 1336 970 sit
1344 915 1501 971 solitarium
1513 922 1620 986 volum,
1632 919 1688 976 erit

103 1005 165 1060 atis.
180 1007 216 1061 Ut
228 995 323 1061 autern
343 1006 477 1078 deinceps
500 1007 539 1061 nil
561 1006 714 1061 devocetur
727 1006 757 1060 in
772 1006 822 1060 da·
870 1005 936 1060 liliis
950 1005 1059 1060 licitam
1083 1006 1231 1077 religionis
1253 1023 1398 1063 assumere
1420 1010 1536 1065 cultum.
1553 1011 1686 1084 Quisquis

110 1099 197 1171 pallio
210 1116 363 1171 purpureo,
381 1101 424 1154 vel
442 1099 518 1171 nigri
536 1099 638 1154 coloris
655 1105 741 1171 caput
752 1115 819 1154 eon-
870 1102 966 1153 antem
979 1098 1023 1153 vel
1046 1097 1201 1155 abolitione
1223 1103 1348 1156 tonsurae
1371 1101 1414 1156 vel
1437 1102 1578 1158 saecularis
1602 1105 1686 1160 vestis

103 1191 133 1246 ab
147 1192 230 1247 initio
241 1196 380 1264 susceptae
393 1192 552 1264 religionis,
567 1196 597 1247 at
611 1192 680 1247 dum
703 1192 760 1247 illic
774 1197 819 1247 tu·
870 1191 1063 1264 assumptione
1077 1191 1203 1248 detectus
1224 1193 1311 1248 inerit
1332 1194 1461 1265 attigisse
1483 1198 1687 1267 transgressio·

103 1300 197 1357 gnam
210 1286 365 1356 probabilis
379 1286 548 1356 sanctitatis,
564 1286 611 1340 abi
637 1285 743 1340 nullius
762 1286 820 1341 falli
870 1299 948 1354 nem,
971 1288 1000 1341 et
1017 1285 1318 1341 excommunicationis
1340 1303 1488 1345 censuram
1511 1290 1642 1361 accipiat,
1658 1295 1687 1349 et

103 1384 110 1434 1
130 1378 201 1434 11111
214 1378 361 1447 intuentis,
375 1395 526 1451 nunquam
545 1382 667 1435 attentet
679 1382 755 1435 astus
769 1379 818 1434 de·
869 1377 1003 1449 religioni
1015 1393 1129 1450 semper
1149 1378 1295 1434 inherent.
1318 1379 1482 1452 opitulante
1503 1382 1686 1441 miseratione

103 1471 142 1527 111
157 1473 400 1544 praesumptionis.
869 1470 973 1539 divina,
988 1475 1018 1527 et
1029 1472 1223 1544 gloriosissimi
1233 1473 1433 1530 Ecccesiunthi
1447 1474 1583 1548 principis
1596 1477 1686 1533 inhae-

103 1576 192 1621 annes
205 1566 320 1621 feminae
334 1583 397 1637 quae
407 1566 468 1637 jam
477 1565 693 1637 inpraeteritum
705 1566 818 1639 religio·
868 1568 948 1619 rente
960 1565 1104 1622 voluntate
1128 1565 1269 1637 religiosa,
1282 1566 1327 1622 his
1346 1568 1465 1623 testibus
1486 1569 1685 1626 decentissime

103 1660 138 1714 tte
151 1659 312 1731 probantur
326 1658 432 1714 indutae
442 1659 537 1726 fuisse,
549 1659 621 1715 nihil
632 1660 819 1716 excusationis
867 1657 1000 1729 alligatis,
1025 1659 1056 1714 in
1074 1674 1144 1729 pace
1164 1659 1308 1730 connexis,
1324 1677 1359 1714 ex
1378 1661 1446 1716 totis
1461 1663 1685 1733 praecordiorum

123 1752 217 1806 valeat
240 1752 269 1806 in
294 1753 506 1823 oppositionem
527 1753 661 1822 qnalibet
683 1749 1019 1825 objectio,Bviseeribns
1035 1751 1135 1807 damus
1156 1752 1275 1825 gloriam
1289 1755 1319 1808 et
1342 1754 1482 1811 honorem
1505 1757 1558 1811 soli
1577 1761 1684 1814 aeterno

103 1844 131 1898 is
151 1843 268 1899 diversis
291 1861 323 1899 ac
343 1844 452 1899 callidis
474 1844 646 1900 adumbrare
669 1862 698 1899 se
731 1846 818 1901 velint
867 1848 895 1899 et
914 1844 1071 1901 immortali
1085 1846 1143 1901 lieo
1166 1846 1242 1903 Patri
1264 1851 1292 1902 et
1316 1846 1385 1901 Filio
1399 1852 1428 1902 et
1440 1848 1558 1920 Spiritui
1575 1854 1683 1919 sancto,

103 1954 121 1993 1
141 1938 329 2009 argumentis,
345 1938 393 1993 sed
410 1938 446 1992 ad
461 1938 680 1993 sacratissimam
694 1939 816 1995 sanctio·
867 1936 948 2007 cujus
962 1938 1037 1993 dono
1050 1937 1184 1994 collatum
1196 1939 1277 1994 nobis
1291 1939 1474 2011 agnoscimus
1487 1958 1539 2013 pro
1554 1942 1614 2013 ejus
1631 1945 1684 1999 Ec·

103 2031 226 2102 eciplina
235 2031 388 2086 sanctiores
404 2034 500 2087 teneat
512 2031 647 2103 religatas
656 2036 740 2104 atquc
753 2033 817 2088 snb
866 2029 958 2084 clasiae
971 2034 1055 2098 statu,
1069 2036 1099 2087 et
1113 2048 1214 2103 regere
1230 2048 1327 2087 curam
1341 2035 1368 2088 et
1382 2050 1463 2104 posse
1486 2035 1557 2090 sacri
1570 2035 1685 2108 regimi-

123 2124 367 2180 Commoneantur
390 2140 456 2179 sane
476 2124 627 2180 sacerdotis
648 2125 816 2180 auctoritate
865 2123 909 2177 nis
922 2124 1115 2194 competentia
1123 2124 1274 2197 disponere
1281 2127 1359 2197 jura,
1370 2143 1451 2199 aquo
1464 2128 1587 2198 petimus
1599 2132 1628 2184 et
1636 2147 1685 2200 op-

103 2226 165 2278 11111
176 2226 287 2293 sponte,
303 2222 355 2286 Qui
378 2223 402 2276 si
415 2223 509 2278 redire
531 2223 677 2278 noluerint
691 2223 816 2294 impulsu
866 2219 959 2271 lamus
973 2219 1007 2272 111
1018 2222 1182 2289 porrectum
1195 2218 1225 2273 in
1238 2220 1419 2292 longitudine
1431 2220 1558 2276 felicium
1570 2222 1682 2278 dierum

103 2314 166 2382 1111,
180 2315 216 2369 ad
242 2314 388 2386 religionis
403 2315 513 2369 cultum
538 2314 721 2382 reducantur,
737 2319 765 2370 et
786 2315 816 2370 in
865 2307 1047 2365 sacratissimi
1064 2311 1201 2383 principis
1215 2313 1311 2383 1111111,
1324 2318 1352 2368 11
1366 2314 1444 2368 omni
1462 2313 1620 2385 gloriarum
1636 2316 1683 2372 de·

103 2408 181 2463 teriis
206 2408 329 2464 redactae
355 2407 814 2478 excommunicationiscondigne
865 2404 1682 2481 coreperpetimfaciampolleresalute.Nobisquoqueat-

102 2501 142 2557 tia
156 2502 303 2556 leniantur.
322 2502 368 2556 iiia
383 2501 461 2556 idem
478 2517 593 2573 quoque
613 2501 683 2556 ordo
703 2502 733 2555 in
755 2502 814 2556 illa·
865 2495 971 2550 tribuet
983 2500 1147 2569 susceptum
1157 2498 1288 2553 Ecclesiae
1302 2515 1360 2554 111
1373 2515 1505 2571 regnam,
1516 2517 1581 2556 cum
1596 2503 1682 2574 aequi·

103 2595 320 2651 indemnatione
333 2594 470 2660 manebit,
486 2611 549 2665 quae
563 2594 722 2665 quamlibet
735 2612 752 2649 a
768 2611 813 2648 sa·
864 2591 923 2643 1111
938 2588 1098 2660 disponere,
1109 2590 1138 2645 in
1151 2590 1341 2647 sollicitudine
1353 2592 1513 2663 gubernare
1527 2599 1556 2650 et
1569 2594 1600 2649 in
1612 2611 1680 2666 pace

103 2704 115 2742 e
135 2688 327 2743 sanctimoniae
344 2691 452 2743 vestem
473 2704 532 2742 non
548 2688 730 2758 accepissent,
746 2688 814 2758 ipsae
864 2684 973 2750 teuere,
988 2687 1020 2738 ut
1031 2688 1094 2754 post
1116 2684 1203 2754 hujus
1219 2684 1320 2739 mandi
1333 2690 1462 2758 suscepta
1476 2686 1603 2757 pericula
1618 2704 1680 2759 1111

106 2786 158 2838 aut
170 2780 277 2836 indutae
287 2786 363 2851 sunt,
374 2784 423 2836 aut
436 2782 465 2835 in
473 2781 520 2836 illo
530 2781 578 2837 diu
590 2781 688 2835 babitu
697 2797 815 2836 consen·
863 2775 960 2831 venire
969 2775 1109 2846 possimus
1118 2775 1156 2831 ad
1167 2777 1292 2832 eoelestia
1305 2793 1401 2850 regna.
1412 2782 1512 2834 nmen.
1522 2781 1678 2851 Eugenius,

111 2875 161 2947 qai
177 2875 323 2945 religionis
338 2891 398 2929 csse
411 2876 503 2929 cultus
513 2875 548 2928 ab
564 2874 742 2929 intuentibus
755 2890 814 2928 cre·
862 2866 998 2939 indignus
1009 2869 1152 2924 Toletanoe
1166 2869 1239 2925 sedis
1261 2872 1498 2943 metropolitanas
1520 2873 1678 2946 episcopus,

103 2984 122 3034 r,
146 2967 169 3022 si
185 2984 280 3023 coram
294 2967 425 3034 Ecclesia,
441 2968 484 3021 vel
500 2967 644 3022 sacerdote
667 2967 813 3022 autetiam
863 2960 1095 3017 haecnostxarum
1105 2961 1416 3020 delinitionamstatuta
1427 2965 1680 3039 subscripsisimi·

103 3060 229 3116 tentibus
242 3060 361 3115 testibus
375 3061 501 3132 quinque
514 3059 621 3115 indutae
637 3061 721 3115 certis
735 3060 811 3115 indi·
862 3053 928 3109 liter
934 3057 963 3109 et
970 3054 1018 3110 alii
1027 3055 1151 3127 episcopi
1160 3057 1516 3128 subscripseruntnamero
1524 3059 1678 3117 sexdecim.

103 3156 115 3207 t
127 3153 298 3209 testimoniis
311 3154 515 3224 approbantur,
531 3169 632 3208 omnes
655 3156 754 3208 tamen
767 3153 813 3208 hae
1028 3151 1169 3203 Decretum
1183 3166 1233 3219 pro
1246 3152 1366 3206 Potamia
1377 3155 1508 3222 episcopo.

103 3246 206 3302 aientes
216 3246 252 3300 ad
266 3246 390 3318 primani
401 3246 581 3317 religionem,
593 3263 643 3301 seu
654 3249 814 3317 posttrans-
897 3242 1049 3295 Assumeru
1082 3246 1246 3311 poteramus
1276 3259 1409 3298 canoram
1442 3245 1471 3300 in
1504 3251 1589 3302 cantu
1621 3248 1679 3303 tra-

103 3355 125 3393 n
149 3343 329 3393 resumentes
348 3339 478 3393 iteratam
500 3339 725 3405 conversionem,
740 3339 813 3394 siout
862 3334 952 3388 ternae
967 3332 1075 3387 laetitiae
1088 3333 1200 3400 tibiam,
1217 3336 1285 3406 quia
1297 3336 1392 3391 divina
1405 3337 1494 3407 pietas
1507 3345 1680 3396 conventum

103 3447 176 3487 1111111
192 3436 243 3499 111,
259 3437 286 3486 11
308 3431 393 3501 pallio
417 3430 509 3502 capita
523 3434 677 3503 contegant
693 3434 722 3486 et
743 3416 810 3486 eon.
862 3428 992 3479 nostrum
1024 3425 1061 3480 ad
1093 3427 1249 3482 concordiae
1280 3435 1482 3484 convocaverat
1515 3430 1617 3497 studia,
1651 3437 1679 3489 et

103 3540 129 3579 m
159 3523 381 3594 roboratamque
409 3524 594 3596 professionis
615 3523 720 3579 iaciant
743 3524 810 3579 scri·
861 3520 1032 3573 convenerat
1059 3519 1225 3574 moestitiam
1251 3520 1350 3590 vitare,
1372 3523 1509 3593 quoniam
1527 3525 1679 3580 usitatione

102 3635 121 3685 t,
137 3634 190 3688 per
204 3634 289 3688 quam
302 3618 423 3672 ulterius
439 3635 498 3671 nun
523 3617 654 3672 sinantur
665 3616 756 3671 relabi
777 3617 811 3673 ad
862 3609 1019 3681 disciplinae
1045 3610 1212 3666 videbamur
1233 3618 1364 3684 paternus
1383 3617 1493 3687 regulus
1519 3616 1678 3689 innovasse,

104 3710 234 3765 icationis
249 3709 405 3764 andaciam.
423 3710 492 3774 Quae
502 3727 570 3764 vero
580 3727 613 3764 01
625 3710 758 3765 omnihus
767 3710 812 3765 his
861 3703 911 3758 sed
926 3703 1038 3773 gravius
1052 3705 1166 3759 sistrum
1180 3721 1230 3776 pro
1246 3706 1376 3777 cylnbulo
1389 3709 1539 3778 sumimus,
1553 3717 1581 3767 et
1594 3711 1679 3766 funus

113 3806 238 3874 repertae
259 3803 387 3858 animum
404 3809 453 3858 aut
466 3808 573 3858 vestem
593 3804 622 3857 in
649 3804 810 3873 1101158105-
861 3813 913 3867 pro
923 3793 1677 3873 carminedecantamus,gemealesquecumleremiae

103 3894 203 3964 edisse,
213 3896 518 3950 excommunicationis
526 3895 696 3951 sententiam
707 3896 810 3965 lerant,
861 3888 975 3944 fletibus
987 3889 1108 3944 dicimus
1120 3907 1127 3945 ε
1137 3890 1311 3947 llissolutum
1321 3897 1364 3948 est
1377 3895 1512 3966 gaudium
1525 3897 1615 3951 cordis
1627 3914 1679 3952 no·

103 4003 144 4043 ina
160 3991 268 4042 motato
282 3988 380 4043 liabitn
391 3989 421 4043 in
431 3988 623 4055 monasteriis,
634 3987 725 4044 donee
735 3989 812 4044 diem
862 3982 922 4049 stri,
933 3998 1030 4039 versus
1041 3988 1084 4039 est
1096 3983 1125 4038 in
1136 3984 1244 4039 luctum
1257 3985 1361 4041 chorus
1375 3992 1479 4043 noster.
1492 3990 1573 4044 Unde
1583 3995 1611 4046 et
1623 4007 1675 4057 vae,

103 4097 127 4135 m
139 4081 282 4148 claudant,
297 4081 349 4135 sub
365 4081 500 4136 aenrmnis
519 4082 615 4137 erduae
636 4081 811 4153 poenitentiae
861 4091 958 4130 eoram
976 4075 1060 4130 nobis
1081 4077 1283 4147 conspicimus,
1299 4081 1436 4150 quoniam
1457 4081 1589 4137 cecidisse
1603 4099 1679 4138 coro-

103 4177 128 4227 11
140 4173 277 4244 religata.
860 4184 930 4223 nam
949 4167 1050 4241 capitis
1061 4170 1152 4225 nostri
1166 4170 1305 4239 videmus,
1321 4173 1389 4227 dam
1405 4176 1462 4229 1111
1479 4173 1572 4230 nobile
1594 4175 1624 4230 in
1636 4175 1678 4230 in·

103 4268 129 4322 le
143 4265 188 4320 his
202 4267 251 4337 qai
272 4267 401 4337 inparve
422 4270 505 4321 aetate
531 4281 625 4321 coram
645 4266 810 4337 parentibus
859 4260 976 4316 firmum
998 4262 1114 4332 corruit,
1139 4263 1214 4334 quod
1234 4268 1294 4320 tam
1315 4266 1347 4320 in
1372 4267 1501 4323 sublimas
1521 4268 1678 4324 sanctitatis

103 4358 143 4414 nis
162 4359 292 4414 habitum
314 4365 478 4425 tennerunt,
500 4359 656 4430 quinisque
677 4359 733 4413 huc
752 4360 809 4414 dis·
862 4355 1005 4426 optimum
1025 4356 1111 4411 stetit.
1133 4358 1202 4411 Ecce
1218 4358 1323 4413 etenim
1346 4360 1533 4415 tractantibus
1551 4362 1631 4417 nobis
1648 4363 1677 4416 in

109 4452 283 4525 operationis
298 4452 414 4508 eiiectns
437 4452 584 4507 interdum
608 4454 721 4507 mutare
744 4452 850 4545 feoitD
861 4463 930 4518 pace
947 4446 982 4501 de
996 4448 1193 4503 ecclesiasticis
1206 4451 1313 4521 regulis
1329 4451 1454 4506 delatum
1470 4457 1513 4508 est
1526 4457 1678 4510 conventui
1705 4464 1708 4469 '

103 4560 149 4600 um
178 4545 389 4599 constitutionis
413 4544 548 4612 edictum,
574 4544 644 4600 dum
666 4544 811 4601 incondite
861 4539 1675 4610 111111111111111111111111111111111111111111111111

118 4642 246 4710 putatur,
266 4638 342 4709 qaod
365 4637 559 4693 indissolubile
585 4637 736 4693 sanctionis
759 4654 809 4693 au·
860 4631 1083 4702 subscriptionis,
1098 4633 1173 4703 qnod
1187 4634 1320 4688 Potanius
1344 4636 1523 4691 Bracarensis
1545 4638 1676 4695 Ecclesiae

103 4733 126 4785 te
141 4732 265 4784 tenetur.
282 4730 350 4785 ldeo
365 4730 505 4802 quidquid
518 4730 632 4784 obvium
646 4747 679 4784 ex
701 4731 811 4786 incerto
861 4725 1010 4795 episcopas
1023 4723 1057 4779 de
1077 4724 1158 4778 factis
1172 4725 1297 4796 propriis
1311 4727 1367 4781 suis
1381 4733 1530 4787 annotarat
1540 4733 1675 4788 articulis.

105 4825 118 4877 t
136 4822 283 4878 evidenter
297 4823 381 4893 abjici
406 4823 500 4893 debet,
515 4825 547 4877 ut
563 4823 598 4876 de
619 4826 721 4878 caetero
740 4824 810 4878 nibil
861 4820 923 4885 Quo
936 4825 1069 4888 reserato,
1085 4820 1156 4892 quid
1172 4816 1480 4898 oblitterandapagiaa
1498 4830 1527 4884 et
1539 4829 1677 4885 abolenda

105 4915 205 4986 tquod
220 4916 250 4970 in
264 4916 383 4970 dubium
396 4919 476 4971 nutet
484 4934 492 4985 ;
507 4916 628 4986 ideoque
642 4914 665 4969 si
678 4916 709 4970 in
723 4917 812 4987 quali·
860 4914 1022 4969 litterarum
1033 4914 1194 4985 panderent
1204 4915 1576 4992 elementa,lletibuspotius
1588 4939 1677 4995 quam

103 5008 168 5064 nori
192 5013 274 5063 aetate
300 5009 342 5063 vel
365 5009 511 5079 religionis
533 5013 680 5063 tonsuram
704 5008 748 5063 vel
763 5025 809 5063 rc·
861 5004 1041 5061 sermonibus
1071 5006 1229 5078 lacrymosa
1257 5011 1388 5066 contritio
1421 5014 1572 5069 recensuit.
1599 5017 1676 5070 Tunc

112 5100 239 5156 debitam
260 5104 367 5155 vestem
387 5101 416 5155 in
434 5106 556 5172 utroque
583 5116 648 5155 sexa
668 5100 741 5169 liliis,
762 5105 811 5155 aut
860 5099 984 5154 solitarie
998 5102 1111 5154 tantum
1131 5100 1319 5172 secretimque
1340 5103 1473 5160 adunatis
1497 5106 1676 5178 pontificibus

103 5198 138 5248 nt
160 5194 245 5248 ambo
270 5197 400 5265 parentes
421 5194 569 5262 dederunt,
586 5199 663 5249 certe
686 5197 736 5248 aut
757 5210 808 5249 no·
859 5192 921 5259 liei,
933 5191 1103 5264 praedictam
1118 5193 1284 5265 episcopum
1298 5196 1396 5251 adesse
1407 5214 1502 5253 coram
1514 5198 1596 5254 nobis
1609 5199 1675 5252 leci·

103 5300 116 5339 s
137 5287 180 5340 vel
203 5286 395 5341 nescientibus
419 5303 448 5341 sc
472 5290 641 5358 susceptam,
661 5303 721 5342 non
744 5303 810 5342 mox
860 5301 933 5353 mus,
946 5300 1035 5357 11111111
1050 5285 1222 5357 singultibus
1241 5289 1441 5359 aggredientes
1455 5291 1575 5361 amplius
1588 5305 1674 5360 (1111111

106 5378 138 5433 in
152 5377 217 5433 tiliis
233 5379 436 5448 abdicaverint,
460 5380 509 5434 sed
525 5381 569 5434 vel
593 5396 690 5434 coram
713 5395 742 5435 se
766 5380 809 5434 vel
858 5377 990 5449 loquelis,
1004 5383 1160 5433 reseratam
1173 5378 1214 5434 illi
1228 5396 1287 5434 suae
1310 5381 1511 5449 deformitatis,
1527 5385 1555 5436 et
1568 5386 1673 5436 nostrae

103 5470 233 5538 Ecclesia,
245 5472 398 5543 palamque
411 5471 440 5526 in
454 5476 594 5528 conventu
608 5472 723 5528 eosdem
736 5472 809 5527 lilios
859 5469 1032 5526 confusionis
1045 5470 1217 5541 scripturam
1238 5472 1419 5542 protulimus.
1427 5474 1518 5536 Quam
1532 5471 1673 5543 accipiens

103 5562 189 5620 abere
201 5565 394 5636 permiserint,
409 5566 446 5620 ad
461 5567 627 5620 saecularem
641 5565 745 5620 reverti
759 5566 808 5619 ha·
859 5579 893 5618 ac
911 5577 1060 5618 recurrens
1079 5562 1284 5619 sciscitantibus
1295 5563 1387 5630 nobis,
1402 5567 1500 5619 utrum
1513 5564 1555 5620 sui
1568 5565 1672 5636 operis,

102 5655 171 5729 ipsis
185 5657 250 5713 filiis
261 5659 434 5732 (1111111111
447 5659 561 5731 penitus
574 5674 633 5714 non
644 5658 750 5725 licebit,
759 5657 809 5713 sed
859 5655 1565 5726 11111111111111111111111111111111111111111111
1576 5660 1670 5714 aetum

103 5748 203 5824 iquod
218 5753 369 5808 tonsuram
382 5757 432 5809 aut
444 5752 609 5824 religiosam
631 5754 739 5809 vestem
754 5750 807 5807 ali·
859 5748 958 5822 suique
973 5745 1029 5803 orie
1045 5747 1206 5823 eloquium,
1217 5762 1340 5807 suarum
1346 5746 1585 5820 1111111111
1594 5749 1690 5804 rauna
