3870 6150
136 251 199 307 roei
754 245 990 305 uacuarauuu
1009 242 1202 305 contrario.
1752 241 1825 307 losa·

133 360 211 430 veni,
225 359 356 415 attactus
379 374 441 413 sum
458 357 512 412 illis
536 359 565 413 ιιι
586 358 783 430 opprobrium.
807 360 840 414 Et
858 359 888 413 iu
901 358 951 414 lti-
963 370 1084 444 Auens,
1106 358 1213 430 ubique
1239 359 1367 431 potentia
1391 377 1442 415 sua
1464 359 1600 427 consistit,
1623 360 1671 415 ubi
1698 377 1715 414 a
1738 361 1820 416 Patre

133 454 212 508 chea
235 469 241 506 :
264 454 334 507 Ecce
359 452 498 507 Dominus
518 452 623 522 veniet,
644 456 672 508 et
695 451 954 508 commovebuntur
1003 452 1168 508 mitteretur
1179 453 1297 508 omniuo
1313 470 1370 509 non
1393 454 1502 509 habuit.
1518 454 1628 510 Scimus
1647 454 1726 509 enim
1746 470 1818 525 quo·

135 552 248 602 montes
270 546 323 601 sub
338 562 383 601 eo.
406 547 439 602 Et
452 546 480 601 in
495 547 650 602 Zacharia:
666 545 764 601 Gaude
783 548 812 601 et
836 545 953 613 exsulta,
1004 545 1080 600 niam
1091 545 1245 618 nullapars
1255 548 1389 603 coelorum
1401 564 1433 602 ac
1444 553 1526 604 terre
1538 564 1555 601 a
1565 551 1719 619 conspectu
1729 549 1820 603 Patris

134 641 193 695 tilia
207 641 286 708 Sion,
302 640 372 711 quia
395 656 459 695 ecce
475 656 529 711 ego
543 640 637 708 venio,
653 645 682 695 et
701 640 903 696 commorabor
923 639 954 694 in
1003 638 1152 711 excipitur,
1168 639 1215 694 uhi
1239 641 1394 696 secundum
1417 657 1466 696 eos
1482 656 1499 695 a
1516 642 1599 697 Patre
1619 640 1704 696 Filius
1722 640 1817 697 mitte·

133 734 231 790 medio
254 734 306 801 tui,
323 733 392 789 dicit
415 734 560 789 Dominus.
580 735 614 789 Et
633 733 782 806 Apostolus
802 733 838 788 ad
858 733 953 788 Timo·
1003 737 1089 788 retur.
1100 730 1196 805 269
1208 733 1323 789 iuterim
1331 751 1399 790 vero
1408 734 1456 790 det
1466 751 1596 806 operam,
1604 739 1744 806 quantum
1756 734 1818 791 Dori

131 829 234 884 theom
250 845 257 883 :
274 850 288 878 ιι
303 827 407 883 Fidelis
420 843 514 883 sermo
527 830 556 883 ct
568 827 648 883 omni
662 829 825 900 acceptione
838 827 951 899 dignus,
1002 828 1105 898 potest,
1120 828 1170 881 tua
1184 826 1308 897 dilectio,
1324 833 1354 883 ut
1366 828 1500 883 omnibus
1515 828 1644 884 Ecclesie
1657 828 1722 885 illlis
1732 829 1817 885 inno·

131 923 201 995 quia
214 924 294 978 lesos
309 921 436 977 Christus
449 922 528 977 venit
542 922 571 976 in
591 922 667 977 hunc
688 922 831 978 mundum
851 937 951 994 pecca·
1002 923 1099 988 tescet,
1131 919 1199 991 quid
1232 924 1331 977 contra
1360 922 1481 994 impium
1520 939 1635 979 sensum
1659 923 1818 979 secundum

131 1022 211 1073 tores
232 1017 322 1072 salvos
343 1015 438 1071 lacere
452 1016 477 1086 (l
497 1018 564 1071 Tim.
589 1032 608 1084 1,
627 1018 680 1086 l5).
695 1037 709 1066 ιι
724 1017 758 1071 Et
778 1014 950 1071 Malachias:
1001 1014 1198 1086 Evangehcam
1211 1013 1369 1070 doctrinam
1383 1020 1411 1070 ct
1421 1016 1603 1088 apostolicam
1617 1017 1816 1089 predicemus,

134 1133 148 1161 ιι
163 1112 233 1166 Ecce
247 1110 341 1165 subito
356 1110 451 1165 veniet
470 1109 500 1164 in
518 1109 625 1182 templo
639 1124 690 1165 suo
705 1109 849 1179 Dominus,
864 1124 951 1180 quem
1001 1107 1069 1180 quie
1093 1107 1160 1163 licet
1184 1109 1271 1180 plene
1294 1126 1357 1181 que
1379 1126 1492 1181 semper
1514 1110 1614 1165 luisset
1635 1114 1720 1182 atque
1744 1117 1818 1168 esset

131 1221 183 1260 vos
196 1203 333 1276 queritis,
351 1209 380 1259 et
399 1203 519 1275 angelus
537 1202 709 1272 testamenti,
725 1219 811 1275 quem
826 1219 874 1258 vos
887 1201 950 1258 vul·
1002 1200 1205 1257 catholicorum
1230 1203 1369 1258 sententia
1395 1202 1600 1275 scripserimus,
1622 1208 1719 1260 emen
1740 1221 1817 1261 nunc

130 1299 169 1353 tis
190 1299 320 1370 (liotocb.
342 1314 382 1365 ιιι,
407 1298 441 1368 ι).
464 1319 478 1346 ιι
502 1299 536 1353 Et
558 1297 588 1353 iu
610 1296 761 1369 Evangelio
776 1313 783 1351 :
799 1297 861 1352 Non
887 1295 951 1352 veni
1002 1296 1161 1367 quoquead
1170 1296 1377 1352 confirmandas
1385 1297 1636 1353 omniummcntes
1646 1314 1704 1352 non
1714 1315 1817 1370 parum

128 1407 232 1448 vocare
245 1392 349 1464 justos,
364 1390 413 1446 scd
427 1395 589 1463 peccatores
604 1391 633 1446 in
651 1390 829 1464 poenitentia.
846 1392 951 1464 lterum
1001 1389 1209 1445 exhortationis
1231 1390 1371 1447 addimus.
1392 1391 1500 1447 blemor
1520 1391 1598 1447 enim
1620 1407 1684 1447 sum
1699 1408 1745 1447 me
1765 1392 1817 1448 sub

129 1486 169 1542 ihi
185 1503 192 1540 :
208 1505 223 1538 ι
240 1485 317 1550 Quid
331 1484 412 1540 uobis
427 1485 535 1556 etquid
551 1485 612 1554 tibi,
628 1486 693 1540 iesu
709 1484 759 1539 Fili
775 1484 949 1556 Dei,venisti
1000 1481 1076 1538 illius
1096 1483 1214 1539 nomine
1237 1483 1369 1540 Ecclesia
1388 1484 1553 1557 presidere,
1568 1485 1649 1557 cujus
1667 1503 1684 1540 a
1698 1486 1817 1542 Domino

129 1584 198 1635 ante
211 1584 327 1652 tempus
341 1578 463 1650 perdere
485 1579 562 1634 nost
581 1579 690 1651 (natta.
704 1594 762 1644 vm,
779 1579 833 1649 29.)
850 1599 864 1628 ιι
879 1580 950 1634 item
999 1577 1064 1632 iesu
1078 1576 1189 1633 Christo
1209 1579 1253 1632 est
1272 1578 1428 1649 glorificata
1448 1578 1594 1646 confessio,
1609 1584 1637 1635 et
1652 1580 1733 1652 cujus
1746 1579 1817 1636 Ddes

129 1674 169 1729 ihi
182 1691 189 1729 ε
203 1695 217 1724 ιι
231 1672 316 1728 Venit
327 1671 403 1727 filius
417 1672 542 1728 hominis
553 1689 683 1745 querere
697 1676 726 1728 et
737 1673 845 1727 salvum
856 1671 949 1727 lacere
1001 1685 1102 1725 omncs
1125 1670 1242 1742 quidem
1262 1671 1386 1726 hereses
1409 1671 1539 1739 destruit,
1556 1672 1607 1728 sed
1620 1672 1745 1730 maxime
1760 1673 1816 1730 im·
1921 1688 1924 1697 ’

127 1767 209 1840 quod
232 1767 355 1839 perierat
370 1767 444 1838 (Lac.
462 1782 521 1839 qux,
536 1766 590 1840 th).
606 1788 619 1816 ιι
635 1769 705 1823 item
725 1766 764 1821 ibi
779 1783 786 1821 ε
802 1767 862 1839 Ego
883 1747 987 1821 vcniB
998 1763 1133 1835 pietatem
1156 1765 1305 1836 presentis
1327 1765 1433 1821 erroris
1456 1771 1614 1838 expugnat;
1637 1769 1667 1821 et
1687 1766 1817 1839 intelligo

129 1865 162 1916 ut
175 1861 265 1916 vitam
278 1860 413 1930 habeant,
428 1866 456 1916 ct
469 1865 501 1916 ut
521 1859 714 1917 abuudantius
727 1860 861 1915 habeant.
878 1861 947 1914 ltem
998 1857 1080 1913 aliter
1101 1856 1172 1913 mihi
1195 1874 1254 1913 uon
1276 1858 1375 1928 licere,
1398 1874 1487 1930 quam
1514 1863 1546 1913 ut
1573 1874 1674 1915 omnes
1698 1865 1816 1916 conatus

127 1955 190 2010 ihi:
206 1955 325 2010 «Nemo
343 1954 469 2011 ascendit
490 1954 637 2011 incoelum
659 1954 714 2008 nisi
735 1953 786 2025 qui
801 1952 948 2009 descendit
997 1966 1076 2005 meos
1098 1950 1124 2006 ei
1145 1948 1239 2007 cause
1262 1951 1291 2006 iu
1313 1968 1370 2024 qua
1391 1951 1558 2007 universalis
1584 1953 1716 2009 Ecclesie
1738 1953 1815 2009 salus

128 2049 166 2105 de
188 2048 270 2118 coelo,
286 2048 362 2104 filius
384 2047 511 2104 hominis
532 2047 582 2120 qui
603 2048 694 2103 estin
717 2048 786 2103 coelo
799 2047 888 2118 (toan.
904 2063 945 2115 ιιι,
997 2044 1814 2119 infestatur,impendam.Neautcmalicujusnegligeutie

129 2145 185 2214 43).
200 2165 215 2193 ιι
230 2142 366 2214 Nuuquid
380 2142 410 2198 in
429 2143 474 2198 his
496 2142 583 2197 tantis
597 2158 629 2197 ac
643 2141 748 2197 talibus
766 2140 947 2209 testimoniis,
998 2139 1145 2195 occasione
1167 2139 1270 2210 scripta
1283 2142 1379 2195 nostra
1396 2140 1432 2196 ad
1446 2156 1494 2195 vos
1508 2157 1568 2196 nou
1582 2141 1729 2214 potuerint
1748 2156 1811 2213 per-

127 2238 236 2309 quibus
254 2253 284 2291 se
303 2237 389 2292 Filius
410 2237 459 2292 Dei
485 2253 502 2291 a
524 2236 675 2308 semetipso
697 2235 806 2292 venisse
827 2237 949 2291 testatus
997 2233 1104 2303 venire,
1118 2236 1147 2289 et
1159 2234 1333 2305 exemplaria
1356 2250 1457 2290 eorum
1472 2250 1550 2291 nunc
1567 2234 1707 2291 mittenda
1721 2235 1813 2291 credi-

127 2335 181 2399 est,
197 2331 301 2403 poteris
323 2330 417 2388 dicere
441 2331 477 2386 ab
499 2331 555 2386 alio
575 2334 604 2386 et
625 2347 684 2387 non
699 2347 717 2385 a
734 2329 885 2402 semetipso
897 2346 947 2384 ve·
997 2344 1071 2394 mus,
1087 2331 1120 2382 ut
1134 2327 1300 2383 nullomodo
1318 2327 1385 2384 tidci
1406 2344 1494 2401 quam
1509 2329 1689 2385 defendimus
1709 2330 1813 2401 predi·

126 2427 212 2481 nisse.
230 2426 303 2480 Dum
325 2424 512 2481 manifestum
534 2429 577 2480 est
600 2440 668 2480 eum
690 2424 738 2496 qui
756 2440 871 2480 carnem
894 2439 945 2479 uo·
997 2421 1068 2475 catio
1084 2424 1183 2476 vestre
1209 2421 1347 2477 doctrine
1369 2422 1475 2477 notitiae
1499 2422 1694 2479 subtrahatur.
1710 2424 1813 2479 Datav

126 2524 218 2576 stram
244 2519 397 2592 dignanter
420 2518 573 2591 assumpsit
594 2517 754 2574 voluntarie
779 2523 808 2573 et
830 2533 888 2573 non
911 2517 946 2572 ab
996 2515 1067 2569 Non.
1082 2513 1156 2584 llaii,
1170 2516 1278 2572 toanne
1292 2516 1407 2572 Narsete
1420 2516 1454 2571 lv
1469 2516 1641 2573 consulibus.

126 2613 185 2669 alio
216 2613 318 2669 missus
344 2613 501 2669 advenerit.
536 2615 608 2669 Nam
634 2613 683 2684 qui
710 2611 740 2666 in
771 2613 853 2666 Patre
883 2626 944 2665 ma·

404 2954 692 3048 lNClPlUNT
745 2955 1007 3049 DECRETA
1063 2952 1303 3048 JOANNIS
1356 2953 1539 3047 PAPAE.

161 3264 279 3317 loannes
300 3261 460 3334 episcopus,
477 3261 616 3318 universis
638 3263 778 3335 episcopis
800 3278 852 3335 per
872 3258 1811 3349 Ger-CnullusdonumSpiritussanctipermanusimpositionem

125 3355 232 3410 menie
255 3361 283 3412 ct
303 3355 400 3412 Gallie
414 3356 573 3429 provincias
587 3356 756 3425 constitutis,
773 3357 803 3411 in
818 3356 942 3411 Domino
993 3353 1149 3409 tradidisse.
1158 3353 1243 3419 Quod
1254 3359 1351 3409 autem
1360 3354 1426 3410 solis
1435 3358 1572 3427 apostolis
1583 3375 1741 3432 eorumque
1750 3379 1811 3418 suc-

125 3449 942 3523 salutemoptaveramsiquidem,charissimi,pronostri
992 3447 1149 3503 cesson'bus
1169 3448 1280 3520 proprii
1297 3449 1333 3503 sit
1351 3448 1437 3503 officii
1457 3450 1572 3506 tradere
1591 3452 1729 3524 Spiritum
1743 3472 1809 3511 sau·
1868 3444 1877 3457 ⁴

123 3544 266 3599 charitate
280 3545 393 3617 collegii
414 3560 515 3601 omnes
530 3544 645 3601 Domini
662 3545 827 3602 sacerdotes
840 3544 869 3600 in
886 3560 942 3599 una
992 3545 1080 3611 ctum,
1097 3541 1168 3598 liber
1189 3545 1311 3598 actuum
1332 3543 1525 3615 apostolorum
1539 3545 1631 3603 docet.
1646 3550 1677 3605 ln
1690 3551 1810 3608 concilio

123 3638 277 3694 devotione
291 3638 451 3711 persistere,
461 3656 514 3696 uec
527 3655 715 3712 quemquam,
727 3639 871 3713 prohibita
881 3655 942 3711 gra·
991 3651 1058 3692 vero
1081 3636 1246 3692 cesariensi
1267 3636 1307 3692 ita
1326 3637 1360 3692 de
1384 3638 1574 3711 corepiscopis
1596 3641 1720 3698 habetor
1740 3646 1809 3701 scri-

123 3732 174 3800 tia,
187 3734 239 3787 aut
257 3732 355 3789 favore
377 3733 560 3790 sacerdotum
583 3734 695 3802 sectari,
710 3739 760 3789 aut
776 3733 850 3789 avia
865 3738 942 3790 recta
991 3733 1074 3802 ptum
1083 3746 1090 3784 ε
1100 3729 1283 3802 Corepiscopi
1294 3746 1409 3803 quoquc
1422 3731 1459 3787 ad
1473 3734 1637 3806 exemplum
1647 3741 1675 3792 et
1686 3737 1808 3796 formam

124 3825 285 3894 discedere
301 3833 329 3883 et
341 3843 506 3900 quanquam
528 3828 680 3885 credamus
698 3827 878 3884 dilectionem
893 3844 940 3883 ve·
992 3824 1172 3896 septuaginta
1193 3823 1328 3880 videntur
1349 3840 1420 3893 esse,
1442 3829 1475 3880 ut
1495 3827 1682 3885 comministri
1711 3836 1809 3889 autem

124 3924 214 3976 stram
224 3921 259 3976 ad
270 3937 357 3978 omne
370 3938 441 3994 opus
453 3922 562 3978 bonum
575 3938 636 3979 esse
649 3925 790 3996 paratam,
800 3926 834 3979 ut
844 3927 941 3978 tamen
991 3917 1247 3990 propterstudium
1258 3918 1334 3991 quod
1347 3934 1416 3990 erga
1425 3936 1567 3992 pauperes
1577 3923 1714 3981 exhibent
1723 3925 1810 3982 hono·

124 4013 268 4070 efficacior
289 4016 349 4083 hat,
366 4031 527 4088 congruum
551 4016 631 4073 nobis
654 4017 745 4072 visum
769 4020 821 4087 est,
840 4015 942 4071 litteris
991 4017 1101 4067 rentur.
1116 4011 1147 4067 Si
1160 4011 1237 4067 euim
1251 4010 1383 4068 meliores
1397 4013 1608 4088 sanctioresque
1622 4019 1807 4093 sanctisapo·

123 4108 198 4163 sedis
206 4109 381 4181 apostolice,
391 4114 421 4166 ut
431 4113 766 4183 antecessorumquoque
776 4116 941 4166 nostrorum
991 4105 1068 4161 stolis
1087 4121 1147 4161 csse
1167 4105 1283 4177 putatis,
1297 4106 1379 4162 tacite
1401 4123 1466 4179 que
1486 4107 1527 4164 illi
1545 4126 1603 4165 nou
1625 4112 1764 4184 fecerunt,
1781 4119 1810 4173 et

122 4202 245 4274 vestigia
265 4203 422 4272 imitemur,
436 4221 484 4260 vos
499 4221 617 4261 monere
639 4209 781 4277 precepta
800 4203 895 4260 divina
913 4209 941 4260 et
991 4199 1203 4272 superextollite
1213 4215 1262 4255 vos
1275 4197 1340 4255 illis.
1351 4199 1379 4256 Si
1391 4200 1468 4256 enim
1482 4201 1612 4274 ejusdem
1626 4206 1734 4263 ordinis
1743 4211 1810 4266 estis

121 4295 285 4367 apostolice
297 4297 372 4353 sedis
386 4298 515 4355 instituta
530 4299 649 4354 viriliter
667 4313 815 4371 peragere,
832 4301 861 4352 et
873 4314 939 4370 pro-
991 4296 1020 4347 et
1034 4294 1212 4367 equiparare
1226 4310 1277 4349 vos
1289 4292 1374 4348 vultis
1395 4293 1459 4364 illis,
1475 4296 1565 4353 nolite
1587 4314 1673 4371 agere
1691 4317 1756 4375 que
1768 4304 1809 4359 illi

122 4390 214 4446 hibita
228 4407 287 4446 non
303 4394 432 4464 tangere,
448 4392 497 4448 scd
513 4409 630 4460 caverc;
648 4408 699 4447 nec
712 4392 847 4464 cuiquam
856 4391 942 4447 liceat
989 4404 1049 4443 uon
1062 4391 1191 4459 egerunt,
1207 4387 1257 4443 sed
1276 4387 1438 4458 imitamini,
1454 4393 1539 4461 prout
1558 4393 1661 4448 mehus
1678 4397 1806 4467 potestis,

123 4500 251 4557 unquam
263 4485 423 4541 doctrinam
438 4487 552 4543 Petrum
570 4487 711 4554 deserere,
727 4489 757 4541 et
771 4485 941 4541 sacerdotali
989 4481 1119 4553 exempla
1133 4486 1162 4537 et
1173 4481 1295 4553 vestigia
1309 4497 1408 4538 eorum
1421 4500 1427 4536 z
1442 4482 1498 4538 illis
1512 4490 1609 4542 autem
1622 4489 1808 4561 precipiente

122 4578 232 4633 honore
247 4579 380 4650 gaudere.
393 4581 535 4636 Perlatum
544 4586 587 4636 est
595 4579 633 4636 ed
647 4581 744 4637 sedem
756 4578 939 4652 apostolicam
989 4575 1123 4643 Domino,
1138 4574 1250 4648 illisque
1266 4575 1464 4645 denuntiante,
1479 4581 1510 4632 ut
1523 4578 1612 4654 ιιιιει
1629 4596 1808 4642 successores

122 4672 285 4743 emersisse,
301 4679 331 4730 et
345 4675 438 4731 denuo
451 4675 618 4730 reviviscere
632 4675 822 4747 prohibitum,
836 4677 866 4730 et
877 4653 979 4728 lun-l)
989 4685 1089 4726 eorum
1101 4668 1300 4725 tantummodo
1310 4685 1362 4741 per
1372 4685 1477 4726 manus
1489 4669 1703 4744 impositionem
1716 4680 1808 4737 trado·

121 4765 198 4821 ditus
212 4767 439 4840 exstirpandum,
455 4772 516 4824 tam
531 4786 548 4824 a
562 4773 659 4825 sancto
681 4769 798 4824 Damaso
818 4784 905 4841 quam
924 4784 941 4822 a
990 4763 1809 4846 rentSpiritumsanctum‚etnullumunquamcx‘septua·

121 4864 221 4916 sancto
245 4862 351 4933 Leone,
366 4863 432 4917 viris
453 4863 615 4936 apostolicis
636 4865 722 4935 atque
746 4863 781 4918 ab
803 4862 941 4918 universis
991 4859 1071 4931 ginta
1084 4858 1206 4914 scientes
1224 4857 1264 4912 eis
1278 4856 1406 4913 illicitum
1422 4857 1494 4926 fore,
1509 4876 1632 4932 quorum
1651 4867 1751 4938 typum
1764 4868 1808 4941 (ut

124 4955 255 5027 synodali
264 4957 434 5013 auctoritate
443 4956 845 5029 episcopisreprehcnsibilem
855 4961 940 5028 atque
990 4952 1159 5024 predictum
1175 4950 1228 5023 est)
1243 4950 1427 5024 corepiscopi,
1442 4958 1599 5028 autequam
1612 4960 1749 5031 prohibiti
1765 4980 1806 5018 es-

122 5049 228 5120 oppido
239 5049 385 5106 insolitum
394 5069 488 5121 usum,
499 5068 534 5108 eo
545 5051 621 5123 quod
631 5051 747 5123 quidam
757 5049 939 5123 corepiscopi,
990 5046 1100 5118 scottia
1112 5045 1237 5101 Ecclesia
1245 5045 1393 5117 gerebant,
1402 5047 1514 5104 tradere
1523 5065 1576 5121 per
1584 5054 1806 5127 manusimposi·

122 5142 173 5215 qui
185 5147 214 5199 et
225 5160 242 5198 a
255 5144 456 5217 predictorum
470 5151 681 5202 autecessorum
694 5149 861 5202 sanctorum
870 5160 938 5217 apo·
989 5141 1096 5196 tionem
1111 5139 1246 5212 Spiritum
1265 5145 1394 5195 sanctum
1410 5143 1615 5214 permiserunt,
1630 5147 1730 5204 dantes
1742 5165 1804 5205 suc·

120 5237 288 5294 stolicomm
313 5239 443 5297 Patribus
462 5246 491 5296 et
504 5240 572 5295 viris
591 5239 762 5313 apostolicis,
779 5243 808 5296 et
822 5239 858 5295 ab
873 5237 941 5312 ipsis
990 5233 1619 5310 cessoribuseorumexemplum,neunquam
1628 5239 1806 5313 tahapresu·

121 5331 181 5387 sive
201 5349 218 5388 a
238 5333 319 5389 uobis
340 5337 407 5390 sunt
426 5335 572 5407 prohibiti,
587 5334 659 5391 sicut
680 5351 780 5390 eorum
802 5335 940 5389 hactenus
990 5331 1111 5384 merent.
1125 5328 1205 5384 Unde
1217 5327 1247 5383 in
1259 5327 1373 5385 Actibus
1387 5331 1580 5401 apostolorum
1595 5332 1730 5405 scriptum
1744 5342 1803 5394 est:

121 5429 263 5483 testantur
272 5427 387 5484 decreta
396 5428 471 5485 ultra
480 5429 600 5485 modum
613 5446 697 5484 suum
708 5427 938 5502 progredientes,
992 5446 1005 5474 ιι
1021 5424 1091 5479 Cum
1104 5421 1252 5478 audissent
1271 5423 1402 5495 apostoli,
1419 5423 1467 5494 (1¹¹¹
1489 5427 1572 5479 emili
1591 5424 1803 5501 Ηῑθῑθθῠιγωίε,

121 5519 941 5595 donumsenctiSpiritusperimpositionemmanuumtra·
991 5518 1058 5591 quia
1070 5517 1179 5590 recepit
1197 5516 1329 5573 Samaria
1341 5515 1459 5572 verbum
1474 5517 1532 5585 Dci,
1549 5518 1690 5576 misemnt
1704 5523 1739 5579 ad
1754 5543 1804 5582 cos
1906 5517 1910 5523 ’

121 5614 202 5682 dant,
216 5618 244 5670 et
254 5615 310 5671 alia
320 5632 385 5689 que
395 5616 488 5672 solum
498 5616 681 5690 pontificibus
692 5615 833 5671 debentur
842 5620 941 5671 contra
990 5615 1105 5669 Petrum
1125 5617 1155 5667 et
1173 5611 1326 5667 ioannem.
1342 5608 1477 5674 Quicum
1496 5610 1639 5669 venissent
1652 5627 1805 5678 oraverunt

119 5706 164 5762 ias
176 5716 332 5782 peragant;
348 5711 508 5782 presertim
524 5727 589 5767 cum
605 5727 639 5767 ex
653 5709 834 5783 septuaginta
855 5707 939 5764 disci·
990 5722 1043 5780 pro
1056 5705 1135 5778 ipsis,
1150 5708 1183 5760 ut
1195 5704 1357 5777 acciperent
1373 5702 1508 5773 Spiritum
1522 5711 1663 5765 sanctum.
1677 5710 1804 5772 Necdum

120 5802 196 5878 pulis
215 5819 338 5879 quorum
360 5805 484 5877 speciem
508 5807 536 5861 iu
560 5806 681 5862 Ecclesia
704 5809 809 5877 gemat
830 5805 941 5876 legatur
991 5799 1116 5856 enimin
1139 5813 1313 5872 quemquam
1331 5796 1448 5852 illorum
1464 5806 1589 5871 venerat,
1606 5802 1655 5859 scd
1670 5803 1805 5881 baptizati
