3870 6150
150 284 200 339 3523
593 280 734 336 Anemo.
756 283 799 338 AU
818 278 898 338 silc.
921 282 962 337 lx.
980 312 1013 322 —-
1034 281 1152 337 lSlltlllll
1174 280 1386 338 ltlEllsA'lOillS

147 388 201 444 rati
215 388 322 442 concilii
336 385 440 442 Nicaeni
453 386 549 459 qualia
564 389 735 461 exemplaria
747 389 900 445 habeamus
916 389 960 444 his
971 388 1127 474 Atocnndi
1139 389 1234 460 aliqua
1243 390 1352 445 firmari
1362 389 1457 460 credo,
1471 390 1687 463 aliquotirmsri
1696 392 1722 449 dt

149 481 234 554 gestis
246 480 395 536 sociemus.
1012 498 1077 536 cum
1089 482 1150 553 jam
1165 482 1194 536 in
1208 482 1326 538 dubium
1343 483 1396 554 ipsi
1415 500 1538 539 canones
1552 485 1696 542 venerint.
1710 486 1722 541 Ι

183 577 214 630 V.
226 575 372 629 Faustinus
382 574 543 648 episcopus,
553 576 665 648 legatus
676 576 805 632 Ecclesiae
815 577 960 645 Romane,
1011 575 1105 646 placet
1119 579 1147 629 et
1161 576 1241 630 vobis
1256 580 1285 630 et
1298 576 1468 633 beatitudini
1481 583 1582 633 vestre
1597 580 1633 634 ad
1656 596 1722 635 sant

148 668 553 725 dixitzNeevostrasanctitas
572 669 741 741 prejudicat
757 662 960 726 ecclesiae'llo-
1011 669 1203 723 venerabilem
1224 669 1353 724 Ecclesiae
1378 670 1515 725 Romanae
1536 672 1714 727 bonifacium

147 778 252 830 manue,
266 761 324 816 sive
337 761 372 817 dc
389 762 444 818 hoc
458 762 593 834 capitulo,
608 763 665 818 sive
685 763 721 818 de
742 765 813 831 aliis,
830 764 897 836 quia
918 763 960 819 di·
1011 778 1081 832 pum
1099 768 1191 817 vestra
1218 762 1340 818 seribere
1361 762 1495 845 dignetur
1513 765 1658 835 sanctitas,
1675 768 1709 820 nt

146 872 211 910 cere
226 855 357 925 dignatus
372 859 416 910 est
435 856 524 911 frater
537 860 633 912 noster
645 860 675 911 ct
689 858 872 930 coepiscopus
884 858 959 929 Alip-
1012 855 1089 926 quod
1102 860 1215 910 sanctus
1225 856 1402 927 Augustinus
1414 861 1538 913 statuere
1553 859 1688 929 dignatus
1699 874 1722 915 et

144 948 210 1021 pius
223 949 324 1004 dubios
338 964 398 1003 esso
412 966 546 1005 canones.
561 950 615 1006 Sed
630 951 689 1005 haec
704 951 765 1023 ipsa
777 951 814 1006 ad
830 956 960 1007 sanctum
1011 946 1111 1002 berare
1127 948 1225 1019 possit,
1237 953 1334 1003 ulrum
1348 952 1377 1003 et
1390 950 1445 1006 hoe
1458 950 1679 1007 concedendum
1691 952 1722 1007 sit

145 1047 174 1097 et
183 1042 378 1098 beatissimum
390 1059 495 1114 papam
507 1049 637 1099 nostrum
651 1044 772 1100 scribere
788 1043 959 1117 dignemini,
1011 1040 1156 1096 ticendum
1171 1043 1225 1096 hoc
1240 1048 1292 1110 est,
1307 1043 1342 1098 de
1357 1043 1600 1114 appellationibus
1613 1044 1722 1101 inferior

145 1139 176 1190 ut
189 1136 249 1208 ipse
262 1136 389 1208 integros
401 1153 525 1192 canones
541 1136 690 1209 inquirens
708 1155 773 1194 cnm
788 1143 880 1194 vestre
898 1155 960 1194 san·
1011 1130 1073 1201 due,
1090 1134 1113 1187 si
1126 1151 1194 1204 ergo
1207 1134 1300 1189 adhuc
1313 1136 1342 1189 in
1357 1135 1474 1191 dubium
1488 1137 1564 1192 veuit
1578 1137 1614 1192 de
1626 1137 1682 1193 hoc
1695 1155 1722 1194 ce

144 1229 241 1284 ctitate
256 1229 290 1284 de
304 1229 435 1285 omnibus
450 1230 608 1286 constitutis
621 1235 743 1287 tractare
766 1231 862 1304 possit.
876 1232 958 1288 Susfi-
1006 1224 1116 1296 J'ustum
1131 1231 1173 1282 est
1185 1231 1217 1282 ut
1229 1226 1401 1283 beatissime
1423 1230 1558 1284 Romane
1580 1230 1657 1286 sedis
1682 1234 1722 1305 epi

143 1323 296 1379 citantem
319 1328 351 1379 ut
373 1327 401 1379 et
426 1323 486 1396 ipse
509 1325 689 1380 beatissimus
714 1326 862 1398 episcopus
883 1326 959 1380 urbis
1008 1319 1158 1374 informari
1172 1320 1284 1389 debeat,
1303 1322 1326 1376 si
1339 1323 1478 1377 tamenin
1493 1323 1657 1395 approbatis
1670 1341 1722 1381 can

144 1418 241 1472 Romo.»
263 1417 345 1473 sicuti
363 1422 455 1472 vestre
478 1419 611 1473 sanctitas
639 1418 716 1490 apud
737 1437 765 1474 se
788 1419 960 1487 tractatus
1009 1411 1062 1467 hnc
1077 1413 1307 1484 invenitinuenit·

144 1513 174 1564 ct
189 1511 250 1582 ipsc
265 1510 399 1582 inquirat,
414 1528 449 1566 ne
469 1512 614 1566 contentio
638 1512 714 1566 inter
732 1512 863 1567 ecclesias
884 1513 957 1567 nosci
1044 1507 1074 1560 X·
1090 1507 1219 1561 Aurelius
1243 1507 1390 1578 episcopus
1413 1508 1505 1564 dixit:
1522 1509 1614 1565 Etiam
1635 1527 1703 1583 quoe
1718 1535 1722 1567 t

142 1602 282 1671 videatur,
304 1602 354 1658 sed
376 1605 466 1676 magis
491 1605 626 1660 charitate.
650 1605 778 1663 fraterna
800 1605 958 1662 deliberare
1008 1602 1106 1654 vestrae
1121 1600 1250 1655 thm'ituti
1270 1600 1478 1670 iutimutimu⁵2
1495 1620 1552 1658 u0u
1573 1605 1707 1676 Patimini

141 1698 252 1768 possitis
265 1697 327 1768 ipso
347 1697 517 1752 rescribente
539 1698 607 1770 quid
622 1699 726 1754 melius
747 1699 888 1755 observari
906 1700 955 1756 de·
1008 1691 1100 1762 pluria
1124 1698 1294 1748 statutorum
1318 1695 1423 1749 Nicoeui
1447 1697 1570 1766 concilii,
1584 1698 1635 1752 sed
1652 1701 1682 1753 et
1695 1715 1722 1771 qt

140 1790 214 1845 beat.
228 1790 356 1845 Aurelius
369 1791 517 1863 episcopus
530 1790 621 1846 dixit:
635 1793 744 1848 Praeter
753 1792 804 1848 ista
814 1810 879 1865 quae
892 1810 956 1864 pro·
966 1772 994 1844 Β
1005 1784 1183 1840 salubritera
1197 1787 1301 1874 nostris
1315 1787 1509 1844 decessoribus
1524 1791 1722 1864 secuudumej

140 1884 271 1938 misimus
282 1883 351 1938 actis
364 1900 479 1951 necesse
494 1889 546 1952 est,
562 1887 595 1939 ut
607 1885 694 1940 etiam
707 1891 811 1941 nostroe
831 1887 955 1958 parvita-
1006 1878 1117 1933 cuuuiiii
1133 1896 1264 1935 normam
1285 1881 1412 1937 immuta
1430 1888 1505 1954 sunt,
1520 1882 1562 1938 tel
1577 1900 1642 1956 (1¹¹ae
1656 1900 1722 1941 uun*

140 1976 176 2031 tis
189 1977 289 2033 litteris
302 1982 397 2032 sancto
410 1977 490 2032 fratri
503 1981 531 2032 et
550 1978 741 2034 consacerdoti
762 1983 859 2035 nostro
871 1980 954 2035 boni·
1005 1977 1071 2027 nutu
1090 1977 1165 2042 sunt,
1183 1991 1200 2028 u
1215 1974 1295 2027 unitis
1317 1975 1429 2029 recitari
1452 1980 1480 2030 et
1502 1977 1589 2047 gestis
1610 1977 1710 2035 inseri.

139 2070 212 2125 facio
221 2070 333 2142 singule
349 2086 413 2143 quoe
431 2074 585 2126 tractamus
599 2070 763 2143 plenissime
776 2072 953 2144 intimemus;
1005 2067 1157 2121 concilium
1168 2066 1240 2122 dixit
1252 2083 1258 2122 :
1273 2068 1451 2139 Exempluriu
1466 2069 1531 2124 fidei
1544 2074 1573 2124 et
1585 2071 1722 2126 stututett

140 2162 954 2235 ergosiomnibusplacet,prosecutionostreoreomnium
1004 2159 1185 2231 synodique
1209 2159 1245 2214 ad
1266 2167 1396 2215 nostrum
1418 2162 1577 2231 concilium,
1592 2180 1658 2235 qnos
1671 2179 1722 2236 per

140 2255 347 2311 condiscamus.
373 2255 542 2312 Universum
563 2256 714 2313 concilium
738 2257 807 2334 dixit
827 2261 953 2316 :Placet
1004 2253 1206 2308 retundatiuuis
1228 2254 1295 2308 olim
1318 2255 1557 2326 pi‘aedneessnrem
1590 2261 1646 2312 tuae
1669 2274 1722 2313 sen

175 2349 216 2417 Vl,
226 2349 279 2403 Vll.
291 2349 412 2403 Novatus
426 2349 574 2421 episcopus
586 2351 698 2422 legatus
707 2352 881 2408 Mauritaniae
892 2353 955 2409 Siti·
1003 2345 1052 2417 qui
1065 2345 1204 2416 interfuit,
1216 2347 1392 2403 (lucilianum
1405 2349 1572 2421 episcopum
1587 2351 1674 2405 silete
1684 2367 1722 2407 snt

136 2441 224 2498 tensis
238 2441 326 2497 dixit:
339 2443 418 2498 Nunc
431 2442 612 2499 meminimus
626 2445 656 2500 in
668 2445 721 2500 hoc
736 2446 871 2517 presenti
880 2463 954 2503 com·
1003 2442 1031 2493 et
1043 2455 1106 2511 quae
1121 2443 1214 2511 patius
1229 2441 1401 2511 exemplaria
1421 2449 1573 2514 sequentes
1593 2443 1640 2498 hic
1662 2461 1722 2501 coru

136 2534 292 2590 monitorio
305 2534 411 2591 lectum
424 2536 816 2610 otinmdepresbyterissire
829 2539 953 2596 diaconi-
1002 2535 1080 2601 runt,
1102 2533 1144 2587 ml
1168 2550 1244 2588 nunc
1268 2535 1414 2589 cummuni
1440 2539 1562 2591 tractatu
1588 2536 1722 2594 stutuimn

135 2627 189 2684 bus
200 2628 340 2685 contineri
356 2631 477 2702 qualiter
489 2631 524 2685 ab
539 2631 679 2703 episcopis
691 2633 750 2688 suis
770 2635 815 2689 vel
835 2634 950 2690 anniti·
1003 2625 1088 2696 guntin
1102 2626 1293 2682 uuuluuiustiuiu
1315 2627 1420 2684 tumltu
1444 2630 1609 2699 manebunt,
1626 2630 1667 2686 itu
1679 2630 1721 2703 tui

136 2722 190 2777 mis
200 2721 294 2777 audiri
306 2722 439 2792 debeant,
452 2722 528 2795 quod
541 2724 571 2779 in
582 2723 694 2781 Nicaeno
705 2726 951 2783 conciliominime
1001 2717 1059 2773 rius
1079 2719 1185 2774 dictum
1209 2723 1258 2790 est)
1274 2720 1483 2776 venerubitihus
1498 2722 1565 2777 viris
1584 2723 1722 2781 Antioche

133 2815 267 2887 legimus.
288 2815 367 2872 Unde
391 2817 445 2871 boc
466 2817 560 2888 ipsum
581 2817 681 2888 jubeat
703 2821 838 2877 sanctitas
858 2826 951 2878 vestra
1000 2812 1208 2881 Alexandrinus
1224 2814 1272 2868 ³011
1292 2819 1320 2869 tt
1340 2815 1662 2887 Cuustuutinttutituuae
1687 2833 1722 2874 uu

134 2907 217 2964 nobis
236 2909 359 2965 recitari.
382 2909 512 2965 Aurelius
529 2909 678 2983 episcopus
694 2913 762 2968 dixit
778 2931 784 2968 :
806 2914 952 2970 Recitator
999 2922 1064 2959 rum
1080 2906 1216 2977 emmonis
1229 2907 1353 2962 scribere
1367 2913 1458 2962 vestm
1471 2909 1621 2965 beatitudo
1633 2910 1722 2983 digne*

135 3001 172 3057 ud
182 3002 288 3071 locum,
303 3003 389 3058 etiam
401 3002 455 3058 hoc
471 3005 547 3076 quod
563 3005 851 3076 deposcitur3Dan501
867 3014 948 3063 nota.
1000 2999 1170 3076 exemplaria
1185 2999 1331 3054 verissima
1355 3000 1466 3055 concilii
1491 3002 1598 3057 Nicaeni
1621 3004 1674 3058 sub
1696 3008 1722 3059 st

133 3094 193 3149 rius
206 3095 345 3164 recitavit,
361 3096 396 3151 de
408 3098 645 3169 appellationibus
658 3102 755 3153 autem
771 3099 947 3170 clericorum,
959 3140 986 3214 C
1000 3091 1076 3148 tione
1093 3093 1251 3148 litterarum
1264 3111 1382 3149 suumm
1401 3095 1535 3165 dirigunt,
1549 3112 1606 3167 quo
1622 3098 1722 3153 cierat

133 3186 227 3255 idest,
241 3187 361 3244 minoris
374 3189 426 3244 loci
440 3194 527 3246 restet
536 3191 623 3263 ipsius
637 3191 738 3262 synodi
747 3197 948 3265 certarespon·
999 3203 1033 3241 0³
1045 3185 1167 3257 capitula
1180 3204 1244 3259 quae
1256 3187 1286 3241 i¹¹
1299 3188 1488 3243 ⁶⁰¹¹¹ffl⁰flii⁰s
1489 3188 1515 3242 1⁰
1537 3206 1663 3260 Plffisflns
1683 3191 1722 3247 flu

133 3280 184 3348 sio,
197 3280 232 3335 de
247 3298 304 3354 qua
318 3298 348 3337 re
361 3282 438 3355 quod
451 3285 542 3338 acturi
553 3283 622 3351 sitis,
634 3283 776 3340 credimus
787 3285 947 3355 inserenda,
998 3279 1178 3351 tut-‘Piuuuuuu
1193 3283 1289 3335 ututur
1303 3281 1722 3356 Faustiuu³20t001uur⁰³b5t⁸l

132 3374 210 3446 quod
235 3376 329 3431 taliter
359 3375 467 3431 dietum
493 3380 535 3431 est
560 3394 594 3432 ex
625 3378 785 3434 Sardicensi
817 3381 946 3437 concilio.
998 3372 1093 3444 lippus
1107 3377 1135 3427 ut
1147 3375 1256 3428 Asellus
1269 3391 1365 3429 sutum
1386 3375 1552 3444 attuleruut>
1566 3382 1616 3431 tut
1636 3363 1722 3433 ibides

133 3468 214 3523 Osius
226 3469 373 3540 episcopus
387 3468 459 3524 dixit
472 3487 478 3525 :
494 3469 568 3534 Quid
580 3469 674 3526 adhue
694 3476 808 3528 moveat
829 3475 948 3532 reticere
998 3472 1077 3536 putu
1089 3483 1106 3521 u
1119 3466 1200 3521 uubis
1214 3467 1382 3535 firmabitur,
1396 3472 1445 3523 uui
1456 3469 1479 3523 Si
1491 3487 1548 3524 uun
1560 3471 1722 3527 iuuuuiuntu

130 3577 189 3617 non
203 3562 305 3630 debeo,
319 3563 343 3617 si
357 3563 505 3636 episcopus
521 3565 592 3620 torte
612 3564 765 3622 iracundus
778 3567 867 3639 (quod
886 3586 947 3624 esse
996 3558 1068 3615 luctu
1080 3561 1187 3632 Syuudu
1201 3561 1235 3616 de
1249 3562 1305 3616 hut
1318 3563 1348 3616 in
1361 3563 1493 3635 unquenti
1506 3563 1699 3620 tmuiubimuu·
1713 3567 1722 3621 Ι

130 3671 188 3710 non
207 3655 302 3726 debet)
317 3657 373 3712 cito
389 3662 438 3712 aut
460 3675 559 3729 aspere
580 3667 792 3716 commoveatur
811 3661 946 3719 adversus
996 3655 1123 3709 notarius
1146 3655 1253 3710 liicaeni
1265 3656 1376 3711 concilii
1390 3656 1597 3729 professionem
1611 3658 1679 3714 fidei
1693 3674 1722 3714 te

129 3748 327 3822 presbyterum
348 3750 405 3806 sive
428 3751 579 3807 diaconum
602 3770 698 3824 suum,
713 3760 741 3810 et
758 3756 946 3814 exterminare
997 3752 1103 3803 sintuia
1118 3748 1244 3803 imitavit
1256 3748 1285 3803 iu
1298 3749 1418 3805 0⁰nuili⁰
1435 3750 1580 3806 uirtutum

131 3860 198 3900 eum
206 3844 242 3900 de
250 3844 500 3914 ecclesiaroluerit,
506 3846 765 3918 providendumest
771 3867 806 3905 ne
812 3849 946 3906 innocens
1239 3842 1395 3912 sumtuum
1407 3846 1558 3902 Nttaemtm·

130 3936 290 4006 damnetur,
303 3944 352 3994 aut
373 3939 476 4009 perdat
488 3940 729 4009 communionem,
745 3942 848 3998 habeut
862 3947 944 4015 pote·
1031 3935 1073 3990 iii·
1088 3935 1235 3991 Credimus
1248 3937 1278 3991 in
1291 3954 1381 3992 unum
1398 3938 1486 3991 Deum
1499 3939 1609 3993 Patrem
1625 3939 1721 4014 omnip

130 4033 230 4086 statem
246 4031 352 4102 ejectus
367 4036 398 4085 ut
416 4031 553 4088 finitimos
570 4034 728 4105 interpellet
744 4036 898 4108 episcopos,
913 4042 946 4092 ut
994 4033 1063 4097 tem,
1078 4030 1206 4084 Omnium
1216 4031 1368 4086 visibilium
1381 4037 1409 4086 et
1421 4031 1609 4088 invisibilium
1620 4033 1722 4090 condit<

130 4138 243 4178 causam
265 4139 344 4178 suam
367 4123 493 4192 audiant,
509 4131 538 4180 et
559 4125 711 4197 diligenter
732 4131 865 4198 tractent,
879 4130 945 4201 quia
995 4125 1024 4177 et
1036 4121 1065 4176 iu
1082 4140 1170 4178 uuum
1184 4125 1335 4180 bominum
1347 4127 1444 4181 lesum
1464 4125 1609 4183 Christum
1630 4116 1722 4184 Filiun'

129 4230 187 4269 uon
202 4218 312 4286 oportet
324 4217 425 4287 negari
440 4215 615 4273 audientiam
631 4220 756 4291 roganti,
772 4226 801 4276 et
817 4221 865 4277 ille
881 4223 941 4295 epi·
993 4221 1092 4271 nutum
1107 4215 1142 4271 dn
1155 4219 1237 4274 Putre
1252 4219 1444 4291 unigenitum,
1461 4219 1514 4274 huc
1535 4225 1577 4275 est
1599 4221 1635 4276 de
1653 4221 1722 4278 subit

129 4324 229 4381 scopus
243 4309 292 4381 qui
307 4315 356 4365 aut
364 4310 441 4381 justo
453 4316 501 4365 aut
515 4311 621 4383 injuste
637 4313 729 4384 ejecit,
745 4313 887 4385 patienter
900 4334 944 4372 ac·
993 4310 1189 4380 Putris,lte¹1m
1200 4311 1233 4366 du
1244 4313 1313 4379 Deo,
1324 4313 1422 4368 lumen
1435 4312 1596 4383 delumine,
1608 4315 1722 4371 Deumu

128 4400 225 4475 cipiet,
239 4403 282 4458 vel
305 4403 453 4475 negotium
476 4403 715 4474 discernuntur
732 4408 869 4480 probetur
881 4411 943 4483 ejus
993 4401 1028 4459 du
1044 4405 1098 4460 ⁰0⁰
1113 4421 1190 4472 tenu,
1204 4411 1313 4474 natum,
1331 4424 1387 4461 u⁰u
1402 4408 1519 4475 suctum,
1536 4406 1620 4463 unius
1641 4408 1722 4465 subsit

126 4502 174 4553 aut
185 4497 355 4555 emendetur
369 4497 521 4566 sententia,
538 4503 591 4555 etc.
951 4510 1057 4582 Deum
1072 4499 1152 4554 Patre
1167 4499 1254 4571 (quod
1267 4500 1354 4555 Greci
1367 4500 1467 4556 dicunt
1483 4503 1641 4574 omousion),
1656 4519 1722 4576 pert

162 4591 230 4648 Vlll.
258 4592 384 4665 Cumque
414 4592 590 4660 recitaretur,
614 4596 786 4667 Augustinus
813 4596 942 4654 Ecclesia
994 4592 1090 4647 omniu
1113 4593 1186 4647 suctu
1208 4590 1283 4663 suut,
1299 4594 1356 4649 sive
1380 4612 1442 4666 qum
1468 4595 1498 4650 in
1523 4595 1722 4669 cutientem

127 4683 264 4757 Hipponis
282 4686 428 4758 Regiensis
438 4686 550 4759 legatus
568 4688 721 4759 provinciae
739 4691 878 4747 Numidiae
898 4692 941 4747 di·
993 4687 1083 4755 terrie,
1099 4686 1149 4758 qui
1164 4694 1281 4760 propter
1296 4705 1348 4743 nos
1361 4689 1492 4744 homines
1507 4692 1536 4745 et
1548 4696 1722 4764 proptereat

126 4778 286 4834 xitzlithoc
301 4796 354 4835 nos
367 4783 527 4835 servaturos
540 4781 718 4852 profitemur,
732 4785 806 4839 salvs
824 4784 942 4858 diligen·
992 4780 1111 4835 sulutem
1127 4779 1271 4837 descendit
1283 4787 1312 4837 et
1324 4782 1485 4837 inminutus
1499 4789 1541 4839 est
1560 4785 1595 4840 de
1618 4784 1721 4858 Spiritu

126 4867 199 4923 tiore
206 4867 393 4939 inquisitione
403 4869 513 4924 concilii
525 4870 640 4927 Nicaeni.
652 4873 783 4928 Aurelius
792 4875 940 4947 episcopus
991 4877 1047 4943 cto,
1062 4879 1090 4930 et
1102 4875 1188 4930 homo
1212 4875 1312 4943 lactus,
1329 4893 1426 4948 passus
1440 4882 1490 4945 est,
1505 4884 1534 4933 et
1547 4879 1702 4935 resurrexit
1720 4895 1722 4906 ⁴

127 4961 197 5016 dixit
209 4978 215 5016 :
227 4961 254 5017 Si
269 4961 322 5016 hoc
334 4962 422 5017 eliam
438 4965 564 5019 omnium
579 4970 678 5020 vestrm
693 4967 824 5023 charitati
838 4969 938 5041 placet,
991 4967 1046 5038 die,
1062 4969 1188 5024 ascendit
1210 4970 1239 5025 in
1261 4972 1355 5037 coelos,
1370 4971 1448 5026 sedet
1471 4971 1506 5026 ad
1531 4970 1681 5028 dexteram
1702 4972 1722 5028 Ρ

124 5054 308 5128 responsione
330 5055 454 5110 llnnate.
478 5056 644 5113 Universum
667 5061 819 5115 concilium
841 5061 912 5117 dixit
930 5081 937 5118 ε
989 5060 1056 5117 inde
1071 5068 1206 5119 venturus
1221 5054 1349 5134 judicare
1363 5064 1439 5118 viros
1457 5067 1486 5120 ct
1500 5070 1638 5135 mortuos,
1655 5070 1683 5122 et
1695 5061 1722 5122 in

125 5149 229 5206 Omnia
241 5165 305 5221 quae
326 5149 354 5203 in
377 5148 491 5205 Nicaeno
513 5152 630 5206 concilio
646 5157 751 5208 statuta
765 5158 841 5222 sunt,
856 5156 939 5212 nobis
989 5154 1075 5211 ritum
1089 5161 1226 5211 sanctum.
1243 5159 1294 5213 Eos
1308 5161 1403 5213 autem
1418 5158 1466 5230 qui
1488 5157 1597 5228 dicunt,
1613 5165 1675 5216 eret
1687 5175 1722 5234 qu

124 5243 257 5301 omnibus
266 5243 389 5315 placent.
400 5243 543 5298 locandus
552 5245 699 5317 episcopus
711 5248 840 5304 Ecclesiae
856 5250 939 5306 Suilr·
990 5267 1046 5305 non
1059 5253 1128 5318 eret,
1144 5255 1171 5306 et
1184 5250 1349 5325 priusquam
1362 5255 1524 5309 nasceretur
1537 5270 1595 5308 non
1609 5257 1681 5322 erat,
1695 5257 1722 5310 et

122 5339 189 5395 tulae
202 5338 313 5410 legatus
325 5336 477 5409 pmvincioe
493 5337 657 5394 Bizaneenre
673 5339 761 5396 dixit:
779 5341 860 5406 Quod
881 5348 936 5400 sta·
988 5359 1020 5398 cx
1035 5345 1121 5399 nullis
1134 5343 1317 5400 existentibus
1331 5347 1419 5402 lactus
1432 5350 1484 5416 est,
1501 5347 1545 5402 rel
1567 5347 1620 5402 slis
1633 5347 1722 5404 subsit

121 5437 216 5489 tutum
239 5430 332 5487 estin
355 5429 467 5487 Nieteno
489 5432 617 5501 concilio,
635 5433 731 5490 violari
753 5453 770 5490 a
793 5453 937 5511 quoquam
988 5436 1029 5492 vel
1053 5441 1164 5508 natura,
1190 5438 1315 5495 dicentes
1344 5440 1509 5497 mutabilem
1535 5444 1565 5497 et
1585 5440 1722 5499 convertit

121 5528 282 5584 nullatenus
295 5530 399 5596 potest.
987 5531 1088 5587 Filium
1102 5532 1162 5603 Uei,
1173 5534 1225 5588 lios
1237 5534 1452 5590 anathematizat
1465 5535 1600 5591 catholice
1610 5539 1641 5592 et
1649 5551 1722 5609 opos

159 5622 199 5676 lll.
225 5619 375 5676 Faustinus
404 5617 552 5692 episcopus
582 5621 692 5693 legatus
723 5624 848 5681 ecclesie
879 5626 934 5681 Ro·
986 5625 1118 5682 Ecclesia.

120 5729 214 5779 ,manui
228 5713 299 5769 dixit
312 5730 319 5768 :
332 5713 431 5769 Adbuc
444 5712 601 5770 secundum
616 5715 819 5787 professionem
834 5719 935 5775 sencti-
1021 5721 1144 5790 Epistola
1158 5723 1289 5792 Africani
1299 5723 1404 5778 concilii
1415 5723 1453 5778 ad
1465 5724 1637 5792 Bonifatium
1648 5740 1722 5799 pope

117 5803 172 5863 toti
185 5812 283 5863 restra
295 5812 352 5863 tum
368 5808 456 5867 sancti
468 5809 573 5884 Alippii
596 5826 681 5882 quam
696 5814 724 5867 et
739 5811 834 5869 fratris
846 5815 935 5871 nostri
1021 5814 1073 5871 llll.
1086 5815 1206 5871 Uornino
1215 5817 1378 5874 beatissimo
1389 5815 1583 5874 othonomhili
1592 5816 1676 5877 tratri
1687 5819 1722 5877 ec
