3870 6150
123 193 181 245 aas
557 145 559 149 ’
746 176 983 246 oscamuuou
1001 184 1194 245 consecro.

122 297 266 353 obortura
275 296 474 353 haereticomm
485 296 621 353 scaudala
636 298 812 368 praesciebat,
828 314 878 353 vos
889 296 942 352 im·
954 305 984 380 A
1224 295 1321 352 llltllll.
1338 327 1372 338 -
1386 296 1433 352 Ad
1447 296 1576 354 arrodere.

124 391 202 462 perii
215 390 332 462 fastigio
347 390 501 446 collocarit.
524 393 554 445 ln
569 392 672 462 quibus
685 391 722 446 ad
736 391 822 446 totius
841 390 942 446 mnndi
1029 389 1085 444 Lao
1096 390 1244 462 episcopus
1258 392 1400 447 Maurusio
1413 395 1550 465 Augousta.

122 485 262 552 salutem,
285 489 314 539 et
326 484 405 557 regia
418 484 558 556 potentia,
582 489 611 540 et
633 485 817 541 sacerdotalis
835 486 944 556 vigeret
1028 482 1184 538 Puritatem
1197 483 1263 539 fidei
1280 485 1459 554 Christianae,
1477 503 1534 558 qua
1550 487 1702 543 clementia
1718 492 1811 545 vestre

124 578 278 635 industria.
294 579 365 633 Nam
380 583 473 634 restro
487 580 729 651 praecipneopere
744 581 780 634 sit
798 579 942 643 ellectum,
994 576 1153 648 praefulget,
1181 578 1268 633 etiam
1295 579 1339 634 his
1366 579 1476 650 litteris,
1504 597 1575 652 quas
1594 581 1683 636 frater
1708 587 1737 638 et
1763 600 1810 639 eo-

123 679 158 728 nt
170 690 224 745 per
238 673 375 744 synodale
389 672 539 728 concilium
555 673 698 759 damnatis
709 673 790 745 impii
803 673 944 745 dogmatis
994 671 1142 742 episcopus
1165 688 1246 730 meus
1263 673 1445 729 Nestorianns
1469 675 1569 730 detulit
1595 675 1809 747 demonstretis,

124 767 337 831 defensoribus,
357 783 456 822 omues
476 767 550 821 vires
567 767 721 838 sacrilegus
740 766 944 823 erroremitte-
990 765 1180 835 justissimum
1195 765 1278 821 fratri
1293 783 1358 822 meo
1377 769 1504 823 Proterio
1522 768 1714 825 Alexandrinae
1733 771 1811 826 orbis
1890 820 1893 827 .

125 867 182 929 ret,
197 861 235 916 ad
248 861 376 931 ejusdem
387 861 543 916 devotionis
558 861 682 932 pertinet
695 862 832 932 palmam,
846 861 868 916 si
882 878 942 916 ma·
994 858 1115 914 antistiti
1127 860 1328 931 impendentes
1337 861 1477 929 favorem,
1493 879 1549 933 quo
1564 864 1635 918 mihi
1650 866 1811 935 peremnia

122 957 188 1010 lnm
208 954 285 1027 qnod
299 956 330 1009 in
343 955 401 1010 suis
414 954 533 1010 ducibus
556 958 789 1027 estoppressnm,
804 956 890 1010 etiam
914 955 943 1010 in
994 957 1068 1007 esset
1096 954 1249 1024 acceptior.
1280 955 1349 1009 Nam
1374 955 1419 1010 cni
1445 960 1538 1011 restra
1565 957 1654 1029 pietas
1680 957 1809 1014 testimo-

124 1049 347 1121 quibnscnnque
363 1048 489 1121 reliquiis
501 1048 637 1104 deleatur.
656 1050 738 1114 Quod
759 1049 868 1104 facilins
886 1051 942 1104 cle·
994 1047 1074 1101 nium
1095 1046 1248 1118 perhibere
1270 1048 1413 1120 dignatur,
1433 1050 1631 1106 indubitanter
1647 1056 1721 1107 esset
1742 1069 1809 1124 pro·

123 1143 340 1198 mentiarestra
353 1141 508 1197 arbitretur
520 1141 712 1213 implendum,
729 1142 751 1198 si
770 1143 945 1214 peruniver-
994 1140 1114 1210 bandus,
1130 1141 1216 1196 etiam
1240 1142 1262 1196 si
1284 1146 1402 1197 taceret.
1425 1143 1479 1199 Sed
1500 1143 1608 1199 aceedit
1629 1145 1666 1199 ad
1689 1146 1810 1216 gratiam

124 1253 173 1290 sas
186 1236 324 1292 Ecclesias
344 1236 525 1291 definitiones
548 1240 653 1291 sanctae
674 1236 774 1308 synodi
795 1236 945 1292 Chalcedo
994 1234 1071 1306 qnod
1081 1235 1198 1306 proprio
1211 1252 1328 1307 quoqne
1342 1237 1672 1309 sermonecognoscitur,
1687 1244 1716 1293 et
1724 1256 1810 1311 quam

123 1330 399 1403 nensisapostolicae
414 1330 477 1385 Sedi
495 1331 636 1402 placuisse
650 1330 814 1400 doceantur,
831 1329 867 1385 de
888 1347 945 1402 quo
995 1328 1121 1384 sincerus
1142 1329 1178 1384 sit
1199 1329 1333 1384 catholici
1361 1330 1504 1401 dogmatis
1532 1331 1704 1403 predicator
1724 1332 1812 1405 ipsius

123 1425 245 1496 quidem
263 1424 334 1479 ratio
359 1441 418 1478 oon
436 1424 490 1479 fuit
503 1424 670 1495 ambigendi
684 1440 750 1479 cum
764 1425 790 1479 ei
803 1420 871 1479 lldei
886 1440 945 1480 om·
994 1422 1169 1495 professione
1185 1423 1324 1479 clarescit.
1338 1424 1419 1479 Unde
1436 1425 1602 1497 plenissimo
1622 1426 1725 1482 affectu
1741 1427 1810 1484 dile·

124 1521 208 1574 nium
235 1518 427 1574 subscribendi
455 1535 609 1574 cousensus
635 1519 793 1585 accesserit,
818 1535 881 1591 qnae
907 1517 944 1573 ad
994 1515 1118 1571 ctionem
1131 1517 1284 1573 orthodoxi
1298 1517 1397 1572 fratris
1413 1519 1580 1590 amplector,
1594 1524 1623 1575 et
1636 1521 1692 1576 Deo
1705 1522 1812 1593 gratias

124 1630 173 1667 me
199 1612 358 1667 secundum
385 1612 548 1683 apostolicae
575 1611 722 1677 doctnnae,
753 1628 785 1666 ac
816 1615 944 1684 paternae
994 1626 1060 1681 ago,
1084 1611 1161 1681 quod
1184 1615 1281 1666 amoto
1306 1628 1340 1666 eo
1362 1611 1411 1682 qui
1432 1613 1586 1686 Evangelio
1604 1615 1708 1671 Christi
1721 1616 1811 1672 voluit

125 1705 291 1762 traditionis
310 1707 414 1761 emissa
437 1714 488 1775 est,
514 1710 543 1760 et
564 1722 616 1777 per
636 1706 755 1761 fratrem
778 1722 874 1761 meum
888 1678 1151 1771 Lusscontraire,
1182 1708 1209 1759 el
1241 1721 1257 1759 a
1287 1710 1451 1760 sanctorum
1482 1708 1598 1762 Petrum
1624 1696 1811 1782 intelligentia

125 1802 242 1856 cianum
274 1799 437 1871 episcopum
460 1799 529 1854 talia
550 1800 585 1854 ad
609 1800 728 1871 gloriam
755 1805 890 1866 vestram,
916 1806 944 1855 et
993 1796 1151 1867 dissentire,
1178 1799 1266 1854 talem
1287 1799 1431 1871 prospexit
1457 1801 1655 1856 Alexandrinae
1680 1804 1809 1859 Ecclesiae

126 1896 163 1950 ad
178 1894 526 1966 Constantinopolitanum
539 1893 696 1949 antistitem
713 1893 817 1965 scripta
830 1893 942 1950 direxe-
994 1891 1168 1946 sacerdotem
1193 1892 1244 1964 qui
1268 1892 1494 1963 praecedentibus
1520 1894 1676 1950 rectoribus
1702 1900 1730 1951 et
1755 1897 1810 1952 ilde

126 1990 195 2055 rim,
221 2005 286 2060 quae
312 1988 460 2044 evidenter
485 1987 671 2043 ostenderent
694 2005 741 2043 me
760 2004 793 2042 ea
819 2004 882 2060 quie
909 1989 944 2043 de
993 1985 1177 2041 concordaret
1190 1989 1218 2040 et
1231 1986 1298 2041 vita.
1314 1987 1462 2043 Namcum
1474 1989 1649 2061 amplectise
1663 1990 1810 2062 epistolam

125 2084 183 2138 ilde
209 2082 349 2138 catholica
375 2081 404 2136 in
435 2081 569 2154 praedicta
594 2081 705 2153 synodo
733 2081 850 2137 delinita
881 2082 942 2137 fue·
995 2094 1087 2134 meam
1102 2095 1189 2151 qnam
1205 2080 1240 2135 ad
1258 2081 1349 2135 beatae
1365 2081 1513 2137 memoria
1529 2084 1811 2140 Ftariannmcontra

125 2182 203 2242 rant,
232 2176 405 2248 approbare.
431 2174 486 2231 Sed
512 2175 580 2247 quia
604 2176 633 2230 in
661 2175 768 2231 eisdem
792 2176 893 2231 litteris
909 2193 944 2230 ea
994 2173 1131 2228 Entichen
1157 2173 1280 2245 impium
1300 2174 1366 2230 misi
1386 2178 1446 2232 toto
1461 2177 1547 2233 corde
1560 2177 1719 2249 profitetur,
1742 2179 1810 2252 quid

124 2287 192 2343 qnae
218 2287 272 2343 per
296 2269 472 2324 occasionem
491 2269 592 2341 synodi
617 2270 691 2324 male
717 2271 783 2324 sunt
807 2272 944 2324 attentata
995 2267 1070 2322 aliud
1091 2284 1177 2339 quam
1198 2270 1393 2340 apostolorum
1421 2286 1450 2324 se
1478 2270 1650 2343 discipulum
1676 2274 1810 2343 ostendit,

123 2362 383 2436 reprehenderam,
406 2362 506 2417 maluit
532 2362 684 2433 praedictus
708 2363 824 2418 antistes
847 2379 942 2418 meam
993 2361 1129 2432 quorum
1144 2361 1408 2419 doctrinaveritatis
1421 2364 1450 2419 in
1464 2365 1574 2420 lumine
1588 2382 1638 2420 suo
1651 2371 1809 2437 permanet,

125 2458 353 2531 gratulationem
374 2460 479 2525 lacere,
502 2473 589 2527 qnam
603 2466 687 2511 snum
699 2456 839 2512 ambitum
854 2456 945 2528 publi·
994 2457 1024 2508 et
1035 2472 1091 2510 non
1104 2458 1268 2526 potestesse
1282 2456 1425 2513 diversum
1434 2459 1511 2530 quod
1521 2476 1611 2514 unum
1622 2464 1664 2515 est
1675 2463 1760 2533 atque
1772 2462 1812 2517 di-

124 2569 203 2609 care.
219 2552 286 2608 lfihi
302 2557 396 2607 antem
411 2551 535 2606 multum
547 2550 659 2606 fiduciae
673 2552 728 2606 [leo
743 2567 795 2622 per
809 2567 859 2606 vos
873 2567 942 2622 ope·
993 2549 1102 2605 vinum.
1117 2550 1256 2622 Rescripsi
1268 2552 1366 2624 itaque
1378 2551 1515 2625 predicto
1530 2553 1612 2608 fratri
1624 2554 1701 2626 qnod
1713 2554 1809 2621 debui,

125 2651 207 2702 rante
215 2646 352 2702 collatum
363 2649 415 2715 est,
425 2645 500 2717 quod
507 2645 727 2717 probassemros
734 2644 943 2701 observantiam
993 2646 1078 2715 atque
1093 2643 1123 2698 in
1137 2648 1234 2698 sancto
1245 2645 1339 2700 studio
1353 2648 1386 2700 nt
1395 2652 1587 2717 perseveraret
1601 2647 1748 2704 admonui.
1757 2649 1811 2714 Qui

124 2741 161 2797 de
176 2740 304 2796 custodia
330 2756 474 2795 canonum
495 2745 683 2811 paternorum
707 2739 824 2810 pietatis
844 2744 944 2794 restrae
994 2736 1054 2791 sine
1086 2736 1172 2792 dubio
1195 2727 1369 2794 constantior
1393 2739 1461 2808 erit,
1489 2741 1512 2796 si
1539 2741 1626 2797 eliam
1650 2742 1811 2798 clementiae

125 2834 260 2891 affatibus
278 2833 432 2902 indicastis,
458 2837 486 2888 et
506 2833 611 2888 merito
625 2833 787 2905 geminatur
807 2832 944 2905 gandium
994 2833 1094 2886 vestrae
1122 2833 1367 2888 cohortationibus
1396 2833 1554 2905 adjuvetur,
1581 2851 1634 2890 nec
1658 2835 1689 2890 in
1716 2837 1811 2910 aliquo

125 2945 239 2997 meum,
259 2945 324 2983 cnm
340 2927 418 2983 vobis
436 2927 647 2999 religiosissime
660 2927 770 2998 placere
791 2943 942 3000 cognosco,
995 2942 1061 2980 eum
1084 2929 1191 2982 terreat
1214 2927 1406 2999 quommdam
1429 2928 1562 3000 imperita
1587 2929 1724 2985 dissensio
1740 2948 1811 3004 quos

125 3026 158 3079 nt
170 3023 244 3078 fides
258 3023 372 3077 Nicoena
384 3037 465 3075 snam
480 3024 576 3076 teneat
591 3020 769 3087 firmitatem,
786 3026 815 3077 et
827 3021 941 3094 privile·
993 3036 1152 3093 paucorum
1176 3021 1378 3077 hereticorum
1400 3020 1632 3094 instigationibus
1649 3025 1810 3098 ignorantia

127 3118 176 3189 gia
194 3115 383 3171 Ecclesiaram
405 3115 512 3170 illibata
528 3119 725 3186 permaneant.
742 3116 875 3179 Quamvis
892 3133 942 3170 an·
994 3114 1061 3169 facit
1084 3114 1230 3169 obnoxios.
1252 3114 1333 3180 Quod
1359 3133 1410 3170 sua
1436 3133 1504 3188 ergo
1528 3117 1677 3191 diligentis
1700 3121 1810 3193 assequi

125 3216 184 3267 tem
212 3210 248 3265 de
273 3211 410 3282 praeclaro
434 3209 501 3263 lldei
528 3217 628 3264 vestrae
648 3226 745 3281 opere,
767 3208 838 3264 nihil
851 3214 945 3265 vestra
994 3214 1142 3280 nequeunt
1162 3212 1322 3280 opportune
1342 3226 1440 3264 eorum
1463 3210 1623 3267 insinuetur
1644 3213 1761 3281 auditui,
1783 3218 1812 3269 et

123 3305 217 3378 pietas
231 3303 458 3371 indicariturihi‚
477 3308 575 3358 tamen
598 3320 650 3375 per
667 3308 867 3359 veneratorem
884 3320 944 3359 una
994 3318 1030 3356 ne
1058 3305 1233 3356 memoratos
1256 3319 1329 3357 nora
1355 3303 1472 3370 inferre,
1499 3307 1527 3358 ct
1548 3306 1663 3376 propria
1680 3306 1811 3361 videatur

124 3415 243 3454 mecum
278 3397 466 3470 spiritualiter
492 3400 614 3452 vestram
642 3397 775 3468 pietatem
805 3413 857 3468 per
885 3398 943 3452 fra·
994 3400 1132 3462 astruere,
1147 3395 1354 3450 venerabilium
1369 3397 1488 3451 Petrum
1504 3398 1552 3469 qui
1568 3398 1660 3452 eidem
1679 3399 1809 3454 Ecclesia.

125 3498 202 3549 trem
216 3507 317 3546 meum
331 3491 477 3547 lulianum
497 3491 663 3563 episcopum
680 3490 838 3546 innotuisse
853 3490 942 3561 signi·
995 3489 1181 3560 prefuerunt,
1194 3488 1298 3561 scripta
1307 3489 1483 3561 relegantur,
1493 3496 1521 3546 et
1532 3490 1600 3562 quid
1614 3490 1714 3546 beatus
1725 3493 1809 3547 Atha·

125 3589 191 3655 lico,
212 3602 300 3658 quam
323 3586 371 3656 pio
382 3584 491 3657 dignati
510 3585 621 3640 fueritis
639 3601 777 3657 responso
797 3585 944 3656 imperito·
996 3583 1102 3648 nasius,
1118 3582 1186 3653 quid
1199 3582 1390 3654 Theophylns,
1411 3583 1478 3655 quid
1494 3584 1625 3656 Cyrillus,
1640 3585 1709 3657 quid
1723 3586 1809 3641 eliam

123 3698 190 3737 rnnr
199 3679 409 3735 monachornm
418 3680 531 3735 animos
540 3679 673 3735 cohibere
681 3679 788 3751 pariter
796 3679 942 3746 etdocere,
994 3679 1144 3736 orientales
1171 3676 1298 3749 magistri
1324 3677 1359 3731 de
1387 3677 1582 3732 incarnatione
1609 3679 1723 3735 Domini
1749 3697 1810 3735 seu·

124 3780 156 3831 nt
173 3775 197 3830 si
213 3774 279 3829 illos
291 3790 349 3828 non
366 3773 479 3845 penitus
494 3773 651 3828 deseruerit
671 3773 766 3828 divina
785 3774 942 3843 miseratio,
993 3776 1073 3845 liant,
1088 3777 1301 3846 recognoscant.
1316 3772 1371 3826 Nec
1385 3771 1622 3843 repullulantibus
1634 3773 1811 3844 decipiantur

123 3869 254 3925 sentiant
268 3885 297 3922 se
314 3872 342 3923 et
359 3867 491 3922 didicisse
510 3867 589 3939 qnod
608 3867 737 3935 credant,
753 3871 782 3922 et
794 3867 943 3940 agnovisse
994 3869 1148 3935 erroribus,
1163 3867 1211 3940 qni
1225 3866 1294 3922 olim
1305 3864 1458 3937 evangelici
1474 3864 1614 3920 sermonis
1627 3869 1694 3921 sunt
1706 3867 1810 3922 virtute

122 3962 206 4037 qnod
222 3961 352 4017 timeant.
376 3961 448 4025 Quia
466 3977 533 4015 sero
556 3961 688 4016 omnibus
703 3961 795 4016 modis
809 3961 944 4017 obedien·
993 3964 1138 4036 prostrati.
1152 3961 1294 4027 Quoniam
1302 3976 1401 4015 omnes
1410 3959 1470 4014 lere
1483 3959 1606 4015 haereses
1619 3976 1683 4032 quae
1693 3961 1809 4016 dirersis

121 4058 254 4113 domest
271 4055 370 4127 pietati
380 4059 490 4124 restrae,
502 4054 776 4127 religiosissimeque
792 4056 942 4123 voluntati,
994 4053 1655 4130 temporibusexstiternnt,dumsacramentum
1665 4070 1808 4126 corporeae

120 4149 374 4206 constitutionibus
387 4148 568 4221 synodalibus
581 4165 645 4220 qnae
660 4149 732 4204 milri
747 4149 781 4204 de
791 4150 942 4205 confirma·
994 4150 1148 4206 nativitatis
1172 4153 1200 4205 et
1232 4147 1371 4220 passionis
1395 4163 1427 4201 ac
1452 4147 1666 4202 resurrectionis
1693 4148 1807 4215 Christi,

121 4245 205 4301 tione
225 4243 290 4298 fidei
310 4243 465 4309 catholica,
489 4247 518 4298 et
536 4242 737 4298 haereticorum
759 4243 944 4298 damnatione
993 4262 1050 4301 non
1065 4243 1230 4314 intelligunt
1249 4241 1285 4296 ab
1300 4240 1454 4311 Evangelio
1470 4239 1593 4295 deviare.
1615 4242 1811 4312 Elpossumus
1859 4240 1863 4247 '

121 4340 304 4412 placuerunt,
320 4337 410 4391 libens
425 4336 517 4407 adjeci
531 4336 704 4391 sententiam
717 4352 822 4391 meam.
835 4338 905 4401 Quae
920 4337 943 4392 si
994 4340 1090 4394 minus
1112 4338 1241 4392 laborare
1261 4337 1289 4390 in
1310 4334 1450 4389 hereticis
1471 4334 1654 4406 repellendis,
1679 4334 1702 4389 si
1723 4335 1811 4390 rudes

120 4431 347 4489 ntinnotitiam
363 4431 493 4485 omnium
508 4425 1104 4502 sacerdotumecclesiarumqueDanimos
1125 4432 1185 4503 ipsa
1212 4446 1270 4485 non
1295 4429 1446 4484 turbarent
1474 4428 1633 4495 mendacia,
1663 4445 1727 4500 quiae
1748 4446 1811 4501 per·

121 4524 287 4599 perveniat,
315 4528 416 4579 vestrae
441 4525 602 4579 clementiae
628 4523 781 4596 praeceptio
811 4524 943 4579 ordinare
994 4526 1064 4582 emit
1085 4525 1248 4597 antiquitas.
1280 4523 1335 4579 Sed
1357 4539 1443 4588 nnnc,
1473 4526 1504 4575 ut
1530 4520 1599 4585 dixi,
1621 4521 1666 4576 hic
1688 4522 1810 4577 docendi

120 4618 302 4692 dignabitur,
325 4617 477 4673 affuturam
499 4618 583 4674 credo
598 4624 627 4673 et
645 4635 728 4690 spero
746 4618 869 4689 gratiam
884 4619 943 4684 Dei,
994 4620 1117 4692 optimus
1139 4617 1241 4672 modus
1254 4622 1305 4682 est,
1328 4621 1358 4670 ut
1376 4621 1561 4686 paternorum
1584 4631 1719 4670 sensnum
1736 4615 1811 4671 linea

121 4731 190 4786 qnae
205 4717 266 4767 tam
279 4716 404 4767 sanctam
425 4713 496 4767 tanti
517 4712 653 4783 principis
666 4728 764 4767 curam
786 4711 945 4784 plenissimi
994 4711 1192 4769 Alexandrinae
1206 4710 1297 4782 plebis
1311 4711 1340 4763 et
1352 4708 1419 4763 cleri
1433 4708 1550 4762 auribus
1562 4708 1730 4793 innotescat,
1745 4710 1812 4764 acsi

122 4805 264 4862 desiderii
284 4806 328 4860 sui
350 4805 474 4860 fructum
498 4805 582 4860 faciat
603 4805 743 4872 obtinere,
769 4810 800 4860 ut
814 4807 945 4863 omnibus
995 4807 1130 4879 quisunt
1150 4804 1199 4876 qni
1216 4809 1313 4858 nostra
1332 4801 1436 4872 scripta
1455 4800 1620 4872 despiciant,
1641 4801 1697 4856 illis
1711 4803 1812 4860 saltem

123 4900 313 4957 dissentiendi
346 4899 539 4955 occasionibus
575 4900 747 4971 amputatis,
785 4900 946 4972 apostolicae
996 4901 1045 4972 qni
1066 4898 1213 4954 nobiscum
1236 4895 1396 4968 apostolicis
1417 4894 1547 4949 sensibus
1567 4901 1741 4967 congurunt,
1768 4914 1812 4953 ac·

124 4995 236 5065 ubique
258 4993 396 5048 doctrinae
420 4996 448 5048 et
472 5010 527 5065 pax
554 4998 666 5065 regnet,
683 4999 711 5049 ct
726 4993 839 5048 veritas.
856 4994 945 5049 Fratri
996 4993 1153 5066 quieseant.
1173 4994 1203 5045 ln
1218 5007 1275 5063 quo
1290 5005 1375 5061 opere
1390 4989 1512 5043 multum
1529 4990 1740 5047 consacerdotis
1755 4991 1811 5046 mei

124 5095 224 5144 antem
239 5104 303 5143 meo
317 5088 429 5144 Juliano
443 5087 574 5160 episcopo
588 5086 699 5142 noverit
711 5090 805 5142 vestra
821 5088 945 5143 clemen·
996 5087 1148 5143 devotione
1172 5085 1314 5157 gaudebo,
1338 5086 1367 5138 et
1388 5099 1501 5154 semper
1522 5083 1611 5155 ipsius
1626 5086 1813 5140 unanimitate

124 5183 165 5236 tia
188 5181 244 5236 hoc
267 5199 313 5238 me
336 5181 451 5254 proprie
464 5182 622 5253 delegasse,
635 5186 668 5236 ut
681 5180 821 5253 quidquid
838 5181 896 5236 illic
911 5182 946 5237 ad
996 5181 1123 5250 laetabor,
1140 5179 1208 5251 quia
1220 5179 1348 5233 fraterna
1361 5194 1415 5250 pax
1432 5177 1546 5233 nonnisi
1558 5195 1616 5233 una
1628 5178 1695 5234 fidei
1707 5179 1814 5233 confes-

123 5274 287 5331 custodiam
309 5275 376 5331 fidei
398 5276 541 5347 pertinere
559 5275 727 5346 probaverit,
747 5291 812 5330 meo
832 5275 947 5331 nomine
996 5276 1074 5330 sione
1098 5277 1235 5329 servatur.
1267 5273 1338 5337 Quia
1358 5288 1424 5327 vero
1444 5272 1634 5344 quorumdam
1660 5271 1810 5326 lraeretico·

124 5373 231 5424 restrae
248 5368 563 5441 fiducialitcrsuggerat
577 5369 685 5442 pietati,
702 5370 840 5441 quoniam
854 5371 947 5425 cartus
997 5386 1061 5424 rum
1084 5372 1197 5424 versuta
1220 5366 1346 5439 nequitia
1373 5366 1410 5420 ad
1439 5364 1666 5421 conturbandam
1693 5364 1813 5419 aliorum

124 5479 193 5519 sum
207 5478 257 5517 ros
269 5462 303 5517 ad
324 5463 384 5518 haec
398 5464 495 5519 omnia
511 5463 692 5519 emendanda
707 5463 751 5517 vel
767 5462 949 5518 defendenda
997 5462 1209 5535 simplicitatem
1223 5460 1370 5532 epistolam
1383 5476 1476 5515 meam
1490 5474 1578 5530 quam
1591 5457 1627 5513 ad
1643 5457 1735 5511 beatae
1750 5473 1811 5511 me-

125 5559 189 5613 neo
202 5556 367 5625 airriliante,
382 5559 523 5613 sufllcere.
538 5558 607 5612 Data
627 5556 795 5612 duodecimo
810 5557 949 5613 Kalendas
997 5557 1097 5611 moriar
1110 5554 1273 5610 Flavianum
1288 5553 1355 5610 dedi
1367 5554 1480 5609 falsasse
1497 5550 1673 5623 perhibetur,
1688 5553 1720 5605 ut
1730 5566 1812 5634 corn·

124 5649 246 5722 Aprilis.
282 5649 413 5722 Opilione
444 5651 505 5706 viro
541 5649 696 5706 clarissimo
725 5651 859 5713 consule,
893 5666 949 5705 ara
999 5643 1812 5720 mutatisquibusdamrerbisvelsyllabis,receptoremme

124 5759 252 5799 «cccxn.
1000 5741 1158 5799 Nestoriani
1176 5741 1280 5797 erroris
1303 5755 1470 5806 assererem,
1487 5738 1606 5795 obsecro
1620 5737 1815 5796 venerabilem
