<?xml version="1.0" encoding="UTF-8"?>
<!DOCTYPE html PUBLIC "-//W3C//DTD XHTML 1.0 Transitional//EN"
    "http://www.w3.org/TR/xhtml1/DTD/xhtml1-transitional.dtd">
<html xmlns="http://www.w3.org/1999/xhtml" xml:lang="en" lang="en">
 <head>
  <title>
</title>
<meta http-equiv="Content-Type" content="text/html;charset=utf-8" />
  <meta name='ocr-system' content='tesseract 3.04.00' />
  <meta name='ocr-capabilities' content='ocr_page ocr_carea ocr_par ocr_line ocrx_word'/>
</head>
<body>
  <div class='ocr_page' id='page_1' title='image "./patrologiaecurs03unkngoog_0397.png"; bbox 0 0 3870 6150; ppageno 0'>
   <div class='ocr_carea' id='block_1_1' title="bbox 126 236 1808 351">
    <p class='ocr_par' dir='ltr' id='par_1_1' title="bbox 126 236 1808 351">
     <span class='ocr_line' id='line_1_1' title="bbox 126 236 1808 351; baseline -0.001 -26"><span class='ocrx_word' id='word_1_1' title='bbox 126 274 176 325; x_wconf 85' lang='grc' dir='ltr'><strong>ιιι</strong></span> <span class='ocrx_word' id='word_1_2' title='bbox 387 236 389 242; x_wconf 54' lang='grc'><strong>”</strong></span> <span class='ocrx_word' id='word_1_3' title='bbox 565 268 708 325; x_wconf 72' lang='lat' dir='ltr'><strong>areuna.</strong></span> <span class='ocrx_word' id='word_1_4' title='bbox 730 271 774 326; x_wconf 83' lang='grc' dir='ltr'><strong>ιιι</strong></span> <span class='ocrx_word' id='word_1_5' title='bbox 792 249 872 327; x_wconf 80' lang='grc' dir='ltr'>ιιι.</span> <span class='ocrx_word' id='word_1_6' title='bbox 893 271 937 351; x_wconf 69' lang='grc' dir='ltr'><strong>ιι,</strong></span> <span class='ocrx_word' id='word_1_7' title='bbox 952 298 987 312; x_wconf 84' lang='lat'>-</span> <span class='ocrx_word' id='word_1_8' title='bbox 1005 271 1126 328; x_wconf 85' lang='lat' dir='ltr'><strong>rsvoom</strong></span> <span class='ocrx_word' id='word_1_9' title='bbox 1144 265 1357 326; x_wconf 76' lang='lat' dir='ltr'><strong>unaesroms</strong></span> <span class='ocrx_word' id='word_1_10' title='bbox 1758 268 1808 325; x_wconf 84' lang='grc' dir='ltr'><strong>ιιι</strong></span> 
     </span>
    </p>
   </div>
   <div class='ocr_carea' id='block_1_2' title="bbox 71 369 1832 3537">
    <p class='ocr_par' dir='ltr' id='par_1_2' title="bbox 74 369 1807 1290">
     <span class='ocr_line' id='line_1_2' title="bbox 74 369 1807 464; baseline -0.002 -32"><span class='ocrx_word' id='word_1_11' title='bbox 74 369 79 381; x_wconf 83' lang='grc'>’</span> <span class='ocrx_word' id='word_1_12' title='bbox 126 378 247 432; x_wconf 84' lang='lat' dir='ltr'>maxime</span> <span class='ocrx_word' id='word_1_13' title='bbox 284 376 439 432; x_wconf 76' lang='lat' dir='ltr'><strong>sanctitatis</strong></span> <span class='ocrx_word' id='word_1_14' title='bbox 479 383 536 432; x_wconf 88' lang='lat' dir='ltr'><strong>tuae</strong></span> <span class='ocrx_word' id='word_1_15' title='bbox 562 395 650 449; x_wconf 89' lang='lat' dir='ltr'><strong>quam</strong></span> <span class='ocrx_word' id='word_1_16' title='bbox 679 379 754 451; x_wconf 91' lang='lat' dir='ltr'><strong>apud</strong></span> <span class='ocrx_word' id='word_1_17' title='bbox 789 396 856 434; x_wconf 91' lang='lat' dir='ltr'><strong>eum</strong></span> <span class='ocrx_word' id='word_1_18' title='bbox 883 394 941 434; x_wconf 89' lang='lat' dir='ltr'><strong>esse</strong></span> <span class='ocrx_word' id='word_1_19' title='bbox 952 379 1075 464; x_wconf 76' lang='grc' dir='ltr'>Αιοιιι</span> <span class='ocrx_word' id='word_1_20' title='bbox 1090 384 1172 434; x_wconf 88' lang='lat' dir='ltr'><strong>natus</strong></span> <span class='ocrx_word' id='word_1_21' title='bbox 1186 385 1227 433; x_wconf 87' lang='lat' dir='ltr'><strong>est</strong></span> <span class='ocrx_word' id='word_1_22' title='bbox 1242 395 1277 432; x_wconf 80' lang='lat' dir='ltr'><strong>er</strong></span> <span class='ocrx_word' id='word_1_23' title='bbox 1292 379 1348 433; x_wconf 85' lang='lat' dir='ltr'><strong>Deo</strong></span> <span class='ocrx_word' id='word_1_24' title='bbox 1362 394 1419 433; x_wconf 87' lang='lat' dir='ltr'><strong>non</strong></span> <span class='ocrx_word' id='word_1_25' title='bbox 1437 383 1536 449; x_wconf 89' lang='lat' dir='ltr'><strong>peccat</strong></span> <span class='ocrx_word' id='word_1_26' title='bbox 1555 378 1577 447; x_wconf 77' lang='lat' dir='ltr'><strong>(l</strong></span> <span class='ocrx_word' id='word_1_27' title='bbox 1588 379 1672 432; x_wconf 75' lang='lat' dir='ltr'><strong>loen.</strong></span> <span class='ocrx_word' id='word_1_28' title='bbox 1686 392 1714 443; x_wconf 89' lang='lat' dir='ltr'><strong>v,</strong></span> <span class='ocrx_word' id='word_1_29' title='bbox 1730 378 1807 445; x_wconf 71' lang='grc' dir='ltr'>ιιι.»</span> 
     </span>
     <span class='ocr_line' id='line_1_3' title="bbox 126 470 1805 542; baseline -0.001 -16"><span class='ocrx_word' id='word_1_30' title='bbox 126 470 241 542; x_wconf 89' lang='lat' dir='ltr'><strong>majoris</strong></span> <span class='ocrx_word' id='word_1_31' title='bbox 266 470 400 542; x_wconf 90' lang='lat' dir='ltr'><strong>ponderis</strong></span> <span class='ocrx_word' id='word_1_32' title='bbox 426 471 546 526; x_wconf 89' lang='lat' dir='ltr'><strong>minime</strong></span> <span class='ocrx_word' id='word_1_33' title='bbox 573 470 749 542; x_wconf 70' lang='lat' dir='ltr'>dubitamus,</span> <span class='ocrx_word' id='word_1_34' title='bbox 779 473 814 527; x_wconf 91' lang='lat' dir='ltr'><strong>ab</strong></span> <span class='ocrx_word' id='word_1_35' title='bbox 841 473 942 528; x_wconf 86' lang='lat' dir='ltr'><strong>eodem</strong></span> <span class='ocrx_word' id='word_1_36' title='bbox 992 472 1239 528; x_wconf 88' lang='lat' dir='ltr'><strong>Secundumiflam</strong></span> <span class='ocrx_word' id='word_1_37' title='bbox 1252 472 1421 526; x_wconf 90' lang='lat' dir='ltr'><strong>charitatem</strong></span> <span class='ocrx_word' id='word_1_38' title='bbox 1435 471 1542 527; x_wconf 89' lang='lat' dir='ltr'><strong>dictum</strong></span> <span class='ocrx_word' id='word_1_39' title='bbox 1556 477 1599 526; x_wconf 85' lang='lat' dir='ltr'><strong>est</strong></span> <span class='ocrx_word' id='word_1_40' title='bbox 1610 486 1676 541; x_wconf 81' lang='lat' dir='ltr'><strong>quae</strong></span> <span class='ocrx_word' id='word_1_41' title='bbox 1688 470 1746 525; x_wconf 90' lang='lat' dir='ltr'><strong>sola</strong></span> <span class='ocrx_word' id='word_1_42' title='bbox 1757 487 1805 524; x_wconf 91' lang='lat' dir='ltr'><strong>non</strong></span> 
     </span>
     <span class='ocr_line' id='line_1_4' title="bbox 126 555 1806 636; baseline -0.001 -17"><span class='ocrx_word' id='word_1_43' title='bbox 126 581 186 620; x_wconf 87' lang='lat' dir='ltr'><strong>esse</strong></span> <span class='ocrx_word' id='word_1_44' title='bbox 202 565 263 636; x_wconf 90' lang='lat' dir='ltr'><strong>ipso</strong></span> <span class='ocrx_word' id='word_1_45' title='bbox 286 565 556 620; x_wconf 84' lang='lat' dir='ltr'><strong>anathematizatum</strong></span> <span class='ocrx_word' id='word_1_46' title='bbox 577 569 663 636; x_wconf 88' lang='lat' dir='ltr'><strong>atquc</strong></span> <span class='ocrx_word' id='word_1_47' title='bbox 685 567 863 633; x_wconf 87' lang='lat' dir='ltr'><strong>damnatum,</strong></span> <span class='ocrx_word' id='word_1_48' title='bbox 885 555 942 621; x_wconf 85' lang='lat' dir='ltr'><strong>non</strong></span> <span class='ocrx_word' id='word_1_49' title='bbox 992 568 1098 636; x_wconf 89' lang='lat' dir='ltr'><strong>peceat,</strong></span> <span class='ocrx_word' id='word_1_50' title='bbox 1114 566 1150 620; x_wconf 92' lang='lat' dir='ltr'><strong>ad</strong></span> <span class='ocrx_word' id='word_1_51' title='bbox 1166 565 1342 619; x_wconf 75' lang='lat' dir='ltr'><strong>nativitatem</strong></span> <span class='ocrx_word' id='word_1_52' title='bbox 1357 564 1462 636; x_wconf 78' lang='lat' dir='ltr'><strong>quippe</strong></span> <span class='ocrx_word' id='word_1_53' title='bbox 1480 581 1545 635; x_wconf 75' lang='lat' dir='ltr'><strong>quar</strong></span> <span class='ocrx_word' id='word_1_54' title='bbox 1566 580 1603 619; x_wconf 86' lang='lat' dir='ltr'><strong>ex</strong></span> <span class='ocrx_word' id='word_1_55' title='bbox 1622 565 1680 617; x_wconf 89' lang='lat' dir='ltr'><strong>fleo</strong></span> <span class='ocrx_word' id='word_1_56' title='bbox 1702 567 1753 629; x_wconf 90' lang='lat' dir='ltr'><strong>est,</strong></span> <span class='ocrx_word' id='word_1_57' title='bbox 1767 580 1806 617; x_wconf 89' lang='lat' dir='ltr'><strong>au·</strong></span> 
     </span>
     <span class='ocr_line' id='line_1_5' title="bbox 126 658 1803 730; baseline -0.002 -17"><span class='ocrx_word' id='word_1_58' title='bbox 126 674 171 713; x_wconf 89' lang='lat' dir='ltr'><strong>eos</strong></span> <span class='ocrx_word' id='word_1_59' title='bbox 195 658 313 712; x_wconf 91' lang='lat' dir='ltr'><strong>ulterius</strong></span> <span class='ocrx_word' id='word_1_60' title='bbox 333 658 498 713; x_wconf 83' lang='lat' dir='ltr'><strong>aestimanus</strong></span> <span class='ocrx_word' id='word_1_61' title='bbox 525 675 645 713; x_wconf 89' lang='lat' dir='ltr'><strong>ausuros</strong></span> <span class='ocrx_word' id='word_1_62' title='bbox 673 659 814 730; x_wconf 89' lang='lat' dir='ltr'><strong>loquendo</strong></span> <span class='ocrx_word' id='word_1_63' title='bbox 846 664 943 715; x_wconf 91' lang='lat' dir='ltr'><strong>contra</strong></span> <span class='ocrx_word' id='word_1_64' title='bbox 993 659 1088 730; x_wconf 87' lang='lat' dir='ltr'><strong>genda</strong></span> <span class='ocrx_word' id='word_1_65' title='bbox 1098 663 1127 713; x_wconf 93' lang='lat' dir='ltr'><strong>et</strong></span> <span class='ocrx_word' id='word_1_66' title='bbox 1139 658 1322 729; x_wconf 88' lang='lat' dir='ltr'><strong>perficienda.</strong></span> <span class='ocrx_word' id='word_1_67' title='bbox 1340 658 1467 712; x_wconf 76' lang='lat' dir='ltr'><strong>Charitas</strong></span> <span class='ocrx_word' id='word_1_68' title='bbox 1480 658 1616 728; x_wconf 88' lang='lat' dir='ltr'><strong>pertinet,</strong></span> <span class='ocrx_word' id='word_1_69' title='bbox 1630 673 1690 710; x_wconf 75' lang='lat' dir='ltr'><strong>raon</strong></span> <span class='ocrx_word' id='word_1_70' title='bbox 1705 673 1739 709; x_wconf 88' lang='lat' dir='ltr'><strong>ea</strong></span> <span class='ocrx_word' id='word_1_71' title='bbox 1750 672 1803 727; x_wconf 82' lang='lat' dir='ltr'><strong>qne</strong></span> 
     </span>
     <span class='ocr_line' id='line_1_6' title="bbox 126 750 1802 825; baseline -0.001 -21"><span class='ocrx_word' id='word_1_72' title='bbox 126 751 247 823; x_wconf 80' lang='lat' dir='ltr'><strong>gratiam</strong></span> <span class='ocrx_word' id='word_1_73' title='bbox 288 751 337 805; x_wconf 90' lang='lat' dir='ltr'><strong>Ilei</strong></span> <span class='ocrx_word' id='word_1_74' title='bbox 372 768 435 822; x_wconf 78' lang='lat' dir='ltr'><strong>quae</strong></span> <span class='ocrx_word' id='word_1_75' title='bbox 475 752 601 806; x_wconf 88' lang='lat' dir='ltr'><strong>revelata</strong></span> <span class='ocrx_word' id='word_1_76' title='bbox 634 757 677 807; x_wconf 91' lang='lat' dir='ltr'><strong>est</strong></span> <span class='ocrx_word' id='word_1_77' title='bbox 703 769 756 824; x_wconf 90' lang='lat' dir='ltr'><strong>per</strong></span> <span class='ocrx_word' id='word_1_78' title='bbox 781 754 942 825; x_wconf 85' lang='lat' dir='ltr'><strong>passionem</strong></span> <span class='ocrx_word' id='word_1_79' title='bbox 992 751 1148 806; x_wconf 88' lang='lat' dir='ltr'><strong>minuenda</strong></span> <span class='ocrx_word' id='word_1_80' title='bbox 1164 754 1248 806; x_wconf 87' lang='lat' dir='ltr'><strong>estet</strong></span> <span class='ocrx_word' id='word_1_81' title='bbox 1262 752 1456 806; x_wconf 89' lang='lat' dir='ltr'><strong>consumenda</strong></span> <span class='ocrx_word' id='word_1_82' title='bbox 1471 750 1621 822; x_wconf 88' lang='lat' dir='ltr'><strong>cupiditas.</strong></span> <span class='ocrx_word' id='word_1_83' title='bbox 1635 751 1706 814; x_wconf 84' lang='lat' dir='ltr'><strong>Quae</strong></span> <span class='ocrx_word' id='word_1_84' title='bbox 1720 753 1802 803; x_wconf 80' lang='lat' dir='ltr'><strong>tamen</strong></span> 
     </span>
     <span class='ocr_line' id='line_1_7' title="bbox 125 843 1801 917; baseline -0.001 -19"><span class='ocrx_word' id='word_1_85' title='bbox 125 848 154 898; x_wconf 90' lang='lat' dir='ltr'><strong>et</strong></span> <span class='ocrx_word' id='word_1_86' title='bbox 177 844 417 898; x_wconf 86' lang='lat' dir='ltr'><strong>resurrectionem</strong></span> <span class='ocrx_word' id='word_1_87' title='bbox 436 845 561 913; x_wconf 81' lang='lat' dir='ltr'><strong>Christi3</strong></span> <span class='ocrx_word' id='word_1_88' title='bbox 592 862 642 899; x_wconf 87' lang='lat' dir='ltr'><strong>nce</strong></span> <span class='ocrx_word' id='word_1_89' title='bbox 667 849 784 916; x_wconf 85' lang='lat' dir='ltr'><strong>pectora</strong></span> <span class='ocrx_word' id='word_1_90' title='bbox 809 846 903 902; x_wconf 85' lang='lat' dir='ltr'><strong>fidelia</strong></span> <span class='ocrx_word' id='word_1_91' title='bbox 916 851 944 901; x_wconf 89' lang='lat' dir='ltr'><strong>et</strong></span> <span class='ocrx_word' id='word_1_92' title='bbox 992 846 1119 917; x_wconf 87' lang='lat' dir='ltr'><strong>quandiu</strong></span> <span class='ocrx_word' id='word_1_93' title='bbox 1137 851 1179 900; x_wconf 90' lang='lat' dir='ltr'><strong>est</strong></span> <span class='ocrx_word' id='word_1_94' title='bbox 1200 845 1384 900; x_wconf 89' lang='lat' dir='ltr'><strong>inmembris</strong></span> <span class='ocrx_word' id='word_1_95' title='bbox 1408 845 1511 899; x_wconf 89' lang='lat' dir='ltr'><strong>nostris</strong></span> <span class='ocrx_word' id='word_1_96' title='bbox 1531 843 1744 914; x_wconf 81' lang='lat' dir='ltr'><strong>legequadam</strong></span> <span class='ocrx_word' id='word_1_97' title='bbox 1763 859 1801 896; x_wconf 89' lang='lat' dir='ltr'><strong>sua</strong></span> 
     </span>
     <span class='ocr_line' id='line_1_8' title="bbox 125 936 1800 1012; baseline -0.002 -19"><span class='ocrx_word' id='word_1_98' title='bbox 125 937 291 1008; x_wconf 87' lang='lat' dir='ltr'><strong>simpliciter</strong></span> <span class='ocrx_word' id='word_1_99' title='bbox 318 938 480 993; x_wconf 87' lang='lat' dir='ltr'><strong>Christiana</strong></span> <span class='ocrx_word' id='word_1_100' title='bbox 505 939 629 1007; x_wconf 90' lang='lat' dir='ltr'><strong>turbare,</strong></span> <span class='ocrx_word' id='word_1_101' title='bbox 663 939 712 994; x_wconf 89' lang='lat' dir='ltr'><strong>sed</strong></span> <span class='ocrx_word' id='word_1_102' title='bbox 746 940 840 1010; x_wconf 89' lang='lat' dir='ltr'><strong>potius</strong></span> <span class='ocrx_word' id='word_1_103' title='bbox 861 941 942 1012; x_wconf 84' lang='lat' dir='ltr'><strong>adju·</strong></span> <span class='ocrx_word' id='word_1_104' title='bbox 993 944 1136 1010; x_wconf 89' lang='lat' dir='ltr'><strong>repugnat</strong></span> <span class='ocrx_word' id='word_1_105' title='bbox 1147 938 1205 1011; x_wconf 88' lang='lat' dir='ltr'><strong>legi</strong></span> <span class='ocrx_word' id='word_1_106' title='bbox 1215 940 1328 1007; x_wconf 87' lang='lat' dir='ltr'><strong>mentis,</strong></span> <span class='ocrx_word' id='word_1_107' title='bbox 1339 939 1520 993; x_wconf 83' lang='lat' dir='ltr'><strong>scdnatusex</strong></span> <span class='ocrx_word' id='word_1_108' title='bbox 1530 939 1599 1006; x_wconf 88' lang='lat' dir='ltr'><strong>Deo,</strong></span> <span class='ocrx_word' id='word_1_109' title='bbox 1613 954 1671 992; x_wconf 89' lang='lat' dir='ltr'><strong>nec</strong></span> <span class='ocrx_word' id='word_1_110' title='bbox 1681 936 1800 990; x_wconf 81' lang='lat' dir='ltr'><strong>obediens</strong></span> 
     </span>
     <span class='ocr_line' id='line_1_9' title="bbox 125 1030 1797 1105; baseline -0.001 -21"><span class='ocrx_word' id='word_1_111' title='bbox 125 1034 210 1085; x_wconf 88' lang='lat' dir='ltr'><strong>vante</strong></span> <span class='ocrx_word' id='word_1_112' title='bbox 230 1031 424 1086; x_wconf 87' lang='lat' dir='ltr'><strong>misericordia</strong></span> <span class='ocrx_word' id='word_1_113' title='bbox 449 1031 509 1097; x_wconf 86' lang='lat' dir='ltr'><strong>Dei,</strong></span> <span class='ocrx_word' id='word_1_114' title='bbox 525 1033 698 1086; x_wconf 87' lang='lat' dir='ltr'><strong>certantibus</strong></span> <span class='ocrx_word' id='word_1_115' title='bbox 720 1033 866 1088; x_wconf 90' lang='lat' dir='ltr'><strong>nobiseum</strong></span> <span class='ocrx_word' id='word_1_116' title='bbox 883 1033 941 1105; x_wconf 90' lang='lat' dir='ltr'><strong>pie·</strong></span> <span class='ocrx_word' id='word_1_117' title='bbox 993 1032 1140 1087; x_wconf 87' lang='lat' dir='ltr'><strong>desideriis</strong></span> <span class='ocrx_word' id='word_1_118' title='bbox 1155 1033 1226 1103; x_wconf 88' lang='lat' dir='ltr'><strong>ejus,</strong></span> <span class='ocrx_word' id='word_1_119' title='bbox 1243 1049 1294 1088; x_wconf 91' lang='lat' dir='ltr'><strong>nec</strong></span> <span class='ocrx_word' id='word_1_120' title='bbox 1306 1033 1443 1087; x_wconf 87' lang='lat' dir='ltr'><strong>exhibens</strong></span> <span class='ocrx_word' id='word_1_121' title='bbox 1455 1032 1587 1086; x_wconf 89' lang='lat' dir='ltr'><strong>membra</strong></span> <span class='ocrx_word' id='word_1_122' title='bbox 1601 1047 1654 1084; x_wconf 88' lang='lat' dir='ltr'><strong>sua</strong></span> <span class='ocrx_word' id='word_1_123' title='bbox 1668 1046 1748 1084; x_wconf 87' lang='lat' dir='ltr'><strong>arma</strong></span> <span class='ocrx_word' id='word_1_124' title='bbox 1758 1030 1797 1084; x_wconf 90' lang='lat' dir='ltr'><strong>ini·</strong></span> 
     </span>
     <span class='ocr_line' id='line_1_10' title="bbox 124 1124 1798 1197; baseline -0.001 -19"><span class='ocrx_word' id='word_1_125' title='bbox 124 1127 182 1179; x_wconf 90' lang='lat' dir='ltr'><strong>tate</strong></span> <span class='ocrx_word' id='word_1_126' title='bbox 209 1129 237 1178; x_wconf 89' lang='lat' dir='ltr'><strong>et</strong></span> <span class='ocrx_word' id='word_1_127' title='bbox 257 1124 396 1179; x_wconf 88' lang='lat' dir='ltr'><strong>charitate</strong></span> <span class='ocrx_word' id='word_1_128' title='bbox 421 1124 618 1196; x_wconf 74' lang='lat' dir='ltr'><strong>flagrantibus,</strong></span> <span class='ocrx_word' id='word_1_129' title='bbox 653 1125 738 1181; x_wconf 88' lang='lat' dir='ltr'><strong>etiam</strong></span> <span class='ocrx_word' id='word_1_130' title='bbox 769 1126 944 1183; x_wconf 89' lang='lat' dir='ltr'><strong>orationihus</strong></span> <span class='ocrx_word' id='word_1_131' title='bbox 994 1124 1107 1196; x_wconf 85' lang='lat' dir='ltr'><strong>quitatis</strong></span> <span class='ocrx_word' id='word_1_132' title='bbox 1115 1130 1232 1197; x_wconf 89' lang='lat' dir='ltr'><strong>peceato</strong></span> <span class='ocrx_word' id='word_1_133' title='bbox 1245 1125 1484 1196; x_wconf 85' lang='lat' dir='ltr'><strong>potestdicere:«</strong></span> <span class='ocrx_word' id='word_1_134' title='bbox 1497 1127 1560 1180; x_wconf 86' lang='lat' dir='ltr'><strong>iam</strong></span> <span class='ocrx_word' id='word_1_135' title='bbox 1572 1141 1633 1179; x_wconf 91' lang='lat' dir='ltr'><strong>non</strong></span> <span class='ocrx_word' id='word_1_136' title='bbox 1647 1141 1704 1194; x_wconf 87' lang='lat' dir='ltr'><strong>ego</strong></span> <span class='ocrx_word' id='word_1_137' title='bbox 1715 1139 1798 1194; x_wconf 87' lang='lat' dir='ltr'><strong>operor</strong></span> 
     </span>
     <span class='ocr_line' id='line_1_11' title="bbox 126 1218 1797 1290; baseline 0.001 -19"><span class='ocrx_word' id='word_1_138' title='bbox 126 1218 183 1273; x_wconf 91' lang='lat' dir='ltr'><strong>tuis</strong></span> <span class='ocrx_word' id='word_1_139' title='bbox 193 1235 252 1274; x_wconf 89' lang='lat' dir='ltr'><strong>non</strong></span> <span class='ocrx_word' id='word_1_140' title='bbox 274 1218 367 1273; x_wconf 90' lang='lat' dir='ltr'><strong>solum</strong></span> <span class='ocrx_word' id='word_1_141' title='bbox 387 1221 419 1272; x_wconf 91' lang='lat' dir='ltr'><strong>ut</strong></span> <span class='ocrx_word' id='word_1_142' title='bbox 433 1218 462 1272; x_wconf 87' lang='lat' dir='ltr'><strong>in</strong></span> <span class='ocrx_word' id='word_1_143' title='bbox 476 1223 614 1273; x_wconf 74' lang='lat' dir='ltr'><strong>aeternum</strong></span> <span class='ocrx_word' id='word_1_144' title='bbox 631 1219 716 1286; x_wconf 86' lang='lat' dir='ltr'><strong>beati,</strong></span> <span class='ocrx_word' id='word_1_145' title='bbox 741 1236 838 1274; x_wconf 87' lang='lat' dir='ltr'><strong>verum</strong></span> <span class='ocrx_word' id='word_1_146' title='bbox 858 1220 944 1275; x_wconf 89' lang='lat' dir='ltr'><strong>etiam</strong></span> <span class='ocrx_word' id='word_1_147' title='bbox 993 1218 1074 1286; x_wconf 90' lang='lat' dir='ltr'><strong>illud,</strong></span> <span class='ocrx_word' id='word_1_148' title='bbox 1092 1219 1141 1274; x_wconf 91' lang='lat' dir='ltr'><strong>sed</strong></span> <span class='ocrx_word' id='word_1_149' title='bbox 1155 1219 1185 1277; x_wconf 90' lang='lat' dir='ltr'><strong>id</strong></span> <span class='ocrx_word' id='word_1_150' title='bbox 1200 1220 1276 1290; x_wconf 91' lang='lat' dir='ltr'><strong>quod</strong></span> <span class='ocrx_word' id='word_1_151' title='bbox 1293 1219 1439 1274; x_wconf 85' lang='lat' dir='ltr'><strong>habitatin</strong></span> <span class='ocrx_word' id='word_1_152' title='bbox 1453 1236 1498 1273; x_wconf 92' lang='lat' dir='ltr'><strong>me</strong></span> <span class='ocrx_word' id='word_1_153' title='bbox 1512 1220 1797 1289; x_wconf 78' lang='lat' dir='ltr'><strong>peceatumfltom.vu.</strong></span> 
     </span>
    </p>

    <p class='ocr_par' dir='ltr' id='par_1_3' title="bbox 71 1308 1832 3537">
     <span class='ocr_line' id='line_1_12' title="bbox 71 1308 1798 1384; baseline -0.002 -18"><span class='ocrx_word' id='word_1_154' title='bbox 71 1308 75 1315; x_wconf 84' lang='grc'><strong>’</strong></span> <span class='ocrx_word' id='word_1_155' title='bbox 122 1311 194 1384; x_wconf 87' lang='lat' dir='ltr'><strong>justi</strong></span> <span class='ocrx_word' id='word_1_156' title='bbox 219 1313 307 1367; x_wconf 87' lang='lat' dir='ltr'><strong>sancti</strong></span> <span class='ocrx_word' id='word_1_157' title='bbox 336 1312 402 1381; x_wconf 91' lang='lat' dir='ltr'><strong>sint,</strong></span> <span class='ocrx_word' id='word_1_158' title='bbox 430 1312 532 1366; x_wconf 93' lang='lat' dir='ltr'><strong>nonin</strong></span> <span class='ocrx_word' id='word_1_159' title='bbox 561 1329 612 1366; x_wconf 91' lang='lat' dir='ltr'><strong>sua</strong></span> <span class='ocrx_word' id='word_1_160' title='bbox 637 1312 750 1380; x_wconf 88' lang='lat' dir='ltr'><strong>virtute,</strong></span> <span class='ocrx_word' id='word_1_161' title='bbox 778 1314 870 1368; x_wconf 91' lang='lat' dir='ltr'><strong>sedin</strong></span> <span class='ocrx_word' id='word_1_162' title='bbox 895 1330 941 1368; x_wconf 89' lang='lat' dir='ltr'><strong>ea·</strong></span> <span class='ocrx_word' id='word_1_163' title='bbox 995 1312 1510 1384; x_wconf 72' lang='lat' dir='ltr'><strong>fij.»Sedquomodosehaheatista</strong></span> <span class='ocrx_word' id='word_1_164' title='bbox 1521 1312 1655 1382; x_wconf 82' lang='lat' dir='ltr'><strong>quaestio,</strong></span> <span class='ocrx_word' id='word_1_165' title='bbox 1673 1311 1798 1381; x_wconf 87' lang='lat' dir='ltr'><strong>quiaetsi</strong></span> 
     </span>
     <span class='ocr_line' id='line_1_13' title="bbox 127 1404 1797 1478; baseline -0.002 -18"><span class='ocrx_word' id='word_1_166' title='bbox 127 1405 193 1460; x_wconf 89' lang='lat' dir='ltr'><strong>dem</strong></span> <span class='ocrx_word' id='word_1_167' title='bbox 208 1406 300 1477; x_wconf 88' lang='lat' dir='ltr'><strong>gratia</strong></span> <span class='ocrx_word' id='word_1_168' title='bbox 312 1407 480 1462; x_wconf 85' lang='lat' dir='ltr'><strong>confisuros.</strong></span> <span class='ocrx_word' id='word_1_169' title='bbox 503 1406 583 1461; x_wconf 89' lang='lat' dir='ltr'><strong>Unde</strong></span> <span class='ocrx_word' id='word_1_170' title='bbox 597 1409 626 1461; x_wconf 90' lang='lat' dir='ltr'><strong>et</strong></span> <span class='ocrx_word' id='word_1_171' title='bbox 644 1406 679 1460; x_wconf 90' lang='lat' dir='ltr'><strong>ad</strong></span> <span class='ocrx_word' id='word_1_172' title='bbox 703 1406 795 1478; x_wconf 90' lang='lat' dir='ltr'><strong>ipsum</strong></span> <span class='ocrx_word' id='word_1_173' title='bbox 810 1407 943 1478; x_wconf 88' lang='lat' dir='ltr'><strong>scriptam</strong></span> <span class='ocrx_word' id='word_1_174' title='bbox 994 1423 1054 1462; x_wconf 92' lang='lat' dir='ltr'><strong>non</strong></span> <span class='ocrx_word' id='word_1_175' title='bbox 1068 1407 1211 1461; x_wconf 89' lang='lat' dir='ltr'><strong>invenitur</strong></span> <span class='ocrx_word' id='word_1_176' title='bbox 1224 1406 1310 1461; x_wconf 92' lang='lat' dir='ltr'><strong>homo</strong></span> <span class='ocrx_word' id='word_1_177' title='bbox 1324 1406 1352 1460; x_wconf 91' lang='lat' dir='ltr'><strong>in</strong></span> <span class='ocrx_word' id='word_1_178' title='bbox 1368 1406 1421 1461; x_wconf 90' lang='lat' dir='ltr'><strong>hac</strong></span> <span class='ocrx_word' id='word_1_179' title='bbox 1437 1405 1493 1459; x_wconf 91' lang='lat' dir='ltr'><strong>vita</strong></span> <span class='ocrx_word' id='word_1_180' title='bbox 1507 1405 1570 1459; x_wconf 92' lang='lat' dir='ltr'><strong>sine</strong></span> <span class='ocrx_word' id='word_1_181' title='bbox 1587 1408 1717 1475; x_wconf 79' lang='lat' dir='ltr'><strong>peccato,</strong></span> <span class='ocrx_word' id='word_1_182' title='bbox 1733 1404 1757 1458; x_wconf 88' lang='lat' dir='ltr'><strong>id</strong></span> <span class='ocrx_word' id='word_1_183' title='bbox 1768 1408 1797 1456; x_wconf 83' lang='lat' dir='ltr'><strong>tr·</strong></span> 
     </span>
     <span class='ocr_line' id='line_1_14' title="bbox 126 1496 1797 1571; baseline -0.001 -19"><span class='ocrx_word' id='word_1_184' title='bbox 126 1498 161 1553; x_wconf 88' lang='lat' dir='ltr'><strong>ab</strong></span> <span class='ocrx_word' id='word_1_185' title='bbox 182 1516 239 1553; x_wconf 91' lang='lat' dir='ltr'><strong>uno</strong></span> <span class='ocrx_word' id='word_1_186' title='bbox 255 1500 370 1554; x_wconf 90' lang='lat' dir='ltr'><strong>homine</strong></span> <span class='ocrx_word' id='word_1_187' title='bbox 394 1499 542 1570; x_wconf 87' lang='lat' dir='ltr'><strong>epistolam</strong></span> <span class='ocrx_word' id='word_1_188' title='bbox 559 1500 595 1555; x_wconf 90' lang='lat' dir='ltr'><strong>ad</strong></span> <span class='ocrx_word' id='word_1_189' title='bbox 618 1516 703 1570; x_wconf 89' lang='lat' dir='ltr'><strong>quem</strong></span> <span class='ocrx_word' id='word_1_190' title='bbox 718 1517 771 1571; x_wconf 90' lang='lat' dir='ltr'><strong>per</strong></span> <span class='ocrx_word' id='word_1_191' title='bbox 792 1501 944 1571; x_wconf 88' lang='lat' dir='ltr'><strong>quemdam</strong></span> <span class='ocrx_word' id='word_1_192' title='bbox 993 1517 1061 1556; x_wconf 89' lang='lat' dir='ltr'><strong>men</strong></span> <span class='ocrx_word' id='word_1_193' title='bbox 1072 1499 1175 1554; x_wconf 91' lang='lat' dir='ltr'><strong>dicitur</strong></span> <span class='ocrx_word' id='word_1_194' title='bbox 1188 1516 1267 1571; x_wconf 91' lang='lat' dir='ltr'><strong>posse</strong></span> <span class='ocrx_word' id='word_1_195' title='bbox 1276 1500 1338 1554; x_wconf 89' lang='lat' dir='ltr'><strong>fieri</strong></span> <span class='ocrx_word' id='word_1_196' title='bbox 1349 1515 1400 1570; x_wconf 89' lang='lat' dir='ltr'><strong>per</strong></span> <span class='ocrx_word' id='word_1_197' title='bbox 1414 1497 1589 1569; x_wconf 84' lang='lat' dir='ltr'><strong>adjutorium</strong></span> <span class='ocrx_word' id='word_1_198' title='bbox 1601 1497 1706 1568; x_wconf 86' lang='lat' dir='ltr'><strong>gratiae</strong></span> <span class='ocrx_word' id='word_1_199' title='bbox 1716 1500 1742 1551; x_wconf 90' lang='lat' dir='ltr'><strong>et</strong></span> <span class='ocrx_word' id='word_1_200' title='bbox 1751 1496 1797 1567; x_wconf 88' lang='lat' dir='ltr'><strong>Spi-</strong></span> 
     </span>
     <span class='ocr_line' id='line_1_15' title="bbox 126 1590 1797 1665; baseline -0.002 -18"><span class='ocrx_word' id='word_1_201' title='bbox 126 1593 293 1648; x_wconf 83' lang='lat' dir='ltr'><strong>orientalem</strong></span> <span class='ocrx_word' id='word_1_202' title='bbox 321 1593 484 1660; x_wconf 89' lang='lat' dir='ltr'><strong>diaconum,</strong></span> <span class='ocrx_word' id='word_1_203' title='bbox 500 1593 589 1648; x_wconf 87' lang='lat' dir='ltr'><strong>civem</strong></span> <span class='ocrx_word' id='word_1_204' title='bbox 604 1598 701 1648; x_wconf 88' lang='lat' dir='ltr'><strong>autem</strong></span> <span class='ocrx_word' id='word_1_205' title='bbox 722 1593 944 1665; x_wconf 89' lang='lat' dir='ltr'><strong>Hipponiensem</strong></span> <span class='ocrx_word' id='word_1_206' title='bbox 993 1594 1064 1648; x_wconf 90' lang='lat' dir='ltr'><strong>ritus</strong></span> <span class='ocrx_word' id='word_1_207' title='bbox 1076 1594 1147 1648; x_wconf 85' lang='lat' dir='ltr'><strong>llei‘t</strong></span> <span class='ocrx_word' id='word_1_208' title='bbox 1160 1593 1243 1658; x_wconf 87' lang='lat' dir='ltr'><strong>Quod</strong></span> <span class='ocrx_word' id='word_1_209' title='bbox 1255 1597 1287 1647; x_wconf 93' lang='lat' dir='ltr'><strong>ut</strong></span> <span class='ocrx_word' id='word_1_210' title='bbox 1301 1592 1519 1647; x_wconf 84' lang='lat' dir='ltr'><strong>ssatconandum</strong></span> <span class='ocrx_word' id='word_1_211' title='bbox 1532 1595 1622 1661; x_wconf 87' lang='lat' dir='ltr'><strong>atque</strong></span> <span class='ocrx_word' id='word_1_212' title='bbox 1637 1590 1797 1662; x_wconf 86' lang='lat' dir='ltr'><strong>poscendam</strong></span> 
     </span>
     <span class='ocr_line' id='line_1_16' title="bbox 125 1683 1798 1760; baseline -0.002 -19"><span class='ocrx_word' id='word_1_213' title='bbox 125 1689 264 1758; x_wconf 86' lang='lat' dir='ltr'><strong>tanquam</strong></span> <span class='ocrx_word' id='word_1_214' title='bbox 289 1686 468 1758; x_wconf 79' lang='lat' dir='ltr'><strong>purgationis</strong></span> <span class='ocrx_word' id='word_1_215' title='bbox 493 1686 554 1741; x_wconf 89' lang='lat' dir='ltr'><strong>fieri</strong></span> <span class='ocrx_word' id='word_1_216' title='bbox 583 1687 715 1758; x_wconf 73' lang='lat' dir='ltr'><strong>quiedam</strong></span> <span class='ocrx_word' id='word_1_217' title='bbox 736 1688 840 1760; x_wconf 88' lang='lat' dir='ltr'><strong>scripta</strong></span> <span class='ocrx_word' id='word_1_218' title='bbox 855 1694 945 1743; x_wconf 87' lang='lat' dir='ltr'><strong>trans-</strong></span> <span class='ocrx_word' id='word_1_219' title='bbox 995 1691 1045 1743; x_wconf 90' lang='lat' dir='ltr'><strong>est.</strong></span> <span class='ocrx_word' id='word_1_220' title='bbox 1058 1687 1251 1742; x_wconf 88' lang='lat' dir='ltr'><strong>Tolerabiliter</strong></span> <span class='ocrx_word' id='word_1_221' title='bbox 1260 1687 1290 1741; x_wconf 92' lang='lat' dir='ltr'><strong>in</strong></span> <span class='ocrx_word' id='word_1_222' title='bbox 1304 1686 1332 1741; x_wconf 93' lang='lat' dir='ltr'><strong>id</strong></span> <span class='ocrx_word' id='word_1_223' title='bbox 1343 1686 1462 1757; x_wconf 89' lang='lat' dir='ltr'><strong>quisque</strong></span> <span class='ocrx_word' id='word_1_224' title='bbox 1476 1685 1596 1752; x_wconf 89' lang='lat' dir='ltr'><strong>fallitur,</strong></span> <span class='ocrx_word' id='word_1_225' title='bbox 1609 1701 1667 1738; x_wconf 90' lang='lat' dir='ltr'><strong>nec</strong></span> <span class='ocrx_word' id='word_1_226' title='bbox 1680 1683 1798 1738; x_wconf 78' lang='lat' dir='ltr'><strong>diabobo</strong></span> 
     </span>
     <span class='ocr_line' id='line_1_17' title="bbox 126 1773 1797 1853; baseline -0.002 -19"><span class='ocrx_word' id='word_1_227' title='bbox 126 1779 212 1848; x_wconf 90' lang='lat' dir='ltr'><strong>misit,</strong></span> <span class='ocrx_word' id='word_1_228' title='bbox 228 1785 283 1835; x_wconf 76' lang='lat' dir='ltr'><strong>tun</strong></span> <span class='ocrx_word' id='word_1_229' title='bbox 297 1779 465 1835; x_wconf 85' lang='lat' dir='ltr'><strong>beatitudini</strong></span> <span class='ocrx_word' id='word_1_230' title='bbox 478 1781 573 1851; x_wconf 90' lang='lat' dir='ltr'><strong>potius</strong></span> <span class='ocrx_word' id='word_1_231' title='bbox 593 1780 768 1835; x_wconf 88' lang='lat' dir='ltr'><strong>credidimus</strong></span> <span class='ocrx_word' id='word_1_232' title='bbox 783 1781 941 1853; x_wconf 85' lang='lat' dir='ltr'><strong>dirigenda,</strong></span> <span class='ocrx_word' id='word_1_233' title='bbox 953 1773 981 1845; x_wconf 90' lang='lat' dir='ltr'>B</span> <span class='ocrx_word' id='word_1_234' title='bbox 993 1780 1137 1852; x_wconf 89' lang='lat' dir='ltr'><strong>impietas,</strong></span> <span class='ocrx_word' id='word_1_235' title='bbox 1160 1780 1207 1835; x_wconf 91' lang='lat' dir='ltr'><strong>sed</strong></span> <span class='ocrx_word' id='word_1_236' title='bbox 1233 1796 1313 1834; x_wconf 89' lang='lat' dir='ltr'><strong>error</strong></span> <span class='ocrx_word' id='word_1_237' title='bbox 1337 1779 1479 1834; x_wconf 90' lang='lat' dir='ltr'><strong>humanus</strong></span> <span class='ocrx_word' id='word_1_238' title='bbox 1505 1783 1559 1845; x_wconf 90' lang='lat' dir='ltr'><strong>est,</strong></span> <span class='ocrx_word' id='word_1_239' title='bbox 1590 1776 1758 1833; x_wconf 87' lang='lat' dir='ltr'><strong>elaboranda</strong></span> <span class='ocrx_word' id='word_1_240' title='bbox 1776 1781 1797 1830; x_wconf 87' lang='lat' dir='ltr'><strong>et</strong></span> 
     </span>
     <span class='ocr_line' id='line_1_18' title="bbox 125 1868 1797 1946; baseline -0.003 -19"><span class='ocrx_word' id='word_1_241' title='bbox 125 1872 227 1928; x_wconf 85' lang='lat' dir='ltr'><strong>melius</strong></span> <span class='ocrx_word' id='word_1_242' title='bbox 250 1872 413 1944; x_wconf 83' lang='lat' dir='ltr'><strong>judicantes</strong></span> <span class='ocrx_word' id='word_1_243' title='bbox 437 1876 464 1927; x_wconf 90' lang='lat' dir='ltr'><strong>et</strong></span> <span class='ocrx_word' id='word_1_244' title='bbox 489 1878 619 1945; x_wconf 86' lang='lat' dir='ltr'><strong>petentes</strong></span> <span class='ocrx_word' id='word_1_245' title='bbox 643 1879 675 1928; x_wconf 90' lang='lat' dir='ltr'><strong>ut</strong></span> <span class='ocrx_word' id='word_1_246' title='bbox 697 1890 760 1928; x_wconf 89' lang='lat' dir='ltr'><strong>cam</strong></span> <span class='ocrx_word' id='word_1_247' title='bbox 786 1875 811 1929; x_wconf 92' lang='lat' dir='ltr'><strong>ci</strong></span> <span class='ocrx_word' id='word_1_248' title='bbox 831 1875 944 1929; x_wconf 82' lang='lat' dir='ltr'><strong>mittere</strong></span> <span class='ocrx_word' id='word_1_249' title='bbox 996 1874 1120 1946; x_wconf 84' lang='lat' dir='ltr'><strong>optanda</strong></span> <span class='ocrx_word' id='word_1_250' title='bbox 1132 1873 1285 1941; x_wconf 83' lang='lat' dir='ltr'><strong>affirmare,</strong></span> <span class='ocrx_word' id='word_1_251' title='bbox 1300 1873 1411 1928; x_wconf 85' lang='lat' dir='ltr'><strong>etiamsi</strong></span> <span class='ocrx_word' id='word_1_252' title='bbox 1427 1872 1502 1943; x_wconf 90' lang='lat' dir='ltr'><strong>quod</strong></span> <span class='ocrx_word' id='word_1_253' title='bbox 1515 1872 1643 1926; x_wconf 88' lang='lat' dir='ltr'><strong>altirrnat</strong></span> <span class='ocrx_word' id='word_1_254' title='bbox 1658 1888 1717 1926; x_wconf 94' lang='lat' dir='ltr'><strong>non</strong></span> <span class='ocrx_word' id='word_1_255' title='bbox 1729 1868 1797 1942; x_wconf 87' lang='lat' dir='ltr'><strong>possit</strong></span> 
     </span>
     <span class='ocr_line' id='line_1_19' title="bbox 124 1964 1795 2038; baseline -0.001 -18"><span class='ocrx_word' id='word_1_256' title='bbox 124 1965 185 2037; x_wconf 91' lang='lat' dir='ltr'><strong>ipse</strong></span> <span class='ocrx_word' id='word_1_257' title='bbox 198 1966 333 2038; x_wconf 89' lang='lat' dir='ltr'><strong>digneris,</strong></span> <span class='ocrx_word' id='word_1_258' title='bbox 356 1965 395 2020; x_wconf 88' lang='lat' dir='ltr'><strong>sie</strong></span> <span class='ocrx_word' id='word_1_259' title='bbox 409 1965 487 2020; x_wconf 90' lang='lat' dir='ltr'><strong>enim</strong></span> <span class='ocrx_word' id='word_1_260' title='bbox 510 1983 573 2020; x_wconf 89' lang='lat' dir='ltr'><strong>eam</strong></span> <span class='ocrx_word' id='word_1_261' title='bbox 588 1968 683 2037; x_wconf 87' lang='lat' dir='ltr'><strong>legere</strong></span> <span class='ocrx_word' id='word_1_262' title='bbox 705 1967 874 2037; x_wconf 90' lang='lat' dir='ltr'><strong>potiusnon</strong></span> <span class='ocrx_word' id='word_1_263' title='bbox 898 1968 943 2034; x_wconf 88' lang='lat' dir='ltr'><strong>de,</strong></span> <span class='ocrx_word' id='word_1_264' title='bbox 994 1967 1153 2022; x_wconf 85' lang='lat' dir='ltr'><strong>ostendere.</strong></span> <span class='ocrx_word' id='word_1_265' title='bbox 1172 1967 1200 2021; x_wconf 91' lang='lat' dir='ltr'><strong>ld</strong></span> <span class='ocrx_word' id='word_1_266' title='bbox 1217 1967 1294 2021; x_wconf 89' lang='lat' dir='ltr'><strong>enim</strong></span> <span class='ocrx_word' id='word_1_267' title='bbox 1304 1967 1396 2021; x_wconf 87' lang='lat' dir='ltr'><strong>eredit</strong></span> <span class='ocrx_word' id='word_1_268' title='bbox 1409 1965 1469 2020; x_wconf 84' lang='lat' dir='ltr'><strong>fieri</strong></span> <span class='ocrx_word' id='word_1_269' title='bbox 1483 1982 1565 2036; x_wconf 88' lang='lat' dir='ltr'><strong>posse</strong></span> <span class='ocrx_word' id='word_1_270' title='bbox 1577 1965 1659 2036; x_wconf 92' lang='lat' dir='ltr'><strong>quod</strong></span> <span class='ocrx_word' id='word_1_271' title='bbox 1673 1969 1744 2019; x_wconf 89' lang='lat' dir='ltr'><strong>certe</strong></span> <span class='ocrx_word' id='word_1_272' title='bbox 1753 1964 1795 2018; x_wconf 85' lang='lat' dir='ltr'><strong>lau·</strong></span> 
     </span>
     <span class='ocr_line' id='line_1_20' title="bbox 126 2057 1794 2133; baseline -0.002 -19"><span class='ocrx_word' id='word_1_273' title='bbox 126 2060 301 2132; x_wconf 87' lang='lat' dir='ltr'><strong>dignabitur,</strong></span> <span class='ocrx_word' id='word_1_274' title='bbox 324 2059 415 2131; x_wconf 84' lang='lat' dir='ltr'><strong>magis</strong></span> <span class='ocrx_word' id='word_1_275' title='bbox 429 2060 457 2113; x_wconf 90' lang='lat' dir='ltr'><strong>in</strong></span> <span class='ocrx_word' id='word_1_276' title='bbox 484 2059 531 2114; x_wconf 89' lang='lat' dir='ltr'><strong>ifla</strong></span> <span class='ocrx_word' id='word_1_277' title='bbox 546 2076 612 2113; x_wconf 90' lang='lat' dir='ltr'><strong>eum</strong></span> <span class='ocrx_word' id='word_1_278' title='bbox 628 2060 677 2130; x_wconf 92' lang='lat' dir='ltr'><strong>qui</strong></span> <span class='ocrx_word' id='word_1_279' title='bbox 690 2061 778 2128; x_wconf 88' lang='lat' dir='ltr'><strong>misit,</strong></span> <span class='ocrx_word' id='word_1_280' title='bbox 795 2078 882 2133; x_wconf 90' lang='lat' dir='ltr'><strong>quam</strong></span> <span class='ocrx_word' id='word_1_281' title='bbox 897 2061 944 2133; x_wconf 91' lang='lat' dir='ltr'><strong>qui</strong></span> <span class='ocrx_word' id='word_1_282' title='bbox 995 2061 1087 2116; x_wconf 89' lang='lat' dir='ltr'><strong>dabile</strong></span> <span class='ocrx_word' id='word_1_283' title='bbox 1102 2063 1144 2115; x_wconf 89' lang='lat' dir='ltr'><strong>est</strong></span> <span class='ocrx_word' id='word_1_284' title='bbox 1155 2061 1233 2114; x_wconf 91' lang='lat' dir='ltr'><strong>velle.</strong></span> <span class='ocrx_word' id='word_1_285' title='bbox 1251 2060 1336 2115; x_wconf 86' lang='lat' dir='ltr'><strong>Nobis</strong></span> <span class='ocrx_word' id='word_1_286' title='bbox 1353 2066 1446 2114; x_wconf 89' lang='lat' dir='ltr'><strong>autem</strong></span> <span class='ocrx_word' id='word_1_287' title='bbox 1461 2059 1566 2113; x_wconf 88' lang='lat' dir='ltr'><strong>sufficit</strong></span> <span class='ocrx_word' id='word_1_288' title='bbox 1578 2058 1662 2130; x_wconf 91' lang='lat' dir='ltr'><strong>quod</strong></span> <span class='ocrx_word' id='word_1_289' title='bbox 1678 2058 1762 2112; x_wconf 91' lang='lat' dir='ltr'><strong>nullus</strong></span> <span class='ocrx_word' id='word_1_290' title='bbox 1772 2057 1794 2109; x_wconf 91' lang='lat' dir='ltr'><strong>iu</strong></span> 
     </span>
     <span class='ocr_line' id='line_1_21' title="bbox 126 2151 1793 2227; baseline -0.004 -17"><span class='ocrx_word' id='word_1_291' title='bbox 126 2153 239 2225; x_wconf 89' lang='lat' dir='ltr'><strong>scripsit</strong></span> <span class='ocrx_word' id='word_1_292' title='bbox 261 2153 419 2220; x_wconf 86' lang='lat' dir='ltr'><strong>attendens,</strong></span> <span class='ocrx_word' id='word_1_293' title='bbox 448 2152 517 2208; x_wconf 92' lang='lat' dir='ltr'><strong>illud</strong></span> <span class='ocrx_word' id='word_1_294' title='bbox 544 2170 610 2207; x_wconf 90' lang='lat' dir='ltr'><strong>vero</strong></span> <span class='ocrx_word' id='word_1_295' title='bbox 637 2154 714 2224; x_wconf 90' lang='lat' dir='ltr'><strong>quod</strong></span> <span class='ocrx_word' id='word_1_296' title='bbox 739 2155 838 2209; x_wconf 90' lang='lat' dir='ltr'><strong>dicunt</strong></span> <span class='ocrx_word' id='word_1_297' title='bbox 863 2171 945 2227; x_wconf 88' lang='lat' dir='ltr'><strong>posse</strong></span> <span class='ocrx_word' id='word_1_298' title='bbox 995 2154 1117 2210; x_wconf 88' lang='lat' dir='ltr'><strong>Ecclesia</strong></span> <span class='ocrx_word' id='word_1_299' title='bbox 1130 2153 1179 2208; x_wconf 86' lang='lat' dir='ltr'><strong>Dei</strong></span> <span class='ocrx_word' id='word_1_300' title='bbox 1193 2154 1321 2209; x_wconf 88' lang='lat' dir='ltr'><strong>fidelium</strong></span> <span class='ocrx_word' id='word_1_301' title='bbox 1335 2154 1478 2225; x_wconf 86' lang='lat' dir='ltr'><strong>reperitur</strong></span> <span class='ocrx_word' id='word_1_302' title='bbox 1493 2154 1522 2207; x_wconf 89' lang='lat' dir='ltr'><strong>in</strong></span> <span class='ocrx_word' id='word_1_303' title='bbox 1542 2151 1677 2224; x_wconf 89' lang='lat' dir='ltr'><strong>quolibet</strong></span> <span class='ocrx_word' id='word_1_304' title='bbox 1688 2151 1793 2223; x_wconf 88' lang='lat' dir='ltr'><strong>profectu</strong></span> 
     </span>
     <span class='ocr_line' id='line_1_22' title="bbox 126 2234 1832 2319; baseline -0.004 -17"><span class='ocrx_word' id='word_1_305' title='bbox 126 2248 273 2303; x_wconf 90' lang='lat' dir='ltr'><strong>hominem</strong></span> <span class='ocrx_word' id='word_1_306' title='bbox 289 2263 350 2300; x_wconf 90' lang='lat' dir='ltr'><strong>osse</strong></span> <span class='ocrx_word' id='word_1_307' title='bbox 367 2246 426 2300; x_wconf 91' lang='lat' dir='ltr'><strong>sine</strong></span> <span class='ocrx_word' id='word_1_308' title='bbox 448 2249 573 2318; x_wconf 84' lang='lat' dir='ltr'><strong>peccato,</strong></span> <span class='ocrx_word' id='word_1_309' title='bbox 591 2250 619 2301; x_wconf 91' lang='lat' dir='ltr'><strong>et</strong></span> <span class='ocrx_word' id='word_1_310' title='bbox 640 2247 777 2302; x_wconf 90' lang='lat' dir='ltr'><strong>mandata</strong></span> <span class='ocrx_word' id='word_1_311' title='bbox 799 2248 847 2304; x_wconf 84' lang='lat' dir='ltr'><strong>Dei</strong></span> <span class='ocrx_word' id='word_1_312' title='bbox 864 2248 945 2303; x_wconf 89' lang='lat' dir='ltr'><strong>facile</strong></span> <span class='ocrx_word' id='word_1_313' title='bbox 995 2248 1144 2304; x_wconf 82' lang='lat' dir='ltr'><strong>excellenti</strong></span> <span class='ocrx_word' id='word_1_314' title='bbox 1171 2252 1255 2319; x_wconf 88' lang='lat' dir='ltr'><strong>atque</strong></span> <span class='ocrx_word' id='word_1_315' title='bbox 1281 2247 1390 2319; x_wconf 87' lang='lat' dir='ltr'><strong>justitia</strong></span> <span class='ocrx_word' id='word_1_316' title='bbox 1421 2247 1470 2318; x_wconf 93' lang='lat' dir='ltr'><strong>qui</strong></span> <span class='ocrx_word' id='word_1_317' title='bbox 1505 2246 1604 2301; x_wconf 90' lang='lat' dir='ltr'><strong>audiat</strong></span> <span class='ocrx_word' id='word_1_318' title='bbox 1643 2246 1734 2300; x_wconf 89' lang='lat' dir='ltr'><strong>dicere</strong></span> <span class='ocrx_word' id='word_1_319' title='bbox 1754 2243 1793 2296; x_wconf 83' lang='lat' dir='ltr'><strong>sibi</strong></span> <span class='ocrx_word' id='word_1_320' title='bbox 1830 2234 1832 2245; x_wconf 87' lang='lat'>&#39;</span> 
     </span>
     <span class='ocr_line' id='line_1_23' title="bbox 127 2337 1791 2413; baseline -0.003 -18"><span class='ocrx_word' id='word_1_321' title='bbox 127 2340 279 2408; x_wconf 88' lang='lat' dir='ltr'><strong>custodire,</strong></span> <span class='ocrx_word' id='word_1_322' title='bbox 301 2339 325 2393; x_wconf 89' lang='lat' dir='ltr'><strong>si</strong></span> <span class='ocrx_word' id='word_1_323' title='bbox 349 2338 425 2393; x_wconf 91' lang='lat' dir='ltr'><strong>velit.</strong></span> <span class='ocrx_word' id='word_1_324' title='bbox 445 2339 578 2402; x_wconf 83' lang='lat' dir='ltr'><strong>Quamvis</strong></span> <span class='ocrx_word' id='word_1_325' title='bbox 602 2356 667 2395; x_wconf 93' lang='lat' dir='ltr'><strong>eum</strong></span> <span class='ocrx_word' id='word_1_326' title='bbox 699 2341 752 2395; x_wconf 92' lang='lat' dir='ltr'><strong>hoc</strong></span> <span class='ocrx_word' id='word_1_327' title='bbox 781 2358 834 2413; x_wconf 87' lang='lat' dir='ltr'><strong>per</strong></span> <span class='ocrx_word' id='word_1_328' title='bbox 863 2341 943 2413; x_wconf 87' lang='lat' dir='ltr'><strong>adju·</strong></span> <span class='ocrx_word' id='word_1_329' title='bbox 996 2358 1055 2398; x_wconf 90' lang='lat' dir='ltr'><strong>non</strong></span> <span class='ocrx_word' id='word_1_330' title='bbox 1077 2340 1631 2412; x_wconf 73' lang='lat' dir='ltr'><strong>necessariam‘precationemorationis</strong></span> <span class='ocrx_word' id='word_1_331' title='bbox 1648 2337 1791 2399; x_wconf 71' lang='lat' dir='ltr'><strong>Dominiese</strong></span> 
     </span>
     <span class='ocr_line' id='line_1_24' title="bbox 127 2432 1790 2506; baseline -0.004 -18"><span class='ocrx_word' id='word_1_332' title='bbox 127 2434 233 2488; x_wconf 83' lang='lat' dir='ltr'><strong>terium</strong></span> <span class='ocrx_word' id='word_1_333' title='bbox 250 2432 296 2488; x_wconf 86' lang='lat' dir='ltr'><strong>Dei</strong></span> <span class='ocrx_word' id='word_1_334' title='bbox 320 2433 430 2504; x_wconf 69' lang='lat' dir='ltr'><strong>gratias,</strong></span> <span class='ocrx_word' id='word_1_335' title='bbox 454 2450 518 2505; x_wconf 78' lang='lat' dir='ltr'><strong>quae</strong></span> <span class='ocrx_word' id='word_1_336' title='bbox 533 2439 631 2488; x_wconf 91' lang='lat' dir='ltr'><strong>tamen</strong></span> <span class='ocrx_word' id='word_1_337' title='bbox 650 2452 702 2506; x_wconf 90' lang='lat' dir='ltr'><strong>per</strong></span> <span class='ocrx_word' id='word_1_338' title='bbox 719 2435 946 2490; x_wconf 88' lang='lat' dir='ltr'><strong>incarnationem</strong></span> <span class='ocrx_word' id='word_1_339' title='bbox 998 2435 1137 2490; x_wconf 87' lang='lat' dir='ltr'><strong>«dimitte</strong></span> <span class='ocrx_word' id='word_1_340' title='bbox 1156 2435 1239 2490; x_wconf 88' lang='lat' dir='ltr'><strong>nobis</strong></span> <span class='ocrx_word' id='word_1_341' title='bbox 1254 2435 1351 2489; x_wconf 88' lang='lat' dir='ltr'><strong>debita</strong></span> <span class='ocrx_word' id='word_1_342' title='bbox 1373 2437 1480 2503; x_wconf 88' lang='lat' dir='ltr'><strong>nostra,</strong></span> <span class='ocrx_word' id='word_1_343' title='bbox 1493 2456 1507 2484; x_wconf 88' lang='lat'>»</span> <span class='ocrx_word' id='word_1_344' title='bbox 1530 2438 1559 2488; x_wconf 87' lang='lat' dir='ltr'><strong>et</strong></span> <span class='ocrx_word' id='word_1_345' title='bbox 1579 2433 1657 2487; x_wconf 89' lang='lat' dir='ltr'><strong>dicat</strong></span> <span class='ocrx_word' id='word_1_346' title='bbox 1680 2455 1695 2481; x_wconf 83' lang='grc' dir='ltr'><strong>ιι</strong></span> <span class='ocrx_word' id='word_1_347' title='bbox 1713 2445 1790 2486; x_wconf 84' lang='lat' dir='ltr'><strong>senon</strong></span> 
     </span>
     <span class='ocr_line' id='line_1_25' title="bbox 126 2526 1790 2600; baseline -0.003 -18"><span class='ocrx_word' id='word_1_348' title='bbox 126 2526 273 2599; x_wconf 87' lang='lat' dir='ltr'><strong>Unigeniti</strong></span> <span class='ocrx_word' id='word_1_349' title='bbox 285 2526 346 2597; x_wconf 85' lang='lat' dir='ltr'><strong>ejus</strong></span> <span class='ocrx_word' id='word_1_350' title='bbox 359 2526 484 2581; x_wconf 85' lang='lat' dir='ltr'><strong>revelata</strong></span> <span class='ocrx_word' id='word_1_351' title='bbox 497 2532 583 2599; x_wconf 89' lang='lat' dir='ltr'><strong>atque</strong></span> <span class='ocrx_word' id='word_1_352' title='bbox 598 2528 703 2582; x_wconf 89' lang='lat' dir='ltr'><strong>donata</strong></span> <span class='ocrx_word' id='word_1_353' title='bbox 713 2545 771 2584; x_wconf 89' lang='lat' dir='ltr'><strong>esse</strong></span> <span class='ocrx_word' id='word_1_354' title='bbox 785 2528 897 2598; x_wconf 92' lang='lat' dir='ltr'><strong>dicitur,</strong></span> <span class='ocrx_word' id='word_1_355' title='bbox 907 2532 946 2584; x_wconf 79' lang='lat' dir='ltr'><strong>to</strong></span> <span class='ocrx_word' id='word_1_356' title='bbox 996 2530 1100 2585; x_wconf 87' lang='lat' dir='ltr'><strong>habere</strong></span> <span class='ocrx_word' id='word_1_357' title='bbox 1115 2535 1272 2600; x_wconf 89' lang='lat' dir='ltr'><strong>peccatum,</strong></span> <span class='ocrx_word' id='word_1_358' title='bbox 1287 2545 1341 2583; x_wconf 89' lang='lat' dir='ltr'><strong>neo</strong></span> <span class='ocrx_word' id='word_1_359' title='bbox 1352 2528 1477 2599; x_wconf 90' lang='lat' dir='ltr'><strong>scipsum</strong></span> <span class='ocrx_word' id='word_1_360' title='bbox 1492 2527 1626 2599; x_wconf 87' lang='lat' dir='ltr'><strong>decipiat,</strong></span> <span class='ocrx_word' id='word_1_361' title='bbox 1642 2531 1671 2582; x_wconf 89' lang='lat' dir='ltr'><strong>et</strong></span> <span class='ocrx_word' id='word_1_362' title='bbox 1682 2526 1710 2580; x_wconf 89' lang='grc' dir='ltr'><strong>ιιι</strong></span> <span class='ocrx_word' id='word_1_363' title='bbox 1721 2542 1749 2579; x_wconf 89' lang='grc' dir='ltr'><strong>ιο</strong></span> <span class='ocrx_word' id='word_1_364' title='bbox 1759 2539 1790 2577; x_wconf 83' lang='lat' dir='ltr'><strong>re</strong></span> 
     </span>
     <span class='ocr_line' id='line_1_26' title="bbox 126 2617 1791 2695; baseline -0.002 -20"><span class='ocrx_word' id='word_1_365' title='bbox 126 2620 272 2676; x_wconf 89' lang='lat' dir='ltr'><strong>lerabilius</strong></span> <span class='ocrx_word' id='word_1_366' title='bbox 285 2619 340 2674; x_wconf 90' lang='lat' dir='ltr'><strong>dici</strong></span> <span class='ocrx_word' id='word_1_367' title='bbox 350 2618 484 2674; x_wconf 88' lang='lat' dir='ltr'><strong>videatur</strong></span> <span class='ocrx_word' id='word_1_368' title='bbox 497 2622 593 2674; x_wconf 88' lang='lat' dir='ltr'><strong>tamen</strong></span> <span class='ocrx_word' id='word_1_369' title='bbox 602 2621 738 2693; x_wconf 87' lang='lat' dir='ltr'><strong>quoniam</strong></span> <span class='ocrx_word' id='word_1_370' title='bbox 748 2622 848 2676; x_wconf 90' lang='lat' dir='ltr'><strong>merito</strong></span> <span class='ocrx_word' id='word_1_371' title='bbox 857 2621 947 2694; x_wconf 79' lang='lat' dir='ltr'><strong>qureri</strong></span> <span class='ocrx_word' id='word_1_372' title='bbox 967 2652 968 2656; x_wconf 61' lang='lat'><em>=</em></span> <span class='ocrx_word' id='word_1_373' title='bbox 996 2624 1066 2678; x_wconf 89' lang='lat' dir='ltr'><strong>ritas</strong></span> <span class='ocrx_word' id='word_1_374' title='bbox 1080 2640 1138 2677; x_wconf 92' lang='lat' dir='ltr'><strong>non</strong></span> <span class='ocrx_word' id='word_1_375' title='bbox 1152 2623 1188 2677; x_wconf 90' lang='lat' dir='ltr'><strong>sit</strong></span> <span class='ocrx_word' id='word_1_376' title='bbox 1208 2623 1232 2695; x_wconf 87' lang='grc' dir='ltr'><strong>(ι</strong></span> <span class='ocrx_word' id='word_1_377' title='bbox 1243 2626 1321 2678; x_wconf 81' lang='grc' dir='ltr'>ιοιιι.</span> <span class='ocrx_word' id='word_1_378' title='bbox 1335 2640 1354 2689; x_wconf 89' lang='grc' dir='ltr'><strong>ι,</strong></span> <span class='ocrx_word' id='word_1_379' title='bbox 1375 2623 1411 2693; x_wconf 81' lang='lat'><strong>8),</strong></span> <span class='ocrx_word' id='word_1_380' title='bbox 1432 2642 1444 2673; x_wconf 83' lang='grc' dir='ltr'><strong>ι</strong></span> <span class='ocrx_word' id='word_1_381' title='bbox 1461 2621 1524 2694; x_wconf 88' lang='lat' dir='ltr'><strong>quis</strong></span> <span class='ocrx_word' id='word_1_382' title='bbox 1541 2621 1602 2692; x_wconf 86' lang='lat' dir='ltr'><strong>jam</strong></span> <span class='ocrx_word' id='word_1_383' title='bbox 1616 2620 1678 2674; x_wconf 91' lang='lat' dir='ltr'><strong>sine</strong></span> <span class='ocrx_word' id='word_1_384' title='bbox 1699 2617 1791 2691; x_wconf 80' lang='lat' dir='ltr'><strong>quereb</strong></span> 
     </span>
     <span class='ocr_line' id='line_1_27' title="bbox 126 2712 1791 2788; baseline -0.003 -19"><span class='ocrx_word' id='word_1_385' title='bbox 126 2717 220 2787; x_wconf 87' lang='lat' dir='ltr'><strong>potest</strong></span> <span class='ocrx_word' id='word_1_386' title='bbox 228 2713 277 2768; x_wconf 92' lang='lat' dir='ltr'><strong>ubi</strong></span> <span class='ocrx_word' id='word_1_387' title='bbox 292 2718 321 2768; x_wconf 89' lang='lat' dir='ltr'><strong>et</strong></span> <span class='ocrx_word' id='word_1_388' title='bbox 332 2713 448 2785; x_wconf 85' lang='lat' dir='ltr'><strong>quando</strong></span> <span class='ocrx_word' id='word_1_389' title='bbox 464 2729 515 2784; x_wconf 90' lang='lat' dir='ltr'><strong>per</strong></span> <span class='ocrx_word' id='word_1_390' title='bbox 528 2714 659 2768; x_wconf 89' lang='lat' dir='ltr'><strong>eamdem</strong></span> <span class='ocrx_word' id='word_1_391' title='bbox 672 2715 794 2786; x_wconf 89' lang='lat' dir='ltr'><strong>gratiam</strong></span> <span class='ocrx_word' id='word_1_392' title='bbox 805 2715 834 2768; x_wconf 92' lang='lat' dir='ltr'><strong>id</strong></span> <span class='ocrx_word' id='word_1_393' title='bbox 845 2716 947 2770; x_wconf 87' lang='lat' dir='ltr'><strong>efficia·</strong></span> <span class='ocrx_word' id='word_1_394' title='bbox 996 2717 1088 2772; x_wconf 78' lang='lat' dir='ltr'><strong>vivat?</strong></span> <span class='ocrx_word' id='word_1_395' title='bbox 1099 2719 1160 2772; x_wconf 89' lang='lat' dir='ltr'><strong>Non</strong></span> <span class='ocrx_word' id='word_1_396' title='bbox 1170 2716 1248 2771; x_wconf 91' lang='lat' dir='ltr'><strong>enim</strong></span> <span class='ocrx_word' id='word_1_397' title='bbox 1258 2715 1573 2788; x_wconf 90' lang='lat' dir='ltr'><strong>qualescunque,etiam</strong></span> <span class='ocrx_word' id='word_1_398' title='bbox 1584 2714 1746 2769; x_wconf 88' lang='lat' dir='ltr'><strong>tentationes</strong></span> <span class='ocrx_word' id='word_1_399' title='bbox 1753 2712 1791 2765; x_wconf 91' lang='lat' dir='ltr'><strong>hu·</strong></span> 
     </span>
     <span class='ocr_line' id='line_1_28' title="bbox 127 2805 1788 2881; baseline -0.004 -19"><span class='ocrx_word' id='word_1_400' title='bbox 127 2808 217 2862; x_wconf 87' lang='lat' dir='ltr'><strong>turin</strong></span> <span class='ocrx_word' id='word_1_401' title='bbox 241 2807 334 2874; x_wconf 92' lang='lat' dir='ltr'><strong>nobis,</strong></span> <span class='ocrx_word' id='word_1_402' title='bbox 360 2809 391 2860; x_wconf 88' lang='lat' dir='ltr'><strong>ut</strong></span> <span class='ocrx_word' id='word_1_403' title='bbox 411 2807 472 2861; x_wconf 88' lang='lat' dir='ltr'><strong>sine</strong></span> <span class='ocrx_word' id='word_1_404' title='bbox 498 2807 547 2861; x_wconf 87' lang='lat' dir='ltr'><strong>illo</strong></span> <span class='ocrx_word' id='word_1_405' title='bbox 573 2824 688 2878; x_wconf 89' lang='lat' dir='ltr'><strong>prorsus</strong></span> <span class='ocrx_word' id='word_1_406' title='bbox 712 2812 829 2879; x_wconf 89' lang='lat' dir='ltr'><strong>peccato</strong></span> <span class='ocrx_word' id='word_1_407' title='bbox 848 2809 945 2874; x_wconf 86' lang='lat' dir='ltr'><strong>simus,</strong></span> <span class='ocrx_word' id='word_1_408' title='bbox 996 2811 1156 2878; x_wconf 86' lang='lat' dir='ltr'><strong>manae,sed</strong></span> <span class='ocrx_word' id='word_1_409' title='bbox 1172 2826 1256 2881; x_wconf 88' lang='lat' dir='ltr'><strong>grave</strong></span> <span class='ocrx_word' id='word_1_410' title='bbox 1271 2807 1590 2881; x_wconf 87' lang='lat' dir='ltr'><strong>peecatumestquodin</strong></span> <span class='ocrx_word' id='word_1_411' title='bbox 1604 2805 1788 2880; x_wconf 86' lang='lat' dir='ltr'><strong>querelavenit</strong></span> 
     </span>
     <span class='ocr_line' id='line_1_29' title="bbox 125 2897 1789 2973; baseline -0.003 -17"><span class='ocrx_word' id='word_1_412' title='bbox 125 2905 225 2956; x_wconf 89' lang='lat' dir='ltr'><strong>utrum</strong></span> <span class='ocrx_word' id='word_1_413' title='bbox 240 2899 269 2953; x_wconf 91' lang='lat' dir='ltr'><strong>in</strong></span> <span class='ocrx_word' id='word_1_414' title='bbox 282 2900 336 2954; x_wconf 93' lang='lat' dir='ltr'><strong>hac</strong></span> <span class='ocrx_word' id='word_1_415' title='bbox 348 2900 404 2953; x_wconf 90' lang='lat' dir='ltr'><strong>vita</strong></span> <span class='ocrx_word' id='word_1_416' title='bbox 416 2901 530 2970; x_wconf 89' lang='lat' dir='ltr'><strong>quando</strong></span> <span class='ocrx_word' id='word_1_417' title='bbox 547 2916 614 2955; x_wconf 91' lang='lat' dir='ltr'><strong>caro</strong></span> <span class='ocrx_word' id='word_1_418' title='bbox 629 2900 804 2972; x_wconf 89' lang='lat' dir='ltr'><strong>concupiscit</strong></span> <span class='ocrx_word' id='word_1_419' title='bbox 815 2902 948 2956; x_wconf 89' lang='lat' dir='ltr'><strong>adversus</strong></span> <span class='ocrx_word' id='word_1_420' title='bbox 997 2904 1166 2959; x_wconf 85' lang='lat' dir='ltr'><strong>Iletveniam</strong></span> <span class='ocrx_word' id='word_1_421' title='bbox 1179 2908 1228 2958; x_wconf 87' lang='lat' dir='ltr'><strong>tua</strong></span> <span class='ocrx_word' id='word_1_422' title='bbox 1238 2903 1401 2971; x_wconf 72' lang='lat' dir='ltr'><strong>suavitas,{si</strong></span> <span class='ocrx_word' id='word_1_423' title='bbox 1411 2902 1593 2973; x_wconf 83' lang='lat' dir='ltr'><strong>prolixiorem</strong></span> <span class='ocrx_word' id='word_1_424' title='bbox 1601 2901 1740 2972; x_wconf 89' lang='lat' dir='ltr'><strong>epistolam</strong></span> <span class='ocrx_word' id='word_1_425' title='bbox 1746 2897 1789 2952; x_wconf 89' lang='lat' dir='ltr'><strong>for·</strong></span> 
     </span>
     <span class='ocr_line' id='line_1_30' title="bbox 127 2992 1788 3071; baseline -0.002 -22"><span class='ocrx_word' id='word_1_426' title='bbox 127 2994 268 3066; x_wconf 90' lang='lat' dir='ltr'><strong>spiritum,</strong></span> <span class='ocrx_word' id='word_1_427' title='bbox 284 3010 320 3047; x_wconf 92' lang='lat' dir='ltr'><strong>an</strong></span> <span class='ocrx_word' id='word_1_428' title='bbox 335 3009 402 3047; x_wconf 86' lang='lat' dir='ltr'><strong>vero</strong></span> <span class='ocrx_word' id='word_1_429' title='bbox 418 2993 446 3047; x_wconf 94' lang='lat' dir='ltr'><strong>in</strong></span> <span class='ocrx_word' id='word_1_430' title='bbox 461 2992 506 3048; x_wconf 89' lang='lat' dir='ltr'><strong>illa</strong></span> <span class='ocrx_word' id='word_1_431' title='bbox 520 3010 585 3048; x_wconf 91' lang='lat' dir='ltr'><strong>cum</strong></span> <span class='ocrx_word' id='word_1_432' title='bbox 598 2994 754 3050; x_wconf 87' lang='lat' dir='ltr'><strong>fietsermo</strong></span> <span class='ocrx_word' id='word_1_433' title='bbox 768 2994 816 3067; x_wconf 89' lang='lat' dir='ltr'><strong>qui</strong></span> <span class='ocrx_word' id='word_1_434' title='bbox 827 2995 946 3066; x_wconf 88' lang='lat' dir='ltr'><strong>scriptus</strong></span> <span class='ocrx_word' id='word_1_435' title='bbox 996 2999 1078 3053; x_wconf 91' lang='lat' dir='ltr'><strong>tassis</strong></span> <span class='ocrx_word' id='word_1_436' title='bbox 1093 2998 1287 3071; x_wconf 87' lang='lat' dir='ltr'><strong>quamvelles,</strong></span> <span class='ocrx_word' id='word_1_437' title='bbox 1297 3001 1353 3051; x_wconf 80' lang='lat' dir='ltr'><strong>tuas</strong></span> <span class='ocrx_word' id='word_1_438' title='bbox 1363 2995 1651 3050; x_wconf 82' lang='lat' dir='ltr'><strong>misimussanetitati.</strong></span> <span class='ocrx_word' id='word_1_439' title='bbox 1664 2992 1788 3049; x_wconf 86' lang='lat' dir='ltr'><strong>Nonenim</strong></span> 
     </span>
     <span class='ocr_line' id='line_1_31' title="bbox 127 3086 1787 3162; baseline -0.002 -17"><span class='ocrx_word' id='word_1_440' title='bbox 127 3094 187 3145; x_wconf 87' lang='lat' dir='ltr'><strong>est:</strong></span> <span class='ocrx_word' id='word_1_441' title='bbox 206 3108 219 3139; x_wconf 91' lang='grc' dir='ltr'><strong>ιι</strong></span> <span class='ocrx_word' id='word_1_442' title='bbox 235 3086 286 3142; x_wconf 91' lang='lat' dir='ltr'><strong>Uhi</strong></span> <span class='ocrx_word' id='word_1_443' title='bbox 298 3090 348 3156; x_wconf 86' lang='lat' dir='ltr'><strong>est,</strong></span> <span class='ocrx_word' id='word_1_444' title='bbox 363 3103 451 3155; x_wconf 93' lang='lat' dir='ltr'><strong>mors,</strong></span> <span class='ocrx_word' id='word_1_445' title='bbox 461 3086 578 3142; x_wconf 87' lang='lat' dir='ltr'><strong>victoria</strong></span> <span class='ocrx_word' id='word_1_446' title='bbox 593 3091 651 3157; x_wconf 89' lang='lat' dir='ltr'><strong>tua,</strong></span> <span class='ocrx_word' id='word_1_447' title='bbox 660 3088 709 3142; x_wconf 92' lang='lat' dir='ltr'><strong>ubi</strong></span> <span class='ocrx_word' id='word_1_448' title='bbox 717 3093 769 3155; x_wconf 92' lang='lat' dir='ltr'><strong>est,</strong></span> <span class='ocrx_word' id='word_1_449' title='bbox 785 3105 871 3155; x_wconf 90' lang='lat' dir='ltr'><strong>mors,</strong></span> <span class='ocrx_word' id='word_1_450' title='bbox 882 3106 946 3143; x_wconf 88' lang='lat' dir='ltr'><strong>acu·</strong></span> <span class='ocrx_word' id='word_1_451' title='bbox 996 3093 1120 3148; x_wconf 89' lang='lat' dir='ltr'><strong>rivulum</strong></span> <span class='ocrx_word' id='word_1_452' title='bbox 1129 3093 1259 3146; x_wconf 85' lang='lat' dir='ltr'><strong>nostrum</strong></span> <span class='ocrx_word' id='word_1_453' title='bbox 1267 3086 1787 3162; x_wconf 79' lang='lat' dir='ltr'><strong>tuolargofontiaugendorefundimus¹</strong></span> 
     </span>
     <span class='ocr_line' id='line_1_32' title="bbox 126 3148 1788 3253; baseline -0.004 -15"><span class='ocrx_word' id='word_1_454' title='bbox 126 3182 289 3238; x_wconf 80' lang='lat' dir='ltr'><strong>leustuusl</strong></span> <span class='ocrx_word' id='word_1_455' title='bbox 305 3203 319 3230; x_wconf 91' lang='lat'>»</span> <span class='ocrx_word' id='word_1_456' title='bbox 346 3181 440 3251; x_wconf 81' lang='lat' dir='ltr'><strong>(fCor.</strong></span> <span class='ocrx_word' id='word_1_457' title='bbox 463 3197 508 3249; x_wconf 84' lang='lat' dir='ltr'><strong>xv,</strong></span> <span class='ocrx_word' id='word_1_458' title='bbox 535 3182 589 3253; x_wconf 79' lang='lat'><strong>55.)</strong></span> <span class='ocrx_word' id='word_1_459' title='bbox 609 3183 729 3237; x_wconf 81' lang='lat' dir='ltr'><strong>Aculeus</strong></span> <span class='ocrx_word' id='word_1_460' title='bbox 752 3183 828 3237; x_wconf 90' lang='lat' dir='ltr'><strong>enim</strong></span> <span class='ocrx_word' id='word_1_461' title='bbox 845 3148 1093 3242; x_wconf 74' lang='lat' dir='ltr'><strong>mortiszerum</strong></span> <span class='ocrx_word' id='word_1_462' title='bbox 1131 3185 1217 3239; x_wconf 88' lang='lat' dir='ltr'><strong>etiam</strong></span> <span class='ocrx_word' id='word_1_463' title='bbox 1245 3189 1349 3252; x_wconf 87' lang='lat' dir='ltr'><strong>noster,</strong></span> <span class='ocrx_word' id='word_1_464' title='bbox 1391 3183 1458 3238; x_wconf 88' lang='lat' dir='ltr'><strong>licet</strong></span> <span class='ocrx_word' id='word_1_465' title='bbox 1482 3183 1615 3253; x_wconf 81' lang='lat' dir='ltr'><strong>exiguus,</strong></span> <span class='ocrx_word' id='word_1_466' title='bbox 1652 3199 1688 3237; x_wconf 80' lang='lat' dir='ltr'><strong>ex</strong></span> <span class='ocrx_word' id='word_1_467' title='bbox 1709 3178 1788 3234; x_wconf 86' lang='lat' dir='ltr'><strong>eaden</strong></span> 
     </span>
     <span class='ocr_line' id='line_1_33' title="bbox 126 3274 1787 3350; baseline -0.002 -18"><span class='ocrx_word' id='word_1_468' title='bbox 126 3281 275 3350; x_wconf 89' lang='lat' dir='ltr'><strong>peccatum</strong></span> <span class='ocrx_word' id='word_1_469' title='bbox 300 3279 341 3329; x_wconf 90' lang='lat' dir='ltr'><strong>est</strong></span> <span class='ocrx_word' id='word_1_470' title='bbox 364 3274 529 3346; x_wconf 82' lang='lat' dir='ltr'><strong>diligentius</strong></span> <span class='ocrx_word' id='word_1_471' title='bbox 552 3276 799 3346; x_wconf 86' lang='lat' dir='ltr'><strong>pertractandum,</strong></span> <span class='ocrx_word' id='word_1_472' title='bbox 827 3280 946 3349; x_wconf 91' lang='lat' dir='ltr'><strong>propter</strong></span> <span class='ocrx_word' id='word_1_473' title='bbox 994 3295 1051 3350; x_wconf 90' lang='lat' dir='ltr'><strong>quo</strong></span> <span class='ocrx_word' id='word_1_474' title='bbox 1066 3278 1154 3333; x_wconf 88' lang='lat' dir='ltr'><strong>etiam</strong></span> <span class='ocrx_word' id='word_1_475' title='bbox 1167 3283 1232 3332; x_wconf 84' lang='lat' dir='ltr'><strong>tuus</strong></span> <span class='ocrx_word' id='word_1_476' title='bbox 1241 3278 1513 3333; x_wconf 87' lang='lat' dir='ltr'><strong>abundansemanat</strong></span> <span class='ocrx_word' id='word_1_477' title='bbox 1523 3276 1616 3347; x_wconf 88' lang='lat' dir='ltr'><strong>capito</strong></span> <span class='ocrx_word' id='word_1_478' title='bbox 1629 3276 1787 3338; x_wconf 76' lang='lat' dir='ltr'><strong>fluentorum,</strong></span> 
     </span>
     <span class='ocr_line' id='line_1_34' title="bbox 127 3367 1787 3443; baseline -0.003 -18"><span class='ocrx_word' id='word_1_479' title='bbox 127 3371 198 3425; x_wconf 89' lang='lat' dir='ltr'><strong>alios</strong></span> <span class='ocrx_word' id='word_1_480' title='bbox 210 3369 349 3440; x_wconf 90' lang='lat' dir='ltr'><strong>quosdam</strong></span> <span class='ocrx_word' id='word_1_481' title='bbox 374 3367 423 3440; x_wconf 91' lang='lat' dir='ltr'><strong>qui</strong></span> <span class='ocrx_word' id='word_1_482' title='bbox 439 3367 536 3440; x_wconf 90' lang='lat' dir='ltr'><strong>inique</strong></span> <span class='ocrx_word' id='word_1_483' title='bbox 559 3372 711 3424; x_wconf 90' lang='lat' dir='ltr'><strong>senserunt</strong></span> <span class='ocrx_word' id='word_1_484' title='bbox 736 3377 820 3441; x_wconf 87' lang='lat' dir='ltr'><strong>atque</strong></span> <span class='ocrx_word' id='word_1_485' title='bbox 833 3371 863 3425; x_wconf 90' lang='lat' dir='ltr'><strong>in</strong></span> <span class='ocrx_word' id='word_1_486' title='bbox 887 3371 945 3425; x_wconf 88' lang='lat' dir='ltr'><strong>suis</strong></span> <span class='ocrx_word' id='word_1_487' title='bbox 995 3373 1050 3428; x_wconf 91' lang='lat' dir='ltr'><strong>hoc</strong></span> <span class='ocrx_word' id='word_1_488' title='bbox 1064 3375 1160 3443; x_wconf 88' lang='lat' dir='ltr'><strong>aperte</strong></span> <span class='ocrx_word' id='word_1_489' title='bbox 1174 3372 1295 3443; x_wconf 87' lang='lat' dir='ltr'><strong>probare</strong></span> <span class='ocrx_word' id='word_1_490' title='bbox 1308 3371 1450 3426; x_wconf 91' lang='lat' dir='ltr'><strong>voluimus</strong></span> <span class='ocrx_word' id='word_1_491' title='bbox 1462 3371 1518 3426; x_wconf 90' lang='lat' dir='ltr'><strong>fuis</strong></span> <span class='ocrx_word' id='word_1_492' title='bbox 1531 3370 1676 3442; x_wconf 88' lang='lat' dir='ltr'><strong>rescriptis</strong></span> <span class='ocrx_word' id='word_1_493' title='bbox 1687 3368 1719 3423; x_wconf 88' lang='lat' dir='ltr'><strong>de</strong></span> <span class='ocrx_word' id='word_1_494' title='bbox 1729 3380 1787 3422; x_wconf 88' lang='lat' dir='ltr'><strong>con·</strong></span> 
     </span>
     <span class='ocr_line' id='line_1_35' title="bbox 128 3461 1672 3537; baseline -0.001 -18"><span class='ocrx_word' id='word_1_495' title='bbox 128 3463 230 3519; x_wconf 88' lang='lat' dir='ltr'><strong>litteris</strong></span> <span class='ocrx_word' id='word_1_496' title='bbox 254 3461 401 3518; x_wconf 73' lang='lat' dir='ltr'><strong>memoriae</strong></span> <span class='ocrx_word' id='word_1_497' title='bbox 424 3463 641 3531; x_wconf 89' lang='lat' dir='ltr'><strong>mandaverunt,</strong></span> <span class='ocrx_word' id='word_1_498' title='bbox 665 3463 750 3518; x_wconf 90' lang='lat' dir='ltr'><strong>etiam</strong></span> <span class='ocrx_word' id='word_1_499' title='bbox 765 3464 796 3518; x_wconf 89' lang='lat' dir='ltr'><strong>in</strong></span> <span class='ocrx_word' id='word_1_500' title='bbox 819 3465 873 3519; x_wconf 90' lang='lat' dir='ltr'><strong>hae</strong></span> <span class='ocrx_word' id='word_1_501' title='bbox 889 3467 946 3520; x_wconf 91' lang='lat' dir='ltr'><strong>vita</strong></span> <span class='ocrx_word' id='word_1_502' title='bbox 996 3466 1076 3522; x_wconf 89' lang='lat' dir='ltr'><strong>muni</strong></span> <span class='ocrx_word' id='word_1_503' title='bbox 1086 3465 1302 3537; x_wconf 87' lang='lat' dir='ltr'><strong>participatione</strong></span> <span class='ocrx_word' id='word_1_504' title='bbox 1314 3466 1396 3520; x_wconf 90' lang='lat' dir='ltr'><strong>unius</strong></span> <span class='ocrx_word' id='word_1_505' title='bbox 1410 3465 1509 3536; x_wconf 82' lang='lat' dir='ltr'><strong>gratiae</strong></span> <span class='ocrx_word' id='word_1_506' title='bbox 1522 3464 1672 3520; x_wconf 89' lang='lat' dir='ltr'><strong>consolari.</strong></span> 
     </span>
    </p>
   </div>
   <div class='ocr_carea' id='block_1_3' title="bbox 129 3555 1790 4194">
    <p class='ocr_par' dir='ltr' id='par_1_4' title="bbox 130 3555 1756 3630">
     <span class='ocr_line' id='line_1_36' title="bbox 130 3555 1756 3630; baseline -0.002 -17"><span class='ocrx_word' id='word_1_507' title='bbox 130 3574 191 3613; x_wconf 89' lang='lat' dir='ltr'><strong>esse</strong></span> <span class='ocrx_word' id='word_1_508' title='bbox 204 3573 285 3628; x_wconf 90' lang='lat' dir='ltr'><strong>posse</strong></span> <span class='ocrx_word' id='word_1_509' title='bbox 296 3555 443 3611; x_wconf 88' lang='lat' dir='ltr'><strong>hominem</strong></span> <span class='ocrx_word' id='word_1_510' title='bbox 457 3556 517 3611; x_wconf 86' lang='lat' dir='ltr'><strong>sine</strong></span> <span class='ocrx_word' id='word_1_511' title='bbox 530 3562 654 3628; x_wconf 89' lang='lat' dir='ltr'><strong>peccato,</strong></span> <span class='ocrx_word' id='word_1_512' title='bbox 667 3574 724 3611; x_wconf 93' lang='lat' dir='ltr'><strong>non</strong></span> <span class='ocrx_word' id='word_1_513' title='bbox 736 3558 770 3612; x_wconf 86' lang='lat' dir='ltr'><strong>ab</strong></span> <span class='ocrx_word' id='word_1_514' title='bbox 781 3557 863 3613; x_wconf 90' lang='lat' dir='ltr'><strong>initio</strong></span> <span class='ocrx_word' id='word_1_515' title='bbox 876 3558 947 3613; x_wconf 90' lang='lat' dir='ltr'><strong>nati·</strong></span> <span class='ocrx_word' id='word_1_516' title='bbox 1039 3562 1206 3629; x_wconf 67' lang='lat' dir='ltr'><strong>membrum</strong></span> <span class='ocrx_word' id='word_1_517' title='bbox 1218 3562 1365 3614; x_wconf 77' lang='lat' dir='ltr'><strong>lrtrsoeentii</strong></span> <span class='ocrx_word' id='word_1_518' title='bbox 1374 3575 1455 3630; x_wconf 76' lang='lat' dir='ltr'><strong>papa</strong></span> <span class='ocrx_word' id='word_1_519' title='bbox 1469 3560 1501 3614; x_wconf 87' lang='lat' dir='ltr'><strong>de</strong></span> <span class='ocrx_word' id='word_1_520' title='bbox 1513 3560 1626 3629; x_wconf 75' lang='lat' dir='ltr'><strong>Pelagio</strong></span> <span class='ocrx_word' id='word_1_521' title='bbox 1639 3557 1756 3613; x_wconf 77' lang='lat' dir='ltr'><strong>haeretios.</strong></span> 
     </span>
    </p>

    <p class='ocr_par' dir='ltr' id='par_1_5' title="bbox 129 3635 1790 4194">
     <span class='ocr_line' id='line_1_37' title="bbox 129 3635 1785 3733; baseline -0.002 -28"><span class='ocrx_word' id='word_1_522' title='bbox 129 3635 225 3707; x_wconf 86' lang='lat' dir='ltr'><strong>vitatis</strong></span> <span class='ocrx_word' id='word_1_523' title='bbox 239 3666 307 3716; x_wconf 81' lang='lat' dir='ltr'><strong>suae,</strong></span> <span class='ocrx_word' id='word_1_524' title='bbox 324 3649 375 3706; x_wconf 91' lang='lat' dir='ltr'><strong>sed</strong></span> <span class='ocrx_word' id='word_1_525' title='bbox 388 3651 600 3707; x_wconf 80' lang='lat' dir='ltr'><strong>conversiones</strong></span> <span class='ocrx_word' id='word_1_526' title='bbox 613 3651 784 3733; x_wconf 33' lang='lat' dir='ltr'><strong>peccatis-ad</strong></span> <span class='ocrx_word' id='word_1_527' title='bbox 794 3652 944 3723; x_wconf 87' lang='lat' dir='ltr'><strong>justitiam,</strong></span> <span class='ocrx_word' id='word_1_528' title='bbox 1032 3656 1220 3722; x_wconf 70' lang='lat' dir='ltr'><strong>remesarius,</strong></span> <span class='ocrx_word' id='word_1_529' title='bbox 1242 3654 1375 3723; x_wconf 78' lang='lat' dir='ltr'><strong>Auerno,</strong></span> <span class='ocrx_word' id='word_1_530' title='bbox 1391 3657 1496 3719; x_wconf 81' lang='grc' dir='ltr'>Αιιιιο,</span> <span class='ocrx_word' id='word_1_531' title='bbox 1519 3656 1687 3721; x_wconf 83' lang='lat' dir='ltr'><strong>Anausrmo,</strong></span> <span class='ocrx_word' id='word_1_532' title='bbox 1700 3652 1785 3710; x_wconf 85' lang='grc' dir='ltr'>Ειιιιι,</span> 
     </span>
     <span class='ocr_line' id='line_1_38' title="bbox 130 3743 1786 3819; baseline -0.002 -19"><span class='ocrx_word' id='word_1_533' title='bbox 130 3750 160 3800; x_wconf 91' lang='lat' dir='ltr'><strong>et</strong></span> <span class='ocrx_word' id='word_1_534' title='bbox 173 3744 243 3798; x_wconf 86' lang='lat' dir='ltr'><strong>avia</strong></span> <span class='ocrx_word' id='word_1_535' title='bbox 256 3744 377 3816; x_wconf 86' lang='lat' dir='ltr'><strong>reproba</strong></span> <span class='ocrx_word' id='word_1_536' title='bbox 391 3744 427 3799; x_wconf 90' lang='lat' dir='ltr'><strong>ad</strong></span> <span class='ocrx_word' id='word_1_537' title='bbox 440 3744 544 3799; x_wconf 88' lang='lat' dir='ltr'><strong>bonam</strong></span> <span class='ocrx_word' id='word_1_538' title='bbox 556 3743 653 3799; x_wconf 80' lang='lat' dir='ltr'><strong>vitam.</strong></span> <span class='ocrx_word' id='word_1_539' title='bbox 664 3745 707 3801; x_wconf 89' lang='lat' dir='ltr'><strong>Sic</strong></span> <span class='ocrx_word' id='word_1_540' title='bbox 716 3745 793 3800; x_wconf 89' lang='lat' dir='ltr'><strong>enim</strong></span> <span class='ocrx_word' id='word_1_541' title='bbox 803 3746 947 3801; x_wconf 87' lang='lat' dir='ltr'><strong>intellexe-</strong></span> <span class='ocrx_word' id='word_1_542' title='bbox 996 3750 1119 3804; x_wconf 80' lang='lat' dir='ltr'><strong>Psssrmo</strong></span> <span class='ocrx_word' id='word_1_543' title='bbox 1125 3747 1273 3819; x_wconf 90' lang='lat' dir='ltr'><strong>episcopis.</strong></span> <span class='ocrx_word' id='word_1_544' title='bbox 1284 3747 1394 3802; x_wconf 86' lang='lat' dir='ltr'><strong>Sanctae</strong></span> <span class='ocrx_word' id='word_1_545' title='bbox 1402 3747 1589 3801; x_wconf 87' lang='lat' dir='ltr'><strong>fraternitatis</strong></span> <span class='ocrx_word' id='word_1_546' title='bbox 1597 3750 1697 3801; x_wconf 81' lang='lat' dir='ltr'><strong>vestrae</strong></span> <span class='ocrx_word' id='word_1_547' title='bbox 1704 3745 1786 3799; x_wconf 78' lang='lat' dir='ltr'><strong>litteras</strong></span> 
     </span>
     <span class='ocr_line' id='line_1_39' title="bbox 129 3837 1785 3913; baseline -0.004 -18"><span class='ocrx_word' id='word_1_548' title='bbox 129 3844 198 3895; x_wconf 92' lang='lat' dir='ltr'><strong>runt</strong></span> <span class='ocrx_word' id='word_1_549' title='bbox 212 3837 289 3911; x_wconf 93' lang='lat' dir='ltr'><strong>quod</strong></span> <span class='ocrx_word' id='word_1_550' title='bbox 313 3838 347 3893; x_wconf 89' lang='lat' dir='ltr'><strong>de</strong></span> <span class='ocrx_word' id='word_1_551' title='bbox 367 3837 501 3893; x_wconf 88' lang='lat' dir='ltr'><strong>Zacharia</strong></span> <span class='ocrx_word' id='word_1_552' title='bbox 514 3841 542 3892; x_wconf 90' lang='lat' dir='ltr'><strong>et</strong></span> <span class='ocrx_word' id='word_1_553' title='bbox 561 3838 704 3893; x_wconf 86' lang='lat' dir='ltr'><strong>Elisabeth</strong></span> <span class='ocrx_word' id='word_1_554' title='bbox 729 3839 944 3910; x_wconf 90' lang='lat' dir='ltr'><strong>scriptumest:</strong></span> <span class='ocrx_word' id='word_1_555' title='bbox 996 3842 1097 3913; x_wconf 91' lang='lat' dir='ltr'><strong>plenas</strong></span> <span class='ocrx_word' id='word_1_556' title='bbox 1108 3840 1175 3896; x_wconf 87' lang='lat' dir='ltr'><strong>fidei</strong></span> <span class='ocrx_word' id='word_1_557' title='bbox 1183 3843 1299 3911; x_wconf 89' lang='lat' dir='ltr'><strong>totoque</strong></span> <span class='ocrx_word' id='word_1_558' title='bbox 1308 3840 1453 3912; x_wconf 87' lang='lat' dir='ltr'><strong>refigionis</strong></span> <span class='ocrx_word' id='word_1_559' title='bbox 1461 3837 1785 3911; x_wconf 78' lang='lat' dir='ltr'><strong>catholicaevigorehrma·</strong></span> 
     </span>
     <span class='ocr_line' id='line_1_40' title="bbox 132 3927 1787 4005; baseline -0.002 -17"><span class='ocrx_word' id='word_1_560' title='bbox 132 3954 146 3982; x_wconf 92' lang='lat'>«</span> <span class='ocrx_word' id='word_1_561' title='bbox 161 3931 328 3988; x_wconf 72' lang='lat' dir='ltr'><strong>ambulasse</strong></span> <span class='ocrx_word' id='word_1_562' title='bbox 349 3947 398 3985; x_wconf 89' lang='lat' dir='ltr'><strong>eos</strong></span> <span class='ocrx_word' id='word_1_563' title='bbox 423 3931 452 3984; x_wconf 92' lang='lat' dir='ltr'><strong>in</strong></span> <span class='ocrx_word' id='word_1_564' title='bbox 475 3931 607 3986; x_wconf 92' lang='lat' dir='ltr'><strong>omnibus</strong></span> <span class='ocrx_word' id='word_1_565' title='bbox 624 3931 876 4003; x_wconf 84' lang='lat' dir='ltr'><strong>justificationibus</strong></span> <span class='ocrx_word' id='word_1_566' title='bbox 896 3931 947 3987; x_wconf 88' lang='lat' dir='ltr'><strong>Dei</strong></span> <span class='ocrx_word' id='word_1_567' title='bbox 997 3938 1039 3988; x_wconf 88' lang='lat' dir='ltr'><strong>tas</strong></span> <span class='ocrx_word' id='word_1_568' title='bbox 1055 3934 1158 3989; x_wconf 91' lang='lat' dir='ltr'><strong>avobis</strong></span> <span class='ocrx_word' id='word_1_569' title='bbox 1176 3935 1274 3989; x_wconf 87' lang='lat' dir='ltr'><strong>missas</strong></span> <span class='ocrx_word' id='word_1_570' title='bbox 1289 3939 1318 3989; x_wconf 88' lang='lat' dir='ltr'><strong>et</strong></span> <span class='ocrx_word' id='word_1_571' title='bbox 1334 3933 1457 3989; x_wconf 87' lang='lat' dir='ltr'><strong>conciliis</strong></span> <span class='ocrx_word' id='word_1_572' title='bbox 1472 3935 1571 3990; x_wconf 89' lang='lat' dir='ltr'><strong>vestris</strong></span> <span class='ocrx_word' id='word_1_573' title='bbox 1591 3949 1644 4005; x_wconf 89' lang='lat' dir='ltr'><strong>per</strong></span> <span class='ocrx_word' id='word_1_574' title='bbox 1659 3927 1787 3989; x_wconf 72' lang='lat' dir='ltr'><strong>trahenti</strong></span> 
     </span>
     <span class='ocr_line' id='line_1_41' title="bbox 131 4022 1789 4100; baseline -0.001 -19"><span class='ocrx_word' id='word_1_575' title='bbox 131 4026 191 4081; x_wconf 89' lang='lat' dir='ltr'><strong>sine</strong></span> <span class='ocrx_word' id='word_1_576' title='bbox 204 4025 322 4098; x_wconf 85' lang='lat' dir='ltr'><strong>querela</strong></span> <span class='ocrx_word' id='word_1_577' title='bbox 335 4024 410 4093; x_wconf 79' lang='lat' dir='ltr'><strong>(Lao.</strong></span> <span class='ocrx_word' id='word_1_578' title='bbox 426 4041 445 4092; x_wconf 93' lang='lat'><strong>1,</strong></span> <span class='ocrx_word' id='word_1_579' title='bbox 462 4025 498 4095; x_wconf 77' lang='grc'><strong>6).</strong></span> <span class='ocrx_word' id='word_1_580' title='bbox 518 4045 531 4074; x_wconf 89' lang='lat'>»</span> <span class='ocrx_word' id='word_1_581' title='bbox 548 4025 603 4078; x_wconf 85' lang='lat' dir='ltr'><strong>Hoc</strong></span> <span class='ocrx_word' id='word_1_582' title='bbox 617 4024 693 4097; x_wconf 92' lang='lat' dir='ltr'><strong>quod</strong></span> <span class='ocrx_word' id='word_1_583' title='bbox 708 4025 815 4080; x_wconf 90' lang='lat' dir='ltr'><strong>dictum</strong></span> <span class='ocrx_word' id='word_1_584' title='bbox 831 4025 947 4080; x_wconf 88' lang='lat' dir='ltr'><strong>estsine</strong></span> <span class='ocrx_word' id='word_1_585' title='bbox 997 4029 1194 4100; x_wconf 89' lang='lat' dir='ltr'><strong>coepiscopum</strong></span> <span class='ocrx_word' id='word_1_586' title='bbox 1215 4030 1347 4083; x_wconf 89' lang='lat' dir='ltr'><strong>nostrum</strong></span> <span class='ocrx_word' id='word_1_587' title='bbox 1369 4028 1475 4083; x_wconf 84' lang='lat' dir='ltr'><strong>lulium</strong></span> <span class='ocrx_word' id='word_1_588' title='bbox 1487 4032 1622 4100; x_wconf 90' lang='lat' dir='ltr'><strong>pergrato</strong></span> <span class='ocrx_word' id='word_1_589' title='bbox 1644 4022 1789 4096; x_wconf 60' lang='lat' dir='ltr'><strong>suscepimus</strong></span> 
     </span>
     <span class='ocr_line' id='line_1_42' title="bbox 131 4113 1790 4194; baseline -0.002 -21"><span class='ocrx_word' id='word_1_590' title='bbox 131 4118 258 4191; x_wconf 87' lang='lat' dir='ltr'><strong>querela,</strong></span> <span class='ocrx_word' id='word_1_591' title='bbox 278 4117 338 4170; x_wconf 86' lang='lat' dir='ltr'><strong>sine</strong></span> <span class='ocrx_word' id='word_1_592' title='bbox 353 4120 467 4188; x_wconf 88' lang='lat' dir='ltr'><strong>peccato</strong></span> <span class='ocrx_word' id='word_1_593' title='bbox 482 4117 590 4172; x_wconf 92' lang='lat' dir='ltr'><strong>dictum</strong></span> <span class='ocrx_word' id='word_1_594' title='bbox 610 4123 789 4189; x_wconf 87' lang='lat' dir='ltr'><strong>acceperunt,</strong></span> <span class='ocrx_word' id='word_1_595' title='bbox 810 4134 868 4173; x_wconf 87' lang='lat' dir='ltr'><strong>non</strong></span> <span class='ocrx_word' id='word_1_596' title='bbox 882 4118 946 4190; x_wconf 88' lang='lat' dir='ltr'><strong>qui·</strong></span> <span class='ocrx_word' id='word_1_597' title='bbox 998 4122 1108 4177; x_wconf 86' lang='lat' dir='ltr'><strong>animo:</strong></span> <span class='ocrx_word' id='word_1_598' title='bbox 1132 4122 1208 4194; x_wconf 93' lang='lat' dir='ltr'><strong>quod</strong></span> <span class='ocrx_word' id='word_1_599' title='bbox 1232 4137 1331 4176; x_wconf 87' lang='lat' dir='ltr'><strong>carum</strong></span> <span class='ocrx_word' id='word_1_600' title='bbox 1352 4126 1435 4176; x_wconf 87' lang='lat' dir='ltr'><strong>tenor·</strong></span> <span class='ocrx_word' id='word_1_601' title='bbox 1455 4122 1607 4193; x_wconf 88' lang='lat' dir='ltr'><strong>omnisque</strong></span> <span class='ocrx_word' id='word_1_602' title='bbox 1629 4113 1790 4177; x_wconf 73' lang='lat' dir='ltr'><strong>contentiolo</strong></span> 
     </span>
    </p>
   </div>
   <div class='ocr_carea' id='block_1_4' title="bbox 25 4209 1832 5887">
    <p class='ocr_par' dir='ltr' id='par_1_6' title="bbox 133 4209 1790 4286">
     <span class='ocr_line' id='line_1_43' title="bbox 133 4209 1790 4286; baseline -0.002 -20"><span class='ocrx_word' id='word_1_603' title='bbox 133 4211 198 4267; x_wconf 89' lang='lat' dir='ltr'><strong>dem</strong></span> <span class='ocrx_word' id='word_1_604' title='bbox 210 4214 360 4281; x_wconf 83' lang='lat' dir='ltr'><strong>negantes,</strong></span> <span class='ocrx_word' id='word_1_605' title='bbox 378 4209 437 4265; x_wconf 91' lang='lat' dir='ltr'><strong>imo</strong></span> <span class='ocrx_word' id='word_1_606' title='bbox 454 4209 540 4264; x_wconf 88' lang='lat' dir='ltr'><strong>etiam</strong></span> <span class='ocrx_word' id='word_1_607' title='bbox 552 4211 628 4282; x_wconf 92' lang='lat' dir='ltr'><strong>quod</strong></span> <span class='ocrx_word' id='word_1_608' title='bbox 642 4210 705 4279; x_wconf 79' lang='lat' dir='ltr'><strong>aliis</strong></span> <span class='ocrx_word' id='word_1_609' title='bbox 718 4210 786 4265; x_wconf 90' lang='lat' dir='ltr'><strong>locis</strong></span> <span class='ocrx_word' id='word_1_610' title='bbox 802 4212 832 4266; x_wconf 91' lang='lat' dir='ltr'><strong>in</strong></span> <span class='ocrx_word' id='word_1_611' title='bbox 847 4212 949 4267; x_wconf 88' lang='lat' dir='ltr'><strong>litteris</strong></span> <span class='ocrx_word' id='word_1_612' title='bbox 998 4215 1224 4270; x_wconf 86' lang='lat' dir='ltr'><strong>consideratione</strong></span> <span class='ocrx_word' id='word_1_613' title='bbox 1248 4215 1422 4286; x_wconf 80' lang='lat' dir='ltr'><strong>quotidianae</strong></span> <span class='ocrx_word' id='word_1_614' title='bbox 1436 4217 1536 4286; x_wconf 75' lang='lat' dir='ltr'><strong>gratiae</strong></span> <span class='ocrx_word' id='word_1_615' title='bbox 1556 4217 1617 4284; x_wconf 84' lang='lat' dir='ltr'><strong>hei,</strong></span> <span class='ocrx_word' id='word_1_616' title='bbox 1633 4221 1660 4270; x_wconf 86' lang='lat' dir='ltr'><strong>et</strong></span> <span class='ocrx_word' id='word_1_617' title='bbox 1676 4215 1704 4269; x_wconf 89' lang='lat' dir='ltr'><strong>in</strong></span> <span class='ocrx_word' id='word_1_618' title='bbox 1716 4221 1790 4266; x_wconf 77' lang='lat' dir='ltr'><strong>eorum</strong></span> 
     </span>
    </p>

    <p class='ocr_par' dir='ltr' id='par_1_7' title="bbox 25 4302 1832 5887">
     <span class='ocr_line' id='line_1_44' title="bbox 25 4302 1790 4381; baseline -0.01 -10"><span class='ocrx_word' id='word_1_619' title='bbox 25 4368 26 4371; x_wconf 74' lang='grc'>,</span> <span class='ocrx_word' id='word_1_620' title='bbox 133 4319 233 4360; x_wconf 89' lang='lat' dir='ltr'><strong>eorum</strong></span> <span class='ocrx_word' id='word_1_621' title='bbox 253 4302 455 4373; x_wconf 89' lang='lat' dir='ltr'><strong>inveniturpie</strong></span> <span class='ocrx_word' id='word_1_622' title='bbox 482 4303 648 4357; x_wconf 86' lang='lat' dir='ltr'><strong>confitentes</strong></span> <span class='ocrx_word' id='word_1_623' title='bbox 661 4303 836 4374; x_wconf 87' lang='lat' dir='ltr'><strong>adjutorium</strong></span> <span class='ocrx_word' id='word_1_624' title='bbox 850 4305 949 4376; x_wconf 83' lang='lat' dir='ltr'><strong>gratiae</strong></span> <span class='ocrx_word' id='word_1_625' title='bbox 999 4309 1173 4364; x_wconf 88' lang='lat' dir='ltr'><strong>correctione</strong></span> <span class='ocrx_word' id='word_1_626' title='bbox 1202 4309 1251 4381; x_wconf 86' lang='lat' dir='ltr'><strong>qui</strong></span> <span class='ocrx_word' id='word_1_627' title='bbox 1279 4315 1377 4364; x_wconf 90' lang='lat' dir='ltr'><strong>contra</strong></span> <span class='ocrx_word' id='word_1_628' title='bbox 1411 4308 1541 4363; x_wconf 88' lang='lat' dir='ltr'><strong>sentiunt</strong></span> <span class='ocrx_word' id='word_1_629' title='bbox 1563 4309 1679 4381; x_wconf 86' lang='lat' dir='ltr'><strong>integra</strong></span> <span class='ocrx_word' id='word_1_630' title='bbox 1705 4304 1790 4360; x_wconf 79' lang='lat' dir='ltr'><strong>ratione</strong></span> 
     </span>
     <span class='ocr_line' id='line_1_45' title="bbox 132 4395 1790 4473; baseline -0.003 -18"><span class='ocrx_word' id='word_1_631' title='bbox 132 4395 248 4455; x_wconf 89' lang='lat' dir='ltr'><strong>Domini</strong></span> <span class='ocrx_word' id='word_1_632' title='bbox 260 4396 348 4449; x_wconf 89' lang='lat' dir='ltr'><strong>nostri</strong></span> <span class='ocrx_word' id='word_1_633' title='bbox 359 4411 417 4450; x_wconf 93' lang='lat' dir='ltr'><strong>non</strong></span> <span class='ocrx_word' id='word_1_634' title='bbox 430 4411 484 4468; x_wconf 89' lang='lat' dir='ltr'><strong>per</strong></span> <span class='ocrx_word' id='word_1_635' title='bbox 497 4396 659 4450; x_wconf 88' lang='lat' dir='ltr'><strong>naturalem</strong></span> <span class='ocrx_word' id='word_1_636' title='bbox 672 4396 802 4468; x_wconf 88' lang='lat' dir='ltr'><strong>spiritum</strong></span> <span class='ocrx_word' id='word_1_637' title='bbox 814 4398 948 4469; x_wconf 87' lang='lat' dir='ltr'><strong>hominis,</strong></span> <span class='ocrx_word' id='word_1_638' title='bbox 1000 4403 1145 4470; x_wconf 87' lang='lat' dir='ltr'><strong>consistit;</strong></span> <span class='ocrx_word' id='word_1_639' title='bbox 1160 4408 1189 4458; x_wconf 89' lang='lat' dir='ltr'><strong>et</strong></span> <span class='ocrx_word' id='word_1_640' title='bbox 1203 4406 1235 4457; x_wconf 93' lang='lat' dir='ltr'><strong>ut</strong></span> <span class='ocrx_word' id='word_1_641' title='bbox 1251 4402 1307 4457; x_wconf 91' lang='lat' dir='ltr'><strong>illis</strong></span> <span class='ocrx_word' id='word_1_642' title='bbox 1327 4419 1444 4458; x_wconf 88' lang='lat' dir='ltr'><strong>omnem</strong></span> <span class='ocrx_word' id='word_1_643' title='bbox 1461 4403 1562 4457; x_wconf 86' lang='lat' dir='ltr'><strong>tollere</strong></span> <span class='ocrx_word' id='word_1_644' title='bbox 1575 4403 1666 4473; x_wconf 85' lang='lat' dir='ltr'><strong>possit</strong></span> <span class='ocrx_word' id='word_1_645' title='bbox 1679 4409 1790 4458; x_wconf 81' lang='lat' dir='ltr'><strong>errorem,</strong></span> 
     </span>
     <span class='ocr_line' id='line_1_46' title="bbox 134 4489 1792 4593; baseline -0.018 -22"><span class='ocrx_word' id='word_1_646' title='bbox 134 4489 446 4564; x_wconf 72' lang='lat' dir='ltr'><strong>sed-perprisciparem</strong></span> <span class='ocrx_word' id='word_1_647' title='bbox 457 4489 595 4560; x_wconf 58' lang='lat' dir='ltr'><strong>Spiritum</strong></span> <span class='ocrx_word' id='word_1_648' title='bbox 604 4490 665 4544; x_wconf 63' lang='lat'><strong>⁰⁰1·</strong></span> <span class='ocrx_word' id='word_1_649' title='bbox 679 4491 732 4555; x_wconf 83' lang='lat' dir='ltr'><strong>Qui</strong></span> <span class='ocrx_word' id='word_1_650' title='bbox 740 4509 842 4563; x_wconf 91' lang='lat' dir='ltr'><strong>parum</strong></span> <span class='ocrx_word' id='word_1_651' title='bbox 851 4492 948 4548; x_wconf 91' lang='lat' dir='ltr'><strong>viden·</strong></span> <span class='ocrx_word' id='word_1_652' title='bbox 960 4521 990 4593; x_wconf 74' lang='lat' dir='ltr'>D</span> <span class='ocrx_word' id='word_1_653' title='bbox 1002 4499 1031 4550; x_wconf 92' lang='lat' dir='ltr'><strong>et</strong></span> <span class='ocrx_word' id='word_1_654' title='bbox 1042 4495 1146 4551; x_wconf 88' lang='lat' dir='ltr'><strong>idoneo</strong></span> <span class='ocrx_word' id='word_1_655' title='bbox 1171 4495 1237 4550; x_wconf 90' lang='lat' dir='ltr'><strong>dato</strong></span> <span class='ocrx_word' id='word_1_656' title='bbox 1254 4496 1352 4566; x_wconf 92' lang='lat' dir='ltr'><strong>quovis</strong></span> <span class='ocrx_word' id='word_1_657' title='bbox 1367 4500 1470 4551; x_wconf 76' lang='lat' dir='ltr'><strong>nostroe</strong></span> <span class='ocrx_word' id='word_1_658' title='bbox 1493 4495 1564 4567; x_wconf 84' lang='lat' dir='ltr'><strong>legis</strong></span> <span class='ocrx_word' id='word_1_659' title='bbox 1577 4495 1715 4566; x_wconf 83' lang='lat' dir='ltr'><strong>exemplo,</strong></span> <span class='ocrx_word' id='word_1_660' title='bbox 1728 4500 1792 4561; x_wconf 81' lang='lat' dir='ltr'><strong>quen</strong></span> 
     </span>
     <span class='ocr_line' id='line_1_47' title="bbox 134 4583 1791 4662; baseline -0.006 -20"><span class='ocrx_word' id='word_1_661' title='bbox 134 4591 182 4642; x_wconf 90' lang='lat' dir='ltr'><strong>tur</strong></span> <span class='ocrx_word' id='word_1_662' title='bbox 196 4584 389 4640; x_wconf 87' lang='lat' dir='ltr'><strong>considerasse</strong></span> <span class='ocrx_word' id='word_1_663' title='bbox 404 4583 498 4655; x_wconf 88' lang='lat' dir='ltr'><strong>ipsum</strong></span> <span class='ocrx_word' id='word_1_664' title='bbox 520 4583 690 4640; x_wconf 88' lang='lat' dir='ltr'><strong>Zachariam</strong></span> <span class='ocrx_word' id='word_1_665' title='bbox 706 4585 792 4640; x_wconf 90' lang='lat' dir='ltr'><strong>fuisse</strong></span> <span class='ocrx_word' id='word_1_666' title='bbox 806 4586 891 4641; x_wconf 91' lang='lat' dir='ltr'><strong>etiam</strong></span> <span class='ocrx_word' id='word_1_667' title='bbox 906 4605 949 4642; x_wconf 88' lang='lat' dir='ltr'><strong>sa-</strong></span> <span class='ocrx_word' id='word_1_668' title='bbox 1002 4590 1083 4662; x_wconf 88' lang='lat' dir='ltr'><strong>sequi</strong></span> <span class='ocrx_word' id='word_1_669' title='bbox 1103 4588 1206 4644; x_wconf 86' lang='lat' dir='ltr'><strong>debeat</strong></span> <span class='ocrx_word' id='word_1_670' title='bbox 1230 4590 1350 4660; x_wconf 86' lang='lat' dir='ltr'><strong>dignum</strong></span> <span class='ocrx_word' id='word_1_671' title='bbox 1376 4589 1485 4661; x_wconf 87' lang='lat' dir='ltr'><strong>possint</strong></span> <span class='ocrx_word' id='word_1_672' title='bbox 1507 4589 1636 4660; x_wconf 82' lang='lat' dir='ltr'><strong>praebere</strong></span> <span class='ocrx_word' id='word_1_673' title='bbox 1662 4588 1791 4642; x_wconf 81' lang='lat' dir='ltr'><strong>doctorem.</strong></span> 
     </span>
     <span class='ocr_line' id='line_1_48' title="bbox 135 4668 1793 4754; baseline -0.002 -19"><span class='ocrx_word' id='word_1_674' title='bbox 135 4680 289 4735; x_wconf 89' lang='lat' dir='ltr'><strong>cerdotcm.</strong></span> <span class='ocrx_word' id='word_1_675' title='bbox 309 4678 551 4732; x_wconf 81' lang='lat' dir='ltr'><strong>«omnesautem</strong></span> <span class='ocrx_word' id='word_1_676' title='bbox 573 4682 642 4733; x_wconf 92' lang='lat' dir='ltr'><strong>tune</strong></span> <span class='ocrx_word' id='word_1_677' title='bbox 659 4679 818 4734; x_wconf 87' lang='lat' dir='ltr'><strong>sacerdotes</strong></span> <span class='ocrx_word' id='word_1_678' title='bbox 838 4697 952 4736; x_wconf 85' lang='lat' dir='ltr'><strong>neeesse</strong></span> <span class='ocrx_word' id='word_1_679' title='bbox 1003 4683 1058 4739; x_wconf 91' lang='lat' dir='ltr'><strong>Sed</strong></span> <span class='ocrx_word' id='word_1_680' title='bbox 1090 4682 1125 4737; x_wconf 89' lang='lat' dir='ltr'><strong>de</strong></span> <span class='ocrx_word' id='word_1_681' title='bbox 1164 4668 1231 4751; x_wconf 84' lang='lat' dir='ltr'><strong>his,</strong></span> <span class='ocrx_word' id='word_1_682' title='bbox 1267 4687 1300 4737; x_wconf 89' lang='lat' dir='ltr'><strong>ut</strong></span> <span class='ocrx_word' id='word_1_683' title='bbox 1338 4683 1484 4752; x_wconf 87' lang='lat' dir='ltr'><strong>arbitror,</strong></span> <span class='ocrx_word' id='word_1_684' title='bbox 1521 4683 1585 4754; x_wconf 85' lang='lat' dir='ltr'><strong>jam</strong></span> <span class='ocrx_word' id='word_1_685' title='bbox 1633 4682 1699 4737; x_wconf 90' lang='lat' dir='ltr'><strong>satis</strong></span> <span class='ocrx_word' id='word_1_686' title='bbox 1730 4685 1793 4746; x_wconf 55' lang='lat' dir='ltr'><strong>sup*</strong></span> 
     </span>
     <span class='ocr_line' id='line_1_49' title="bbox 136 4766 1791 4843; baseline -0.005 -15"><span class='ocrx_word' id='word_1_687' title='bbox 136 4772 323 4828; x_wconf 84' lang='lat' dir='ltr'><strong>habebantex</strong></span> <span class='ocrx_word' id='word_1_688' title='bbox 332 4770 588 4842; x_wconf 86' lang='lat' dir='ltr'><strong>legeDeiprimitus</strong></span> <span class='ocrx_word' id='word_1_689' title='bbox 597 4773 841 4843; x_wconf 88' lang='lat' dir='ltr'><strong>propeccatissuis</strong></span> <span class='ocrx_word' id='word_1_690' title='bbox 851 4774 952 4830; x_wconf 85' lang='lat' dir='ltr'><strong>offerre</strong></span> <span class='ocrx_word' id='word_1_691' title='bbox 1003 4775 1136 4831; x_wconf 82' lang='lat' dir='ltr'><strong>diximus.</strong></span> <span class='ocrx_word' id='word_1_692' title='bbox 1186 4776 1241 4832; x_wconf 91' lang='lat' dir='ltr'><strong>Sed</strong></span> <span class='ocrx_word' id='word_1_693' title='bbox 1280 4776 1399 4831; x_wconf 91' lang='lat' dir='ltr'><strong>subinde</strong></span> <span class='ocrx_word' id='word_1_694' title='bbox 1442 4781 1540 4831; x_wconf 85' lang='lat' dir='ltr'><strong>contra</strong></span> <span class='ocrx_word' id='word_1_695' title='bbox 1588 4791 1637 4830; x_wconf 79' lang='lat' dir='ltr'><strong>eos</strong></span> <span class='ocrx_word' id='word_1_696' title='bbox 1679 4766 1791 4829; x_wconf 78' lang='lat' dir='ltr'><strong>subvenit</strong></span> 
     </span>
     <span class='ocr_line' id='line_1_50' title="bbox 138 4860 1792 4943; baseline -0.016 1"><span class='ocrx_word' id='word_1_697' title='bbox 138 4864 318 4931; x_wconf 63' lang='lat' dir='ltr'><strong>⁵³⁰sif¹0i⁰¹1¹2</strong></span> <span class='ocrx_word' id='word_1_698' title='bbox 342 4863 444 4918; x_wconf 59' lang='lat' dir='ltr'><strong>deinde</strong></span> <span class='ocrx_word' id='word_1_699' title='bbox 457 4880 509 4935; x_wconf 72' lang='grc' dir='ltr'><strong>ιῐὈ</strong></span> <span class='ocrx_word' id='word_1_700' title='bbox 531 4865 638 4936; x_wconf 78' lang='lat' dir='ltr'><strong>P⁰P¹¹l⁰</strong></span> <span class='ocrx_word' id='word_1_701' title='bbox 653 4865 742 4928; x_wconf 49' lang='grc' dir='ltr'><strong>(ΗΘΜ</strong></span> <span class='ocrx_word' id='word_1_702' title='bbox 753 4884 777 4936; x_wconf 76' lang='lat' dir='ltr'><strong>V,</strong></span> <span class='ocrx_word' id='word_1_703' title='bbox 794 4870 830 4928; x_wconf 79' lang='lat' dir='ltr'><strong>3t·</strong></span> <span class='ocrx_word' id='word_1_704' title='bbox 846 4889 861 4919; x_wconf 78' lang='grc' dir='ltr'><strong>ι</strong></span> <span class='ocrx_word' id='word_1_705' title='bbox 876 4868 953 4925; x_wconf 86' lang='lat' dir='ltr'><strong>Sicut</strong></span> <span class='ocrx_word' id='word_1_706' title='bbox 1004 4868 1101 4943; x_wconf 82' lang='lat'><strong>182</strong></span> <span class='ocrx_word' id='word_1_707' title='bbox 1121 4874 1150 4925; x_wconf 88' lang='lat' dir='ltr'><strong>et</strong></span> <span class='ocrx_word' id='word_1_708' title='bbox 1164 4870 1327 4943; x_wconf 86' lang='lat' dir='ltr'><strong>suppeditat</strong></span> <span class='ocrx_word' id='word_1_709' title='bbox 1344 4870 1421 4942; x_wconf 93' lang='lat' dir='ltr'><strong>quod</strong></span> <span class='ocrx_word' id='word_1_710' title='bbox 1442 4870 1562 4940; x_wconf 85' lang='lat' dir='ltr'><strong>dicatur,</strong></span> <span class='ocrx_word' id='word_1_711' title='bbox 1580 4886 1636 4925; x_wconf 90' lang='lat' dir='ltr'><strong>nec</strong></span> <span class='ocrx_word' id='word_1_712' title='bbox 1655 4872 1741 4941; x_wconf 86' lang='lat' dir='ltr'><strong>potest</strong></span> <span class='ocrx_word' id='word_1_713' title='bbox 1757 4860 1792 4918; x_wconf 72' lang='grc' dir='ltr'><strong>ιιι</strong></span> 
     </span>
     <span class='ocr_line' id='line_1_51' title="bbox 139 4957 1793 5037; baseline -0.002 -22"><span class='ocrx_word' id='word_1_714' title='bbox 139 4976 209 5032; x_wconf 86' lang='lat' dir='ltr'><strong>ergo</strong></span> <span class='ocrx_word' id='word_1_715' title='bbox 234 4974 311 5014; x_wconf 89' lang='lat' dir='ltr'><strong>nunc</strong></span> <span class='ocrx_word' id='word_1_716' title='bbox 334 4973 386 5029; x_wconf 88' lang='lat' dir='ltr'><strong>per</strong></span> <span class='ocrx_word' id='word_1_717' title='bbox 408 4957 544 5012; x_wconf 86' lang='lat' dir='ltr'><strong>orationis</strong></span> <span class='ocrx_word' id='word_1_718' title='bbox 566 4958 733 5014; x_wconf 89' lang='lat' dir='ltr'><strong>sacrificium</strong></span> <span class='ocrx_word' id='word_1_719' title='bbox 759 4962 954 5017; x_wconf 84' lang='lat' dir='ltr'><strong>convincimur</strong></span> <span class='ocrx_word' id='word_1_720' title='bbox 1005 4965 1119 5036; x_wconf 86' lang='lat' dir='ltr'><strong>quando</strong></span> <span class='ocrx_word' id='word_1_721' title='bbox 1142 4964 1241 5019; x_wconf 89' lang='lat' dir='ltr'><strong>deesse</strong></span> <span class='ocrx_word' id='word_1_722' title='bbox 1254 4964 1331 5037; x_wconf 91' lang='lat' dir='ltr'><strong>quod</strong></span> <span class='ocrx_word' id='word_1_723' title='bbox 1354 4965 1445 5020; x_wconf 85' lang='lat' dir='ltr'><strong>vincat</strong></span> <span class='ocrx_word' id='word_1_724' title='bbox 1458 4980 1524 5019; x_wconf 93' lang='lat' dir='ltr'><strong>cum</strong></span> <span class='ocrx_word' id='word_1_725' title='bbox 1540 4970 1600 5020; x_wconf 85' lang='lat' dir='ltr'><strong>tam</strong></span> <span class='ocrx_word' id='word_1_726' title='bbox 1615 4965 1745 5019; x_wconf 85' lang='lat' dir='ltr'><strong>miserum</strong></span> <span class='ocrx_word' id='word_1_727' title='bbox 1756 4959 1793 5012; x_wconf 87' lang='lat' dir='ltr'><strong>in·</strong></span> 
     </span>
     <span class='ocr_line' id='line_1_52' title="bbox 140 5051 1795 5131; baseline -0.005 -21"><span class='ocrx_word' id='word_1_728' title='bbox 140 5070 198 5110; x_wconf 94' lang='lat' dir='ltr'><strong>non</strong></span> <span class='ocrx_word' id='word_1_729' title='bbox 211 5070 270 5109; x_wconf 87' lang='lat' dir='ltr'><strong>esse</strong></span> <span class='ocrx_word' id='word_1_730' title='bbox 284 5052 345 5107; x_wconf 91' lang='lat' dir='ltr'><strong>sine</strong></span> <span class='ocrx_word' id='word_1_731' title='bbox 358 5054 473 5123; x_wconf 88' lang='lat' dir='ltr'><strong>peceato</strong></span> <span class='ocrx_word' id='word_1_732' title='bbox 486 5051 623 5122; x_wconf 90' lang='lat' dir='ltr'><strong>quoniam</strong></span> <span class='ocrx_word' id='word_1_733' title='bbox 635 5053 708 5124; x_wconf 91' lang='lat' dir='ltr'><strong>jussi</strong></span> <span class='ocrx_word' id='word_1_734' title='bbox 727 5072 825 5110; x_wconf 90' lang='lat' dir='ltr'><strong>sumus</strong></span> <span class='ocrx_word' id='word_1_735' title='bbox 840 5055 952 5112; x_wconf 89' lang='lat' dir='ltr'><strong>dicere:</strong></span> <span class='ocrx_word' id='word_1_736' title='bbox 1005 5058 1141 5131; x_wconf 89' lang='lat' dir='ltr'><strong>piumque</strong></span> <span class='ocrx_word' id='word_1_737' title='bbox 1161 5060 1197 5114; x_wconf 87' lang='lat' dir='ltr'><strong>sit</strong></span> <span class='ocrx_word' id='word_1_738' title='bbox 1209 5060 1286 5130; x_wconf 92' lang='lat' dir='ltr'><strong>quod</strong></span> <span class='ocrx_word' id='word_1_739' title='bbox 1311 5066 1415 5115; x_wconf 81' lang='lat' dir='ltr'><strong>nostrae</strong></span> <span class='ocrx_word' id='word_1_740' title='bbox 1437 5059 1540 5114; x_wconf 87' lang='lat' dir='ltr'><strong>virtute</strong></span> <span class='ocrx_word' id='word_1_741' title='bbox 1552 5058 1619 5114; x_wconf 83' lang='lat' dir='ltr'><strong>fidei</strong></span> <span class='ocrx_word' id='word_1_742' title='bbox 1633 5063 1662 5113; x_wconf 89' lang='lat' dir='ltr'><strong>et</strong></span> <span class='ocrx_word' id='word_1_743' title='bbox 1680 5058 1737 5129; x_wconf 85' lang='lat' dir='ltr'><strong>ipsa</strong></span> <span class='ocrx_word' id='word_1_744' title='bbox 1751 5052 1795 5124; x_wconf 85' lang='lat' dir='ltr'><strong>ple·</strong></span> 
     </span>
     <span class='ocr_line' id='line_1_53' title="bbox 142 5145 1797 5222; baseline -0.004 -20"><span class='ocrx_word' id='word_1_745' title='bbox 142 5168 156 5202; x_wconf 89' lang='grc' dir='ltr'><strong>ιι</strong></span> <span class='ocrx_word' id='word_1_746' title='bbox 172 5147 284 5204; x_wconf 80' lang='lat' dir='ltr'><strong>Dimitte</strong></span> <span class='ocrx_word' id='word_1_747' title='bbox 305 5145 385 5201; x_wconf 89' lang='lat' dir='ltr'><strong>nobis</strong></span> <span class='ocrx_word' id='word_1_748' title='bbox 401 5145 495 5201; x_wconf 86' lang='lat' dir='ltr'><strong>debita</strong></span> <span class='ocrx_word' id='word_1_749' title='bbox 507 5149 604 5202; x_wconf 89' lang='lat' dir='ltr'><strong>nostra</strong></span> <span class='ocrx_word' id='word_1_750' title='bbox 627 5147 733 5216; x_wconf 76' lang='lat' dir='ltr'><strong>(Mettis.</strong></span> <span class='ocrx_word' id='word_1_751' title='bbox 755 5165 792 5217; x_wconf 88' lang='lat' dir='ltr'><strong>vr,</strong></span> <span class='ocrx_word' id='word_1_752' title='bbox 815 5149 897 5222; x_wconf 74' lang='grc'>12).»</span> <span class='ocrx_word' id='word_1_753' title='bbox 915 5151 955 5206; x_wconf 80' lang='grc' dir='ltr'><strong>ιιι</strong></span> <span class='ocrx_word' id='word_1_754' title='bbox 1004 5153 1069 5209; x_wconf 91' lang='lat' dir='ltr'><strong>nius</strong></span> <span class='ocrx_word' id='word_1_755' title='bbox 1082 5154 1199 5208; x_wconf 89' lang='lat' dir='ltr'><strong>veritate</strong></span> <span class='ocrx_word' id='word_1_756' title='bbox 1216 5153 1353 5209; x_wconf 88' lang='lat' dir='ltr'><strong>vincatur.</strong></span> <span class='ocrx_word' id='word_1_757' title='bbox 1368 5153 1420 5219; x_wconf 82' lang='lat' dir='ltr'><strong>Qui</strong></span> <span class='ocrx_word' id='word_1_758' title='bbox 1439 5153 1517 5207; x_wconf 90' lang='lat' dir='ltr'><strong>enim</strong></span> <span class='ocrx_word' id='word_1_759' title='bbox 1534 5168 1651 5208; x_wconf 90' lang='lat' dir='ltr'><strong>omnem</strong></span> <span class='ocrx_word' id='word_1_760' title='bbox 1666 5152 1726 5204; x_wconf 72' lang='lat' dir='ltr'><strong>vitre</strong></span> <span class='ocrx_word' id='word_1_761' title='bbox 1739 5155 1797 5218; x_wconf 82' lang='lat' dir='ltr'><strong>spen</strong></span> 
     </span>
     <span class='ocr_line' id='line_1_54' title="bbox 141 5238 1799 5319; baseline -0.008 -20"><span class='ocrx_word' id='word_1_762' title='bbox 141 5247 171 5299; x_wconf 90' lang='lat' dir='ltr'><strong>et</strong></span> <span class='ocrx_word' id='word_1_763' title='bbox 185 5247 253 5297; x_wconf 89' lang='lat' dir='ltr'><strong>tunc</strong></span> <span class='ocrx_word' id='word_1_764' title='bbox 265 5257 317 5314; x_wconf 90' lang='lat' dir='ltr'><strong>per</strong></span> <span class='ocrx_word' id='word_1_765' title='bbox 328 5238 463 5294; x_wconf 83' lang='lat' dir='ltr'><strong>sacrificia</strong></span> <span class='ocrx_word' id='word_1_766' title='bbox 476 5239 653 5295; x_wconf 88' lang='lat' dir='ltr'><strong>victimarum</strong></span> <span class='ocrx_word' id='word_1_767' title='bbox 665 5242 830 5298; x_wconf 87' lang='lat' dir='ltr'><strong>animalium</strong></span> <span class='ocrx_word' id='word_1_768' title='bbox 843 5244 956 5300; x_wconf 89' lang='lat' dir='ltr'><strong>convin·</strong></span> <span class='ocrx_word' id='word_1_769' title='bbox 1006 5246 1114 5319; x_wconf 89' lang='lat' dir='ltr'><strong>respuit</strong></span> <span class='ocrx_word' id='word_1_770' title='bbox 1129 5251 1212 5319; x_wconf 87' lang='lat' dir='ltr'><strong>atque</strong></span> <span class='ocrx_word' id='word_1_771' title='bbox 1232 5247 1403 5318; x_wconf 89' lang='lat' dir='ltr'><strong>contempsit</strong></span> <span class='ocrx_word' id='word_1_772' title='bbox 1418 5245 1532 5301; x_wconf 87' lang='lat' dir='ltr'><strong>inimica</strong></span> <span class='ocrx_word' id='word_1_773' title='bbox 1545 5245 1754 5315; x_wconf 84' lang='lat' dir='ltr'><strong>damnabilique</strong></span> <span class='ocrx_word' id='word_1_774' title='bbox 1765 5247 1799 5292; x_wconf 85' lang='lat' dir='ltr'><strong>cor</strong></span> 
     </span>
     <span class='ocr_line' id='line_1_55' title="bbox 141 5325 1800 5412; baseline -0.019 -19"><span class='ocrx_word' id='word_1_775' title='bbox 141 5337 277 5393; x_wconf 91' lang='lat' dir='ltr'><strong>cebantur</strong></span> <span class='ocrx_word' id='word_1_776' title='bbox 291 5334 449 5389; x_wconf 85' lang='lat' dir='ltr'><strong>sacerdotes</strong></span> <span class='ocrx_word' id='word_1_777' title='bbox 467 5333 527 5386; x_wconf 89' lang='lat' dir='ltr'><strong>sine</strong></span> <span class='ocrx_word' id='word_1_778' title='bbox 549 5337 666 5405; x_wconf 90' lang='lat' dir='ltr'><strong>peccato</strong></span> <span class='ocrx_word' id='word_1_779' title='bbox 682 5353 740 5391; x_wconf 93' lang='lat' dir='ltr'><strong>non</strong></span> <span class='ocrx_word' id='word_1_780' title='bbox 759 5354 828 5406; x_wconf 88' lang='lat' dir='ltr'><strong>esse,</strong></span> <span class='ocrx_word' id='word_1_781' title='bbox 843 5338 892 5410; x_wconf 86' lang='lat' dir='ltr'><strong>qui</strong></span> <span class='ocrx_word' id='word_1_782' title='bbox 905 5354 956 5410; x_wconf 87' lang='lat' dir='ltr'><strong>pro</strong></span> <span class='ocrx_word' id='word_1_783' title='bbox 1006 5358 1089 5396; x_wconf 74' lang='lat' dir='ltr'><strong>suum</strong></span> <span class='ocrx_word' id='word_1_784' title='bbox 1116 5340 1304 5412; x_wconf 54' lang='lat' dir='ltr'><strong>disputatione</strong></span> <span class='ocrx_word' id='word_1_785' title='bbox 1328 5340 1518 5409; x_wconf 53' lang='lat' dir='ltr'><strong>confundens,</strong></span> <span class='ocrx_word' id='word_1_786' title='bbox 1544 5356 1613 5394; x_wconf 63' lang='lat' dir='ltr'><strong>cum</strong></span> <span class='ocrx_word' id='word_1_787' title='bbox 1643 5338 1731 5394; x_wconf 57' lang='lat' dir='ltr'><strong>credi,</strong></span> <span class='ocrx_word' id='word_1_788' title='bbox 1749 5325 1800 5389; x_wconf 61' lang='lat' dir='ltr'><strong>„pp</strong></span> 
     </span>
     <span class='ocr_line' id='line_1_56' title="bbox 142 5426 1801 5508; baseline -0.012 -4"><span class='ocrx_word' id='word_1_789' title='bbox 142 5432 201 5487; x_wconf 65' lang='lat' dir='ltr'>⁵¹¹5ss</span> <span class='ocrx_word' id='word_1_790' title='bbox 215 5428 336 5502; x_wconf 53' lang='lat' dir='ltr'>peccatis</span> <span class='ocrx_word' id='word_1_791' title='bbox 353 5427 526 5498; x_wconf 80' lang='lat' dir='ltr'><strong>jubebantur</strong></span> <span class='ocrx_word' id='word_1_792' title='bbox 542 5427 653 5482; x_wconf 68' lang='lat' dir='ltr'><strong>Offerre·</strong></span> <span class='ocrx_word' id='word_1_793' title='bbox 675 5430 753 5492; x_wconf 79' lang='lat' dir='ltr'><strong>Quod</strong></span> <span class='ocrx_word' id='word_1_794' title='bbox 768 5430 794 5483; x_wconf 76' lang='lat' dir='ltr'><strong>&#39;si</strong></span> <span class='ocrx_word' id='word_1_795' title='bbox 813 5447 857 5484; x_wconf 88' lang='lat' dir='ltr'><strong>res</strong></span> <span class='ocrx_word' id='word_1_796' title='bbox 875 5432 914 5486; x_wconf 88' lang='lat' dir='ltr'><strong>ita</strong></span> <span class='ocrx_word' id='word_1_797' title='bbox 928 5449 956 5487; x_wconf 89' lang='lat' dir='ltr'><strong>se</strong></span> <span class='ocrx_word' id='word_1_798' title='bbox 1007 5453 1067 5490; x_wconf 88' lang='lat' dir='ltr'><strong>esse</strong></span> <span class='ocrx_word' id='word_1_799' title='bbox 1091 5433 1167 5508; x_wconf 91' lang='lat' dir='ltr'><strong>quod</strong></span> <span class='ocrx_word' id='word_1_800' title='bbox 1191 5436 1283 5490; x_wconf 86' lang='lat' dir='ltr'><strong>afleo</strong></span> <span class='ocrx_word' id='word_1_801' title='bbox 1312 5435 1441 5506; x_wconf 88' lang='lat' dir='ltr'><strong>accipiat,</strong></span> <span class='ocrx_word' id='word_1_802' title='bbox 1469 5450 1504 5487; x_wconf 89' lang='lat' dir='ltr'><strong>no</strong></span> <span class='ocrx_word' id='word_1_803' title='bbox 1529 5433 1637 5504; x_wconf 90' lang='lat' dir='ltr'><strong>aliquid</strong></span> <span class='ocrx_word' id='word_1_804' title='bbox 1667 5426 1801 5504; x_wconf 55' lang='lat' dir='ltr'><strong>superest</strong></span> 
     </span>
     <span class='ocr_line' id='line_1_57' title="bbox 142 5515 1800 5601; baseline -0.005 -21"><span class='ocrx_word' id='word_1_805' title='bbox 142 5525 237 5592; x_wconf 90' lang='lat' dir='ltr'><strong>hahet,</strong></span> <span class='ocrx_word' id='word_1_806' title='bbox 251 5527 281 5576; x_wconf 88' lang='lat' dir='ltr'><strong>ut</strong></span> <span class='ocrx_word' id='word_1_807' title='bbox 293 5538 343 5592; x_wconf 90' lang='lat' dir='ltr'><strong>per</strong></span> <span class='ocrx_word' id='word_1_808' title='bbox 356 5521 476 5591; x_wconf 86' lang='lat' dir='ltr'><strong>gratiam</strong></span> <span class='ocrx_word' id='word_1_809' title='bbox 489 5519 638 5575; x_wconf 88' lang='lat' dir='ltr'><strong>Salvatoris</strong></span> <span class='ocrx_word' id='word_1_810' title='bbox 652 5523 956 5597; x_wconf 81' lang='lat' dir='ltr'><strong>proficiamusquidem</strong></span> <span class='ocrx_word' id='word_1_811' title='bbox 1006 5529 1084 5601; x_wconf 92' lang='lat' dir='ltr'><strong>quod</strong></span> <span class='ocrx_word' id='word_1_812' title='bbox 1098 5533 1177 5601; x_wconf 88' lang='lat' dir='ltr'><strong>petat</strong></span> <span class='ocrx_word' id='word_1_813' title='bbox 1200 5529 1234 5583; x_wconf 92' lang='lat' dir='ltr'><strong>ad</strong></span> <span class='ocrx_word' id='word_1_814' title='bbox 1249 5529 1416 5597; x_wconf 73' lang='lat' dir='ltr'><strong>sartandum,</strong></span> <span class='ocrx_word' id='word_1_815' title='bbox 1438 5527 1488 5582; x_wconf 88' lang='lat' dir='ltr'><strong>sed</strong></span> <span class='ocrx_word' id='word_1_816' title='bbox 1500 5527 1550 5599; x_wconf 92' lang='lat' dir='ltr'><strong>qui</strong></span> <span class='ocrx_word' id='word_1_817' title='bbox 1572 5527 1629 5583; x_wconf 89' lang='lat' dir='ltr'><strong>sibi</strong></span> <span class='ocrx_word' id='word_1_818' title='bbox 1643 5528 1698 5583; x_wconf 86' lang='lat' dir='ltr'><strong>hoe</strong></span> <span class='ocrx_word' id='word_1_819' title='bbox 1709 5515 1800 5580; x_wconf 71' lang='lat' dir='ltr'><strong>abstulit</strong></span> 
     </span>
     <span class='ocr_line' id='line_1_58' title="bbox 142 5611 1801 5694; baseline -0.007 -20"><span class='ocrx_word' id='word_1_820' title='bbox 142 5620 173 5674; x_wconf 89' lang='lat' dir='ltr'><strong>in</strong></span> <span class='ocrx_word' id='word_1_821' title='bbox 182 5619 233 5672; x_wconf 88' lang='lat' dir='ltr'><strong>hac</strong></span> <span class='ocrx_word' id='word_1_822' title='bbox 243 5615 309 5682; x_wconf 84' lang='grc' dir='ltr'>ιιιιι,</span> <span class='ocrx_word' id='word_1_823' title='bbox 323 5614 471 5667; x_wconf 80' lang='lat' dir='ltr'><strong>deficiente</strong></span> <span class='ocrx_word' id='word_1_824' title='bbox 485 5614 648 5684; x_wconf 85' lang='lat' dir='ltr'><strong>cupiditate,</strong></span> <span class='ocrx_word' id='word_1_825' title='bbox 659 5616 794 5672; x_wconf 84' lang='lat' dir='ltr'><strong>charitate</strong></span> <span class='ocrx_word' id='word_1_826' title='bbox 802 5624 955 5690; x_wconf 88' lang='lat' dir='ltr'><strong>crescente,</strong></span> <span class='ocrx_word' id='word_1_827' title='bbox 1007 5624 1126 5678; x_wconf 88' lang='lat' dir='ltr'><strong>ulterius</strong></span> <span class='ocrx_word' id='word_1_828' title='bbox 1140 5622 1207 5694; x_wconf 93' lang='lat' dir='ltr'><strong>quid</strong></span> <span class='ocrx_word' id='word_1_829' title='bbox 1223 5621 1363 5694; x_wconf 76' lang='lat' dir='ltr'><strong>reliquit?</strong></span> <span class='ocrx_word' id='word_1_830' title='bbox 1379 5623 1406 5678; x_wconf 84' lang='lat' dir='ltr'><strong>Si</strong></span> <span class='ocrx_word' id='word_1_831' title='bbox 1421 5639 1489 5694; x_wconf 84' lang='lat' dir='ltr'><strong>ergo</strong></span> <span class='ocrx_word' id='word_1_832' title='bbox 1509 5625 1576 5676; x_wconf 92' lang='lat' dir='ltr'><strong>sunt</strong></span> <span class='ocrx_word' id='word_1_833' title='bbox 1588 5621 1688 5694; x_wconf 87' lang='lat' dir='ltr'><strong>aliqui,</strong></span> <span class='ocrx_word' id='word_1_834' title='bbox 1709 5611 1801 5690; x_wconf 83' lang='lat' dir='ltr'><strong>quasin</strong></span> 
     </span>
     <span class='ocr_line' id='line_1_59' title="bbox 140 5704 1832 5791; baseline -0.002 -25"><span class='ocrx_word' id='word_1_835' title='bbox 140 5709 327 5783; x_wconf 73' lang='lat' dir='ltr'><strong>perficiamur</strong></span> <span class='ocrx_word' id='word_1_836' title='bbox 338 5710 434 5762; x_wconf 89' lang='lat' dir='ltr'><strong>autem</strong></span> <span class='ocrx_word' id='word_1_837' title='bbox 453 5707 542 5761; x_wconf 80' lang='lat' dir='ltr'><strong>inille</strong></span> <span class='ocrx_word' id='word_1_838' title='bbox 558 5709 621 5776; x_wconf 90' lang='lat' dir='ltr'><strong>vita,</strong></span> <span class='ocrx_word' id='word_1_839' title='bbox 638 5710 792 5783; x_wconf 85' lang='lat' dir='ltr'><strong>cupiditate</strong></span> <span class='ocrx_word' id='word_1_840' title='bbox 810 5713 954 5784; x_wconf 80' lang='lat' dir='ltr'><strong>exstincta,</strong></span> <span class='ocrx_word' id='word_1_841' title='bbox 1007 5716 1050 5771; x_wconf 92' lang='lat' dir='ltr'><strong>sui</strong></span> <span class='ocrx_word' id='word_1_842' title='bbox 1061 5716 1256 5770; x_wconf 83' lang='lat' dir='ltr'><strong>defensionem</strong></span> <span class='ocrx_word' id='word_1_843' title='bbox 1280 5716 1448 5787; x_wconf 85' lang='lat' dir='ltr'><strong>perversitas</strong></span> <span class='ocrx_word' id='word_1_844' title='bbox 1463 5721 1541 5770; x_wconf 86' lang='lat' dir='ltr'><strong>tanta</strong></span> <span class='ocrx_word' id='word_1_845' title='bbox 1559 5714 1670 5781; x_wconf 80' lang='lat' dir='ltr'><strong>defixit,</strong></span> <span class='ocrx_word' id='word_1_846' title='bbox 1686 5711 1732 5784; x_wconf 91' lang='lat' dir='ltr'><strong>qui</strong></span> <span class='ocrx_word' id='word_1_847' title='bbox 1752 5704 1801 5763; x_wconf 67' lang='lat' dir='ltr'><strong>huie</strong></span> <span class='ocrx_word' id='word_1_848' title='bbox 1830 5740 1832 5791; x_wconf 68' lang='lat'>3</span> 
     </span>
     <span class='ocr_line' id='line_1_60' title="bbox 128 5800 1802 5887; baseline -0.004 -26"><span class='ocrx_word' id='word_1_849' title='bbox 128 5803 437 5878; x_wconf 82' lang='lat' dir='ltr'><strong>charitaterompfeta,</strong></span> <span class='ocrx_word' id='word_1_850' title='bbox 452 5801 955 5884; x_wconf 80' lang='lat' dir='ltr'><strong>profectoilludquodscriptumest:</strong></span> <span class='ocrx_word' id='word_1_851' title='bbox 1007 5826 1037 5868; x_wconf 83' lang='lat' dir='ltr'><strong>se</strong></span> <span class='ocrx_word' id='word_1_852' title='bbox 1051 5809 1178 5887; x_wconf 80' lang='lat' dir='ltr'><strong>dogmati</strong></span> <span class='ocrx_word' id='word_1_853' title='bbox 1193 5810 1297 5865; x_wconf 89' lang='lat' dir='ltr'><strong>dedant</strong></span> <span class='ocrx_word' id='word_1_854' title='bbox 1310 5817 1396 5882; x_wconf 88' lang='lat' dir='ltr'><strong>atque</strong></span> <span class='ocrx_word' id='word_1_855' title='bbox 1408 5808 1597 5882; x_wconf 84' lang='lat' dir='ltr'><strong>conjungant,</strong></span> <span class='ocrx_word' id='word_1_856' title='bbox 1611 5811 1755 5885; x_wconf 75' lang='lat' dir='ltr'><strong>sperantes</strong></span> <span class='ocrx_word' id='word_1_857' title='bbox 1764 5800 1802 5855; x_wconf 78' lang='lat' dir='ltr'><strong>hot</strong></span> 
     </span>
    </p>
   </div>
   <div class='ocr_carea' id='block_1_5' title="bbox 0 0 1961 6148">
    <p class='ocr_par' dir='ltr' id='par_1_8' title="bbox 0 0 1961 6148">
     <span class='ocr_line' id='line_1_61' title="bbox 0 0 1961 6148; baseline 0 0"><span class='ocrx_word' id='word_1_858' title='bbox 0 0 1961 6148; x_wconf 95' lang='lat' dir='ltr'><strong> </strong></span> 
     </span>
    </p>
   </div>
  </div>
 </body>
</html>
