3870 6150
211 256 261 312 lot
652 251 795 309 orimur.
814 253 858 308 hl)
876 253 956 309 SAEC.
976 252 1020 306 lli.
1035 281 1069 292 -
1087 252 1211 309 lSlltORl
1229 253 1442 310 haeccreals
1838 256 1890 312 200

210 361 322 418 monuit
333 360 409 433 quod
422 360 592 432 apostolicos
608 362 757 433 pontifices
772 378 845 417 mere
863 362 1024 433 exiguitatis
1035 375 1065 448 Α
1075 368 1202 434 suscepto
1218 364 1357 420 rationem
1367 363 1461 434 justus
1466 359 1557 433 judex
1570 356 1695 418 Christus
1703 356 1778 417 Deus
1791 368 1893 418 noster

208 454 430 527 praedecessores
440 454 616 510 confidenter
628 455 727 511 fecisse
742 471 856 527 semper
864 457 972 510 cunctis
984 459 1027 511 est
1075 455 1231 511 districtam
1240 456 1385 528 exegerit?
1393 456 1468 522 ldeo,
1476 455 1588 521 iratres,
1599 453 1698 509 hortor
1707 453 1891 511 dilectionem

208 547 366 619 cognitum.
380 547 508 613 Quomm
527 551 556 603 et
570 547 708 620 pusillitas
719 564 793 617 mea,
807 548 872 604 licet
890 549 985 619 impar
997 551 1026 603 et
1075 552 1208 618 vestram,
1224 550 1347 604 obtestor
1361 553 1389 604 et
1403 564 1519 614 moneo,
1535 552 1634 618 utque
1655 547 1772 619 potestis
1791 551 1822 603 et
1845 549 1893 604 de-

209 640 340 711 minima,
351 657 403 712 pro
413 644 543 712 suscepto
556 644 653 696 tamen
663 639 757 696 divina
768 641 931 711 dignatione
942 641 1025 696 mini·
1074 642 1145 698 betis
1157 642 1343 698 sollicitudine
1356 642 1478 713 vigiletis
1493 640 1528 695 ad
1542 640 1756 712 investigandos
1771 641 1890 697 haereti-

209 735 294 789 sterio
315 733 484 805 pedissequa
505 733 583 804 cupit
607 733 726 789 existere
747 751 753 788 :
773 736 819 789 Vae
844 735 922 789 enim
944 735 1025 790 nobis
1074 751 1122 790 cos
1147 741 1175 791 et
1198 735 1329 790 inimicos
1350 738 1456 789 sanctae
1477 735 1527 789 Dei
1551 733 1692 804 Ecclesiae,
1718 739 1748 789 et
1772 752 1791 788 a
1816 735 1893 790 sanis

208 827 271 895 erit,
287 827 336 898 qui
351 826 436 897 hujus
446 825 597 881 ministerii
611 843 682 882 onus
696 832 858 899 susceptum
874 829 1023 897 habemus,
1074 828 1226 896 mentibus,
1235 844 1272 883 ne
1287 828 1373 900 pestis
1384 828 1445 882 haec
1461 827 1544 883 latius
1557 827 1727 899 divulgetur,
1741 828 1892 884 severitate

208 920 231 975 si
255 919 404 975 veritatem
430 918 580 974 salvatoris
606 921 696 975 nestri
719 921 782 975 lesu
805 921 918 990 Christi,
936 938 1024 993 quam
1074 938 1158 993 quam
1171 922 1288 993 potestis
1295 938 1348 992 pro
1356 921 1463 976 viribus
1474 921 1633 992 extirpetis;
1647 920 1784 993 quoniam
1794 925 1828 975 ut
1839 921 1890 976 ha·

208 1011 328 1084 apostoli
339 1011 566 1083 predicaverunt
575 1013 732 1084 praedicare
744 1015 963 1083 neglexerimus.
977 1017 1023 1070 Vre
1073 1013 1152 1069 babit
1164 1032 1180 1069 a
1193 1015 1247 1070 Dee
1261 1015 1347 1087 digne
1362 1014 1603 1070 remunerationis
1616 1013 1772 1086 premium
1790 1014 1840 1085 qui
1852 1014 1893 1069 di-

210 1105 264 1160 erit
275 1104 366 1174 nobis,
378 1105 400 1159 si
411 1104 522 1160 silentio
535 1106 682 1161 veritatem
695 1107 927 1178 oppresserimus,
937 1124 1024 1179 quam
1073 1106 1209 1180 ligentius
1222 1109 1296 1181 quod
1312 1109 1477 1164 adsalutem
1491 1107 1647 1164 commissas
1661 1106 1714 1162 sibi
1727 1106 1821 1179 plebis
1830 1124 1892 1179 pen

209 1213 330 1268 erogare
349 1198 551 1253 nummulariis
572 1199 719 1270 jubemur,
734 1199 764 1255 id
785 1204 837 1269 cst,
851 1200 1024 1256 Christianos
1073 1200 1150 1256 liciat
1170 1201 1258 1257 luerit
1279 1204 1434 1269 exsecutus,
1452 1202 1491 1257 ita
1503 1207 1568 1256 ante
1585 1201 1709 1256 tribunal
1725 1200 1842 1256 Domini
1857 1199 1891 1256 dc

207 1291 327 1362 populos
347 1291 447 1362 juvare
469 1291 635 1347 et'docere.
660 1292 733 1357 Quid
759 1292 788 1347 in
810 1293 898 1365 ipsius
927 1293 1023 1349 futuro
1073 1297 1154 1349 reatu
1164 1295 1349 1367 negligentiae
1361 1311 1390 1351 se
1398 1311 1456 1350 nou
1467 1294 1714 1367 poteritexcusare
1726 1293 1891 1366 quicunque

209 1383 314 1438 Christi
324 1383 426 1439 dicturi
439 1400 538 1439 sumus
552 1385 684 1441 examine
692 1386 716 1440 si
729 1402 893 1442 sermonum
907 1387 967 1457 ejus
976 1403 1021 1442 ve·
1072 1387 1188 1458 plebem
1202 1404 1284 1444 suam
1294 1392 1391 1445 contra
1400 1388 1546 1460 sacrilegae
1557 1388 1749 1460 persuasionis
1759 1392 1890 1443 auctores

206 1475 321 1532 ritatem
334 1477 537 1532 confundimur
549 1478 727 1549 praedicare?
744 1478 817 1544 Quid
832 1479 885 1535 erit
898 1479 1023 1535 danobis
1073 1481 1196 1537 noluerit
1209 1483 1364 1538 custodire.
1380 1485 1447 1539 Data
1460 1483 1553 1537 Nonas
1566 1480 1721 1549 Februarii,
1731 1481 1852 1538 Claudio
1863 1484 1891 1536 el

208 1583 274 1624 cum
302 1569 336 1625 de
359 1570 517 1626 commissis
544 1570 624 1626 nobis
648 1571 799 1627 animabus
823 1577 852 1628 at
872 1573 907 1630 de
930 1571 1022 1628 officie
1072 1575 1194 1630 Paterno
1208 1576 1241 1630 IV
1254 1591 1295 1631 cc.
1307 1576 1415 1632 consul.

469 1916 758 2012 INClPlUNT
801 1919 1064 2014 DECRETA
1108 1919 1395 2014 EUTlClANl
1439 1918 1625 2012 PAPAE.

615 2104 706 2172 (huno
720 2105 834 2161 Domini
848 2109 910 2176 276,
923 2107 1078 2164 Aureliano
1092 2110 1120 2163 et
1132 2107 1228 2163 Tacito
1249 2105 1476 2180 imperantibus.)

240 2411 416 2469 charissimis
437 2413 570 2469 iratribus
584 2416 681 2472 lorum
705 2420 733 2472 et
755 2417 888 2473 omnibus
901 2434 953 2489 per
968 2418 1019 2475 Be·
1030 2435 1059 2509 B
1070 2419 1223 2491 profertur.
1235 2418 1279 2475 lld
1301 2419 1381 2491 cujus
1394 2434 1493 2474 rocem
1507 2415 1669 2488 archangeli
1688 2418 1777 2488 atque
1794 2412 1882 2485 angeli

206 2506 291 2561 ticam
313 2507 488 2578 provinciam
510 2508 671 2565 constitutis
694 2510 842 2582 episcopis,
858 2512 1020 2568 Eurrcrsvus
1070 2517 1209 2582 tremunt,
1223 2513 1327 2569 coelum
1340 2517 1370 2567 et
1381 2516 1458 2567 terra
1476 2515 1505 2566 et
1519 2511 1616 2567 omnia
1628 2509 1715 2581 hujus
1728 2508 1831 2565 mundi
1842 2523 1882 2563 re·

205 2600 394 2673 episcopusin
408 2601 528 2657 Domino
541 2603 671 2658 salutem.
1071 2607 1183 2662 solvunt
1196 2607 1346 2675 elementa,
1360 2605 1472 2677 vagitus
1486 2604 1615 2659 infantiae
1629 2601 1755 2659 auditur.
1770 2601 1826 2666 Qui
1843 2600 1883 2656 in·

240 2695 375 2750 Hortatur
386 2711 438 2750 nos
454 2695 572 2767 aequitas
590 2696 789 2768 postulationis
804 2698 945 2754 desiderio
963 2698 1018 2754 lra-
1070 2701 1186 2756 visibilis
1208 2706 1237 2756 et
1255 2698 1550 2771 incomprehensibilis
1569 2699 1621 2764 est,
1634 2713 1691 2751 non
1704 2696 1779 2766 visu,
1792 2710 1883 2764 sensu,

203 2787 344 2841 tenuitatis
360 2792 416 2842 tuac
437 2792 585 2859 gratanter
600 2806 737 2858 annuere,
754 2796 782 2846 et
807 2792 942 2847 consultis
964 2793 1021 2847 tuis
1070 2797 1204 2866 tactuque
1221 2792 1427 2861 moderandus,
1444 2792 1524 2847 cunis
1544 2793 1587 2846 est
1609 2791 1777 2859 obvolutus3
1791 2787 1885 2845 hecsi

203 2878 328 2934 breviter
341 2881 522 2952 respondere.
537 2883 571 2936 Et
588 2883 716 2954 quamvis
739 2883 918 2940 dilectionem
941 2889 1020 2940 tuam
1070 2887 1134 2960 quis
1147 2886 1265 2960 indigna
1277 2887 1333 2942 [leo
1349 2886 1459 2955 recolit,
1473 2889 1551 2940 tante
1574 2900 1604 2938 se
1625 2882 1743 2953 majoris
1759 2880 1885 2938 beneficii

204 2971 292 3027 sciam
306 2973 342 3027 ad
357 2990 443 3028 omne
458 2991 528 3045 opus
543 2976 750 3031 omnebonum
766 2993 827 3032 csse
846 2978 974 3034 devotam
989 2984 1021 3035 ut
1070 2981 1224 3036 obnoxium
1237 2981 1399 3049 confitetur,
1413 2982 1519 3051 quanto
1533 2977 1629 3033 minus
1641 2976 1702 3033 brec
1718 2976 1768 3030 Dei
1787 2989 1884 3031 conve·

203 3065 456 3122 tamenelllcacior
469 3067 519 3122 fiat
539 3068 575 3123 ad
596 3068 659 3123 illos
678 3068 726 3141 qui
740 3086 807 3126 sane
827 3087 885 3127 non
907 3071 1022 3143 sapiunt
1070 3069 1734 3145 neruntmeg'estati.Ncnillceguithomoeffici
1744 3083 1886 3142 perquem

203 3158 326 3230 qualiter
344 3175 393 3214 eos
417 3158 452 3214 de
478 3161 672 3218 lucarnatione
696 3162 843 3218 salvatoris
864 3164 955 3220 nostri
974 3165 1019 3220 in·
1070 3168 1158 3222 hemo
1181 3166 1272 3221 lactus
1296 3171 1347 3233 θεῖ,
1368 3166 1417 3221 scd
1440 3181 1491 3220 nos
1516 3165 1647 3237 eguimus
1669 3167 1701 3218 ut
1724 3165 1801 3218 Deus
1824 3176 1886 3218 cara

203 3253 329 3310 formare
342 3254 457 3327 debeas,
472 3257 654 3312 mandamus.
1069 3259 1195 3330 llerct,et
1204 3258 1346 3315 habitaret
1355 3259 1385 3314 in
1396 3258 1488 3328 nobis,
1497 3258 1525 3313 id
1536 3262 1587 3325 est,
1597 3256 1792 3327 assumptione
1798 3253 1887 3311 earnis

240 3348 332 3403 Unum
353 3347 442 3420 igitur
462 3349 516 3405 hoc
537 3349 683 3406 immobile
704 3351 939 3420 fundamentum,
963 3369 1021 3408 uua
1069 3369 1144 3409 unus
1165 3353 1277 3409 interna
1300 3352 1441 3408 unirersae
1460 3351 1554 3407 carnis
1567 3350 1706 3406 incoleret
1721 3365 1728 3406 :
1744 3348 1887 3405 humilitas

203 3442 263 3497 haec
278 3441 345 3497 felix
358 3441 423 3497 fidei
436 3445 519 3514 petra
538 3443 614 3498 Petri
628 3459 677 3499 ore
698 3445 836 3501 confessa.
858 3447 898 3501 Tu
919 3462 958 3516 cs,
975 3446 1018 3501 in-
1071 3447 1132 3518 ejus
1156 3451 1253 3502 nostra
1277 3446 1408 3502 nobilitas
1432 3450 1485 3514 est,
1508 3443 1684 3500 contumelia
1710 3443 1775 3514 ejus
1799 3443 1888 3513 honor

204 3533 276 3607 quit,
289 3535 416 3590 Christus
429 3535 516 3590 Filius
529 3536 577 3592 Dei
589 3536 654 3606 vivi,
671 3539 748 3595 tanta
760 3538 790 3593 in
808 3555 837 3594 se
850 3542 1020 3611 argumenta
1071 3543 1170 3596 noster
1183 3544 1235 3597 est.
1253 3540 1336 3606 Quod
1349 3540 1396 3595 illa
1417 3539 1488 3594 Deus
1502 3537 1532 3593 in
1548 3552 1633 3593 carne
1657 3535 1825 3604 consistens,
1838 3534 1888 3590 boc

204 3627 345 3683 sustinens
355 3626 479 3683 veritatis
487 3634 599 3701 quantae
609 3631 799 3702 perversitatis
810 3632 980 3703 questiones
991 3635 1021 3689 et
1068 3651 1122 3691 nos
1135 3634 1256 3689 vicissim
1276 3634 1306 3688 in
1328 3634 1417 3689 ὓθιιηι
1437 3648 1472 3687 cx
1494 3647 1580 3687 carne
1594 3629 1732 3686 renovati.
1748 3628 1837 3686 Plane
1848 3627 1886 3683 ri·

204 3719 378 3777 infidelitatis
393 3722 545 3778 calumnie
563 3724 766 3781 movebuntur.
781 3726 842 3780 lam
859 3725 1021 3784 incaeteris
1069 3732 1129 3784 tam
1149 3743 1230 3784 suam
1256 3726 1345 3783 nescit
1372 3725 1421 3798 qrri
1449 3724 1595 3781 Christum
1621 3725 1719 3780 lesum
1736 3724 1771 3778 ut
1789 3736 1888 3778 varum

203 3813 377 3887 dispensatio
386 3815 535 3873 voluntatis
544 3822 669 3890 paternae
680 3817 724 3874 sit.
733 3821 807 3891 Ergo
817 3824 915 3892 pectus
925 3825 953 3876 et
962 3812 1058 3888 cor-C
1070 3821 1169 3890 Deum,
1183 3821 1223 3875 ita
1238 3823 1267 3874 et
1282 3835 1380 3875 verum
1404 3818 1516 3891 ignorat
1537 3817 1695 3886 hominem,
1710 3820 1739 3872 ct
1759 3815 1886 3887 ejudem

203 3924 267 3980 pus,
294 3913 446 3982 postquam
472 3926 551 3980 crux,
579 3927 656 3968 mors
683 3912 800 3981 inferni,
823 3913 899 3968 salus
922 3916 1021 3969 nostra
1070 3913 1189 3986 periculi
1197 3929 1243 3968 res
1251 3914 1398 3969 estlesum
1406 3911 1602 3968 Christumval
1610 3909 1888 3983 Spiritumsanctum

206 4006 258 4058 est·
1071 4007 1163 4062 Deum
1181 4022 1241 4062 nen
1255 4005 1382 4075 credere,
1395 4007 1439 4062 vel
1451 4021 1569 4061 carnem
1583 4003 1673 4060 nostri
1694 4005 1825 4077 corporis
1840 4000 1886 4058 dc·

240 4095 363 4150 llumani
384 4095 462 4149 enim
485 4096 599 4167 generis
617 4111 703 4151 causa
725 4095 772 4152 Dei
793 4096 878 4152 Filius
892 4100 975 4153 natus
989 4114 1022 4154 ex
1071 4116 1216 4172 negare«
1240 4098 1338 4155 Omnis
1362 4116 1430 4171 ergo
1451 4099 1500 4171 qui
1520 4097 1701 4155 confitebitur
1721 4114 1772 4152 me
1795 4110 1888 4152 coram

207 4185 322 4257 Virgine
336 4189 388 4253 est,
402 4191 431 4242 et
452 4186 559 4258 Spiritu
572 4194 670 4245 sancto
683 4189 745 4261 ipso
764 4190 817 4245 sibi
833 4191 862 4246 in
885 4191 937 4246 hac
955 4210 1020 4265 ope·
1072 4193 1243 4262 hominibus,
1258 4193 1416 4249 conlltebor
1429 4197 1458 4247 et
1470 4209 1524 4263 ego
1540 4208 1606 4247 eum
1619 4206 1714 4246 eoram
1726 4191 1809 4246 Patre
1823 4200 1886 4244 mae

206 4278 319 4334 ratione
332 4279 499 4349 famulante,
513 4285 542 4336 et
555 4297 605 4336 sua
618 4283 679 4355 (Dei
690 4282 827 4355 videlicet)
840 4284 1021 4343 inumbrante
1073 4287 1122 4360 qui
1136 4287 1166 4342 in
1180 4287 1257 4343 coelis
1278 4291 1330 4342 cst.
1354 4287 1409 4351 Qui
1432 4290 1530 4342 autem
1551 4283 1696 4357 negaverit
1720 4299 1770 4341 ma
1792 4295 1887 4339 coram

208 4371 323 4445 virtute,
333 4372 459 4444 corperis
468 4374 522 4430 sibi
531 4375 613 4431 initia
627 4377 754 4433 consevit
765 4381 793 4433 et
803 4379 920 4435 exordia
929 4381 1023 4436 carnis
1072 4380 1248 4450 hominibus,
1260 4379 1369 4450 negabo
1379 4386 1408 4435 et
1420 4396 1473 4452 ego
1487 4395 1554 4434 eum
1563 4393 1660 4434 coram
1669 4378 1755 4432 Patra
1764 4391 1830 4434 mco
1839 4371 1886 4448 qul

207 4466 338 4536 instituit,
351 4472 384 4524 ut
398 4468 485 4525 homo
503 4469 595 4524 lactus
613 4486 646 4526 cr
661 4470 777 4543 Virgine
796 4475 928 4528 naturam
947 4475 977 4530 in
993 4492 1023 4530 sc
1073 4475 1104 4530 in
1118 4473 1195 4530 coelis
1213 4477 1256 4528 est
1268 4472 1376 4543 (llottlr.
1390 4490 1419 4540 x,
1434 4474 1478 4540 32,
1493 4474 1548 4545 33).
1565 4494 1579 4522 a
1600 4472 1663 4526 llaec
1682 4469 1804 4526 verbum
1825 4483 1887 4525 caro

207 4561 299 4618 curnis
322 4562 470 4635 acciperet,
489 4580 541 4635 per
552 4581 649 4636 guam
672 4564 756 4637 hujus
781 4567 957 4624 admistionis
977 4586 1022 4624 so·
1073 4568 1178 4624 factum
1190 4566 1359 4638 loquebatur
1374 4569 1403 4622 et
1419 4567 1505 4621 homo
1519 4566 1600 4621 lesus
1613 4562 1744 4621 Christus
1757 4559 1887 4620 Dominus

207 4655 336 4711 cietatem
361 4656 566 4714 sanctificatum
589 4658 618 4713 in
642 4673 675 4713 eo
696 4659 819 4715 universi
841 4661 960 4717 humani
974 4679 1022 4734 ge·
1073 4661 1227 4732 majestatis
1249 4661 1376 4728 docebat,
1392 4659 1531 4715 mediator
1544 4660 1606 4731 ipse
1621 4658 1652 4715 in
1669 4674 1700 4713 sc
1718 4657 1886 4713 adsalutem

209 4749 286 4805 neris
300 4750 614 4823 commensuretur,
629 4753 874 4826 quemadmodum
887 4757 1023 4811 omnesin
1073 4754 1203 4811 Ecclesiae
1217 4754 1396 4821 constitutus,
1413 4756 1442 4808 ct
1459 4754 1520 4826 ipso
1533 4752 1583 4808 illo
1597 4751 1674 4807 inter
1686 4752 1782 4808 Deum
1796 4753 1825 4807 et
1837 4748 1884 4805 ho·

209 4842 1023 4917 ipsoperidquodcorporeumsaessevoluitconderentur‚
1074 4849 1166 4906 mines
1189 4847 1354 4904 mediatoris
1374 4850 1550 4902 sacramento
1572 4852 1726 4918 utrumque
1742 4860 1818 4901 unus
1832 4840 1883 4899 exi-

208 4934 249 4992 ita
263 4952 375 4992 rursum
387 4937 417 4992 in
429 4954 528 4994 omnes
540 4939 611 5012 ipsc,
621 4958 672 5013 per
686 4942 715 4997 id
729 4941 808 5014 quod
821 4941 882 5014 ejus
892 4945 944 5010 est,
957 4942 1026 4998 invi·
1075 4946 1153 4999 stens
1171 4943 1240 4998 dum
1259 4943 1319 5014 ipse
1342 4957 1377 4996 ex
1401 4940 1487 4996 unitis
1506 4941 1536 4995 in
1559 4939 1682 5012 idipsum
1704 4937 1823 5008 naturis,
1836 4950 1884 4992 na·

210 5029 291 5085 sibile
305 5029 470 5086 referretur.
485 5032 534 5087 Dei
548 5033 637 5104 igitur
650 5034 745 5106 imago
767 5034 916 5091 invisibilis
931 5037 1025 5109 pudo·
1075 5042 1146 5092 turre
1159 5037 1306 5108 utriusque
1320 5051 1364 5090 res
1386 5034 1486 5090 eadem
1502 5038 1553 5104 est,
1568 5033 1607 5090 ita
1626 5038 1727 5089 tamen
1742 5037 1775 5088 nt
1790 5033 1884 5087 neutro

210 5138 273 5180 rem
287 5123 405 5179 humani
413 5124 523 5181 exordii
537 5142 593 5181 non
606 5129 755 5196 recusavit,
767 5132 796 5184 et
808 5146 860 5202 per
869 5131 1027 5202 conceptio·
1076 5135 1183 5186 careret
1213 5129 1243 5186 in
1272 5134 1405 5201 utroque,
1437 5145 1472 5184 ne
1500 5127 1571 5184 lorte
1602 5127 1675 5183 Deus
1710 5142 1775 5182 esse
1805 5125 1884 5181 hono

212 5235 279 5274 nem
306 5220 421 5290 patrum
439 5219 567 5291 vagitum
586 5224 614 5276 et
634 5238 731 5291 crinas,
744 5239 900 5295 omnesque
922 5183 1066 5281 nostraeD
1076 5224 1219 5280 nascendo
1227 5222 1378 5291 desineret,
1390 5227 1419 5278 et
1429 5222 1517 5277 homo
1527 5236 1642 5277 rursum
1656 5220 1731 5277 Deus
1744 5214 1883 5276 manendo

210 5317 321 5370 nature
344 5312 530 5368 contumelias
551 5315 730 5372 transcurrit.
747 5315 820 5381 Quid
843 5318 960 5373 tandem
983 5318 1026 5374 di·
1077 5335 1134 5373 non
1154 5321 1234 5373 esset.
1256 5318 1321 5372 llaec
1341 5317 1436 5390 itaque
1457 5315 1591 5371 humane
1609 5312 1799 5370 beatitudinis
1820 5308 1883 5367 aaa

212 5422 301 5479 girum
314 5404 419 5461 anobis
429 5408 515 5461 tantae
529 5406 704 5478 dignationis
716 5408 821 5465 affectu
836 5411 1028 5482 rependetur?
1077 5415 1199 5481 veraest,
1208 5412 1298 5466 licum
1309 5410 1495 5467 ethomiuem
1504 5407 1884 5481 praedicaraverbumetcar·

212 5499 413 5557 inenarrabilis
428 5516 497 5572 ergo
513 5517 529 5555 a
544 5500 601 5556 Deo
624 5500 743 5574 originis
764 5520 839 5559 unus
862 5505 1027 5577 unigenitus
1076 5521 1144 5561 nem
1156 5504 1294 5575 confiteri,
1308 5521 1404 5576 neque
1417 5505 1509 5559 Deum
1522 5502 1633 5557 neacho
1651 5501 1728 5575 quod
1742 5502 1829 5558 hemo
1842 5497 1882 5566 sit,

213 5594 287 5650 [leus
306 5594 336 5650 in
361 5593 486 5666 corporis
506 5593 627 5649 humani
641 5594 763 5650 formam
785 5600 888 5653 sanctas
901 5599 1027 5670 Virginis
1075 5615 1169 5671 neque
1183 5614 1299 5655 carnem
1312 5598 1445 5669 ignorare
1460 5597 1537 5669 quod
1546 5597 1669 5653 Verbum
1680 5595 1728 5652 sit.
1744 5596 1831 5652 Natus
1838 5589 1883 5665 igi

212 5691 295 5743 utero
312 5688 436 5743 insertus
454 5687 597 5759 accrescit,
612 5689 661 5760 qui
684 5691 781 5746 omnia
800 5691 937 5762 continet,
953 5693 1027 5749 intra
1075 5699 1123 5749 tur
1137 5692 1301 5765 unigenitus
1315 5692 1389 5746 Deus
1403 5709 1435 5747 ex
1449 5691 1564 5763 Virgine
1579 5691 1676 5760 homo,
1690 5692 1719 5746 et
1735 5686 1884 5745 secundum

197 5782 323 5849 quemct
327 5795 480 5850 perquem
488 5783 793 5840 cunetasuuthumani
803 5786 1025 5860 prolectus,legc
1075 5787 1282 5860 plenitudinem
1295 5789 1457 5858 temporum
1471 5785 1502 5840 in
1517 5784 1671 5860 semetipso
1685 5778 1883 5859 pmruturusu
