3870 6150
121 235 173 291 ase
562 235 704 290 urano.
724 234 769 291 ao
787 222 868 291 secl
889 230 933 288 rx.
948 260 984 272 -
1000 231 1127 317 rainoni
1146 230 1359 308 sanceronis
1538 208 1543 216 '
1750 234 1804 287 sao

121 343 244 399 Casium.
256 339 438 395 Dithrouium
453 341 584 409 fratrem,
598 342 755 413 Simonem,
764 348 793 399 et
806 347 932 410 caeteros,
944 350 974 424 Α
984 340 1087 395 minari
1107 340 1212 396 vertice
1228 337 1393 410 apostolico,
1412 338 1494 410 eujus
1511 341 1623 393 vetusta
1643 336 1807 394 sollicitudo

121 438 294 509 inquantum
309 439 359 491 tua
373 438 478 507 poterit
493 437 666 492 conscientia
677 438 713 493 de
726 456 788 508 unx,
804 437 934 492 invenire
985 437 1037 503 est,
1060 439 1118 489 tam
1132 433 1208 489 mala
1227 432 1372 499 damnare,
1398 447 1485 504 quam
1506 432 1632 488 revelare
1649 431 1805 488 laudanda.

121 532 240 604 vestigia
250 532 332 589 nobis
343 532 527 588 transmittas.
541 533 608 587 Peto
622 532 708 587 etiam
723 535 802 587 tuam
816 531 936 587 ebarita-
985 531 1115 604 Antiquis
1128 532 1206 590 euim
1222 529 1329 603 regulis
1338 529 1479 586 censitum
1492 533 1544 595 est,
1560 534 1591 584 nt
1601 529 1745 601 quidquid
1758 529 1809 586 ho-

120 629 189 695 tem,
200 632 242 696 ut,
253 627 469 683 sicutarectore
480 630 529 681 tuo
541 626 701 682 Alexandro
715 625 883 697 coepiscopo
896 625 937 680 di·
986 642 1051 681 rum
1072 625 1201 698 quamvis
1222 625 1252 679 in
1271 624 1389 680 remotis
1410 623 1455 678 vel
1478 622 1508 678 in
1528 622 1689 694 longinquo
1707 624 1807 696 positis

122 719 224 788 dicisti,
238 720 408 792 Gregorium
426 719 606 792 psallentiam
621 720 658 774 ad
677 724 729 775 n⁴os
749 718 873 791 dirigere
885 721 936 774 tua
985 722 1117 791 ageretur
1133 719 1294 791 provinciis,
1310 734 1367 773 nou
1386 717 1465 790 prius
1479 715 1664 771 tractandum
1679 718 1724 771 vel
1736 717 1805 772 acei-

121 814 284 870 iratemitas
297 814 462 883 delectetur,
472 814 540 885 quia
551 816 640 870 tantae
650 814 725 886 apud
738 830 790 869 nos
803 812 937 884 simplici·
985 812 1121 884 piendum
1136 813 1181 881 sit,
1192 811 1289 867 nisiad
1302 811 1433 866 notitiam
1445 811 1528 865 almae
1541 809 1617 865 sedis
1626 809 1804 865 venroefuis·

121 907 188 963 tatis
198 908 303 980 indago
312 911 363 975 est,
379 911 535 964 attentum
550 907 580 963 in
593 907 639 963 die
655 907 802 963 Domiuieo
817 906 937 978 apostoli
987 910 1028 961 set
1041 906 1203 971 deductum,
1221 908 1251 959 ut
1265 905 1326 975 ejus
1340 904 1506 959 auctoritate
1515 904 1600 975 juxta
1614 903 1695 975 quod
1710 903 1806 959 luisset

122 1000 242 1072 epistola
254 1018 312 1056 una
325 1001 469 1070 recitetur,
481 1007 508 1057 et
522 1001 666 1073 Evangelii
679 1000 832 1073 capitulum
846 1016 936 1055 unum
986 1000 1204 1072 pronuntiatum
1220 1000 1390 1065 firmaretur,
1406 999 1436 1052 et
1451 997 1563 1069 reliqua
1576 997 1724 1053 multoties
1741 997 1805 1052 talia

123 1094 243 1163 dicatur,
258 1111 309 1150 nec
321 1094 460 1166 psallendi
473 1098 667 1164 mostenetur,
676 1110 729 1150 nee
742 1094 841 1165 hymni
852 1095 938 1150 decus
988 1097 1016 1147 et
1029 1094 1074 1148 his
1087 1092 1199 1162 similia,
1213 1109 1277 1163 quae
1290 1091 1430 1164 superbis
1441 1090 1595 1146 constituta
1606 1095 1693 1160 sunt;
1706 1090 1803 1163 quibus

124 1187 154 1243 in
176 1193 273 1243 nostro
292 1204 341 1243 ore
363 1188 554 1260 cognoscitur.
568 1191 636 1244 Peto
657 1204 726 1260 ergo
749 1206 802 1261 per
818 1189 938 1245 fratrem
988 1187 1012 1241 si
1024 1187 1122 1241 illicite
1135 1186 1240 1241 laetum
1255 1190 1308 1253 est,
1326 1189 1356 1240 ut
1368 1201 1482 1256 semper
1494 1189 1594 1240 restra
1613 1183 1675 1239 sedi
1688 1200 1802 1239 eonsue-

125 1280 390 1352 compresbyterum
406 1283 535 1343 nostrum
545 1272 776 1351 ¹Boniiaeium,ut
786 1281 871 1337 libeat
885 1284 939 1337 ira·
988 1280 1057 1336 tudo
1078 1280 1142 1346 luit,
1168 1279 1339 1334 festinanter
1360 1278 1499 1334 occurrite
1519 1282 1546 1333 et
1561 1276 1606 1332 his
1624 1277 1758 1344 uiriliter,
1777 1281 1803 1334 ut

124 1373 252 1429 tenuitati
276 1376 332 1429 tute
355 1374 439 1429 nobis
459 1375 570 1446 aperire
590 1375 717 1445 vestigia.
738 1375 819 1430 llissa
837 1375 938 1446 quinto
988 1378 1069 1446 pater
1089 1389 1142 1444 pro
1164 1372 1228 1428 liliis
1248 1375 1400 1441 certantes,
1423 1375 1493 1426 state
1513 1371 1587 1425 sicut
1606 1371 1682 1427 bene
1705 1371 1800 1439 atesu,

125 1466 242 1524 Kalend.
256 1467 392 1523 Novemb.
407 1483 459 1540 per
472 1468 649 1524 Bonilacium
662 1468 862 1540 presbyterum
878 1467 940 1525 Hie·
989 1468 1048 1522 filio
1062 1466 1170 1535 Sirach,
1185 1465 1293 1521 dietum
1313 1467 1365 1532 est,
1379 1487 1393 1514 a
1412 1464 1507 1535 Usque
1519 1464 1555 1519 ad
1569 1461 1668 1536 162
1689 1466 1800 1519 mortem

125 1577 290 1633 ronymum.
990 1565 1066 1617 certa
1080 1577 1132 1633 pro
1145 1560 1262 1615 veritate
1277 1561 1306 1613 et
1318 1574 1430 1630 semper
1444 1557 1580 1613 Dominus
1596 1558 1673 1611 Deus
1684 1559 1751 1611 tuus
1760 1573 1799 1628 pe·

126 1692 294 1762 Desera'ptum
311 1693 470 1760 Hieronymi
487 1691 639 1763 presbyteri
657 1691 695 1746 od
717 1694 864 1747 Damasum
886 1707 938 1762 po·
951 1719 979 1791 B
991 1655 1088 1728 &nabit
1100 1670 1152 1726 pm
1166 1656 1194 1757 tf
1209 1642 1302 1724 (Μ’
1321 1668 1359 1719 ¹v'
1374 1651 1428 1723 ³3).
1444 1672 1459 1700 '’
1480 1673 1494 1701 “
1508 1651 1643 1756 Acci&
1657 1650 1735 1705 enim
1748 1666 1796 1722 Μ’

159 1778 235 1833 pam,
250 1763 298 1817 ebs·
315 1765 436 1831 suppetet
456 1763 490 1817 ας
509 1762 605 1817 Gloria
617 1761 704 1829 patri,
719 1767 744 1818 ee
763 1761 893 1827 Alleluia,
910 1765 941 1817 i„
990 1765 1091 1805 sonam
1114 1747 1194 1820 impii
1209 1763 1267 1802 uon
1282 1749 1325 1801 est
1337 1746 1457 1815 bonum,
1473 1747 1506 1800 nt
1520 1744 1647 1800 declines
1661 1760 1679 1800 a
1695 1744 1797 1799 veritate

161 1836 214 1902 llne
232 1835 397 1904 psalmorum
421 1835 497 1905 apud
520 1836 668 1890 Romanam
681 1835 828 1890 Ecclesiam
850 1835 939 1890 coam·
987 1838 1426 1914 judieiitProo.xv111,5).aSiu
1439 1838 1645 1894 miuusillicita
1661 1838 1794 1904 sunthec,

161 1905 258 1959 uem·
991 1939 1086 2009 pateat
1097 1935 1177 1991 nobis
1187 1935 1252 1989 talis
1263 1932 1396 1989 omnibus
1407 1932 1530 2003 licentia,
1546 1931 1712 1987 beatissime
1721 1932 1792 1998 Pater,

161 2020 329 2078 Beatissimo
354 2037 435 2093 pape
456 2023 565 2076 Drauso
586 2021 661 2077 sedis
681 2021 844 2094 apostolicae
864 2021 942 2077 urbis
991 2036 1040 2087 ast
1054 2031 1076 2085 si
1099 2031 1181 2085 liceat
1202 2029 1253 2083 hos
1273 2028 1319 2082 rel
1339 2026 1449 2098 aliquos
1470 2026 1557 2081 etiam
1579 2026 1727 2081 minorum
1744 2041 1792 2096 gu·

128 2115 225 2170 Rom&
238 2115 424 2170 HIEROWUS·
992 2126 1081 2181 dnum
1094 2123 1209 2180 clericos
1221 2121 1276 2177 nisi
1289 2121 1427 2176 canonice
1443 2123 1574 2192 tempore
1587 2118 1719 2192 legitimo
1731 2134 1789 2174 roce-

162 2207 286 2279 ειΨΡῙθΧ
300 2207 357 2278 ¹085
370 2207 481 2263 litteras
495 2208 668 2278 ³D⁰⁵l⁰l⁸l¹1⁸
678 2206 766 2262 V0⁸t¹l⁹
781 2212 941 2278 P⁰⁵⁰011l082
992 2222 1046 2287 tos,
1060 2223 1110 2274 aut
1122 2218 1182 2272 sine
1197 2214 1333 2287 legitimis
1349 2213 1559 2269 accusatoribus
1578 2217 1631 2268 aut
1646 2213 1748 2285 absque
1757 2227 1789 2267 re·

128 2300 285 2356 Secundum
301 2299 511 2372 8ἱῐῐψῙῑΰῆθῑθῐῦ
524 2301 586 2356 LXX
597 2301 799 2372 mmmmm,
808 2316 941 2369 mnes,
992 2313 1031 2368 ris
1044 2316 1072 2368 et
1085 2310 1283 2366 innocentibus
1296 2308 1424 2375 testibus,
1441 2308 1483 2362 vel
1498 2306 1553 2361 nisi
1567 2306 1719 2361 manifeste
1730 2322 1789 2361 eane

32 2462 34 2466 ‚
128 2393 379 2467 psalmographum
394 2394 580 2466 interpretari
592 2394 724 2450 festinem
740 2396 856 2466 propter
868 2393 944 2449 fasti·
992 2406 1055 2462 nice
1077 2405 1219 2460 convictos
1245 2406 1293 2457 aut
1320 2416 1433 2473 semper
1465 2400 1619 2470 contessos,
1647 2399 1690 2454 vel
1714 2398 1788 2454 asnis

128 2487 206 2543 dium
221 2487 416 2542 Romanorum
431 2489 464 2542 ul
478 2487 528 2543 ubi
542 2486 701 2543 obscuritas
715 2487 844 2559 impedit,
859 2503 943 2559 aper·
993 2498 1106 2555 sedibus
1120 2498 1225 2569 ejectos
1244 2499 1295 2551 aut
1307 2494 1364 2550 suis
1378 2493 1548 2566 exspoliatos
1564 2492 1650 2548 rebus
1668 2489 1787 2548 voeareed

61 2603 67 2619 =
128 2581 184 2636 tius
197 2583 226 2636 et
237 2581 333 2636 Groeee
345 2583 374 2637 et
387 2581 485 2637 Latine
501 2580 635 2637 trahatur
647 2597 756 2636 sensus.
771 2580 864 2636 Cliens
875 2597 944 2653 pre·
994 2587 1146 2660 synodum,
1157 2587 1202 2641 vel
1213 2586 1363 2650 damnare,
1377 2583 1445 2656 quie
1457 2583 1582 2656 legimus
1596 2599 1647 2639 eos
1659 2598 1715 2637 non
1727 2595 1787 2653 posse

128 2679 210 2730 eatur
224 2690 294 2746 ergo
311 2677 377 2730 tuus
389 2678 423 2729 ut
436 2692 492 2731 vox
506 2674 560 2730 ista
576 2674 761 2747 psallentium
771 2674 801 2729 in
815 2673 882 2730 sede
894 2678 945 2730 tua
995 2681 1131 2736 canonice
1152 2681 1186 2735 ad
1202 2679 1343 2751 synodum
1360 2681 1425 2732 ante
1447 2694 1529 2733 suam
1544 2677 1595 2732 diu
1615 2675 1755 2731 tenendam
1768 2677 1788 2728 et

130 2769 257 2824 Romana
281 2769 326 2824 die
349 2770 492 2841 noctuque
511 2772 637 2837 canatur,
650 2772 679 2824 et
692 2768 722 2823 in
740 2767 829 2823 finem
843 2767 945 2840 psalmi
995 2771 1340 2847 gubernandam,riribus
1357 2769 1464 2825 scilicet
1474 2769 1599 2842 pleniter
1609 2767 1787 2839 resumptisre

129 2861 281 2933 cujuslibet
293 2862 350 2919 sive
363 2862 513 2918 matutinis
530 2862 576 2917 vel
596 2861 766 2933 vespertinis
787 2860 866 2917 horis
881 2877 947 2917 oon·
995 2868 1182 2934 stitutionem,
1196 2866 1310 2937 suisque
1318 2864 1452 2921 omuibus
1466 2863 1519 2918 sibi
1528 2863 1660 2935 legaliter
1668 2857 1786 2925 restitutis,

127 2955 211 3028 jungi
223 2955 369 3029 precipiat
382 2955 557 3028 apostolatus
567 2955 609 3010 tui
622 2953 710 3010 ordo:
725 2956 819 3013 Gloria
832 2957 912 3011 Patri
921 2959 946 3012 et
995 2960 1179 3033 integerrime
1194 2959 1298 3025 vocari,
1315 2961 1364 3013 aut
1377 2961 1409 3011 ut
1421 2956 1537 3012 veniant
1546 2956 1583 3011 ad
1598 2949 1787 3028 synodumnisi

129 3051 198 3106 Ft'lio
222 3051 385 3120 aspirem·
410 3054 514 3115 sanctos
535 3051 564 3104 et
586 3047 708 3120 reliqua.
731 3048 809 3104 lstud
831 3064 945 3104 carmen
996 3058 1096 3126 sponte
1115 3052 1257 3108 voluerint
1274 3050 1421 3124 imperari.
1438 3051 1512 3104 Deus
1533 3065 1603 3121 ergo
1624 3051 1786 3103 creatorem·

129 3143 223 3198 laudis
236 3142 314 3197 omni
329 3144 439 3214 psalmo
453 3142 589 3214 conjungi
602 3141 762 3213 praecipias,
772 3141 882 3198 utfldes
894 3145 947 3198 ele
998 3148 1078 3203 nium
1094 3149 1240 3202 conservet
1253 3143 1623 3217 longaevumapostolatum
1636 3145 1752 3197 vestmm
1763 3133 1787 3190 ad

131 3236 329 3308 episcoporum
341 3236 447 3292 Nieaeni
460 3235 573 3293 concilii
587 3235 618 3290 in
632 3239 726 3290 vestro
739 3252 789 3290 ore
806 3235 869 3308 pari
881 3252 948 3292 eon·
997 3241 1178 3298 stabilitatem
1200 3238 1386 3295 Ecclesierum
1406 3238 1580 3306 sanctarum,
1600 3240 1629 3291 et
1651 3232 1789 3290 orthodoxe

131 3330 218 3387 sertio
233 3328 401 3385 declaretur.
415 3330 468 3386 Ubi
482 3335 580 3386 autem
595 3330 671 3387 Deus
685 3332 713 3384 et
727 3329 813 3385 homo
828 3329 948 3385 honore·
996 3335 1074 3402 fidei,
1090 3350 1197 3405 vosque
1208 3336 1352 3404 pastorem
1364 3331 1482 3401 bonum,
1493 3329 1543 3402 qui
1557 3328 1743 3400 spiritualibus
1750 3337 1786 3397 pro

131 3424 179 3479 bili
200 3440 270 3479 voce
289 3427 432 3491 cantatur,
449 3425 569 3480 Alleluia
589 3438 702 3495 semper
724 3439 790 3478 cum
813 3423 948 3479 omnibus
998 3430 1097 3486 ovibus
1109 3431 1233 3483 vestram
1245 3425 1501 3498 ponitisenimam,
1514 3428 1598 3494 atque
1611 3422 1789 3493 haeutopate

131 3518 248 3588 psalmis
260 3517 405 3588 affigatur,
422 3522 453 3573 ut
463 3517 541 3573 omni
554 3517 616 3573 loco
627 3516 819 3572 communiter
831 3533 948 3589 respon·
997 3523 1049 3578 rati
1068 3524 1150 3594 lupos
1161 3536 1275 3591 rapaces
1292 3517 1443 3590 expellitis,
1466 3515 1656 3587 omnibusque
1676 3507 1789 3588 oppressi!

132 3610 233 3666 deatur
247 3612 393 3667 nocturnis
405 3609 590 3684 temporibus.
601 3612 632 3666 ln
642 3610 767 3666 Ecclesia
775 3612 874 3665 autem
883 3616 949 3682 post
997 3616 1132 3672 auxilium
1153 3613 1242 3681 tertis,
1262 3611 1337 3685 quod
1361 3614 1391 3666 et
1412 3609 1473 3665 istis
1499 3613 1586 3681 atque
1611 3607 1736 3663 omnibus
1755 3615 1789 3656 ur

132 3705 370 3762 resurrectionem
385 3721 475 3778 usque
499 3707 624 3760 sanctam
646 3706 842 3759 Pentecostem
862 3703 947 3760 finia-
998 3726 1110 3782 semper
1122 3709 1215 3764 tacere
1234 3710 1376 3777 optamus,
1391 3702 1567 3759 sanctissime
1590 3718 1675 3774 papa.
1689 3693 1790 3757 seham·

131 3803 188 3867 tur,
203 3799 279 3855 inter
292 3799 402 3856 dierum
424 3815 490 3855 vero
511 3799 611 3871 spatie,
627 3799 678 3854 uti
689 3800 750 3862 soti,
768 3798 949 3872 Quinquage·
998 3804 1056 3876 ptio
1069 3820 1104 3858 ex
1116 3803 1171 3857 alia
1182 3817 1282 3856 manu.
1297 3799 1354 3855 Dra
1372 3814 1425 3870 pro
1438 3797 1530 3866 nohis,
1545 3795 1710 3852 charissime
1720 3793 1788 3849 Pater·

10 3910 16 3917 ·
131 3891 209 3948 simae
223 3896 339 3965 propter
357 3893 513 3950 ueritatem
535 3891 624 3948 saneti
644 3892 770 3961 Paschae,
784 3898 881 3949 utvor
896 3892 949 3948 ista
1139 3897 1278 3966 Rescripta
1291 3895 1401 3949 Damasi
1411 3891 1672 3963 popaedeosdem.

132 3985 221 4043 laudis
233 3990 353 4042 canatur
372 3986 402 4041 in
418 3986 521 4058 Aleph,
536 3986 613 4058 qnod
624 3986 763 4058 prologus
776 3987 882 4053 Graece,
896 3985 947 4040 La·
1033 3985 1506 4055 Dsnssns,servusservorurn1)ei,
1527 3989 1614 4056 atqua
1627 3999 1680 4055 per
1697 3978 1789 4055 gratim

132 4079 191 4134 tine
202 4084 300 4136 autem
312 4081 444 4150 praefatio
458 4079 571 4135 dicitur.
998 4085 1058 4156 ejus
1090 4083 1236 4155 episeopus
1268 4083 1373 4134 sanctae
1407 4078 1553 4135 catholicae
1577 4077 1709 4133 Ecclesia
1735 4067 1789 4127 artis

133 4205 257 4276 Epistola
270 4203 303 4259 St
337 4203 405 4258 toni
421 4203 618 4274 archiepiscopi
634 4209 660 4259 et
676 4206 759 4259 trium
775 4204 949 4259 eonatiorum
998 4181 1107 4244 ΗΘΜ,
1123 4176 1261 4279 Srmmuo
1275 4172 1489 4276 archiepiscopo
1503 4170 1618 4276 concilii
1633 4169 1789 4274 uentilante.

167 4276 271 4342 noae
332 4277 481 4330 Damasum
490 4290 604 4346 popam,
619 4275 652 4330 de
664 4276 809 4345 privilegio
823 4278 950 4333 Romane
1000 4275 1029 4328 et
1052 4271 1188 4327 universis
1214 4267 1355 4340 episcopis
1376 4266 1517 4322 dineanae
1539 4279 1703 4336 provinciae.
1725 4258 1791 4317 uolt

168 4346 250 4402 mm·
998 4364 1187 4422 fraternitatis
1199 4365 1299 4419 vestrae
1316 4360 1430 4427 litteris,
1444 4358 1537 4431 primo
1551 4357 1657 4429 gratias
1670 4371 1721 4428 ago
1735 4343 1791 4424 quod

170 4461 334 4518 Beatissimo
351 4461 472 4517 Domino
494 4463 523 4517 et
541 4460 697 4533 apostolico
715 4461 841 4519 culmine
861 4457 1143 4532 aebli-Dtautorum
1167 4458 1287 4512 fratrum
1308 4454 1402 4510 merui
1415 4451 1615 4509 benedictione
1635 4451 1702 4521 frui,
1717 4441 1791 4502 aaut

133 4561 221 4627 mato,
236 4560 332 4612 saneto
346 4556 424 4613 Patri
434 4557 562 4624 Petrum,
575 4557 687 4611 Dauaso
697 4572 789 4628 pape,
798 4559 828 4612 et
836 4571 949 4612 summo
999 4555 1076 4626 quod
1094 4552 1166 4607 eirca
1179 4552 1281 4607 iratres
1303 4548 1434 4605 sollicitos
1456 4563 1506 4602 ros
1521 4546 1628 4617 reperi,
1651 4549 1680 4601 et
1700 4535 1792 4598 eonati⁵

134 4650 265 4707 omnium
280 4651 435 4722 presulum
453 4649 593 4722 pontifici,
610 4648 770 4706 Sreeuauos
792 4649 948 4722 archiepis·
1000 4663 1112 4704 enicem
1124 4644 1239 4700 Domini
1247 4641 1412 4713 delerrequi
1421 4640 1461 4696 ait
1472 4657 1479 4696 ι
1490 4661 1504 4690 a
1516 4639 1569 4706 Qui
1577 4638 1639 4694 vult
1651 4636 1740 4695 venue
1748 4627 1792 4704 post

133 4760 221 4816 copus
243 4744 355 4799 concilii
375 4742 558 4811 llauritaniae,
574 4747 602 4799 et
624 4743 748 4800 universi
770 4743 949 4816 episcopide
999 4758 1046 4797 me
1066 4741 1190 4810 abneget
1209 4737 1403 4810 semetipsum,
1424 4737 1453 4791 et
1465 4734 1548 4789 tollat
1562 4749 1678 4789 erucem
1694 4719 1791 4786 suasett

133 4837 225 4893 tribus
236 4838 360 4893 conciliis
376 4837 513 4893 Africanae
529 4837 692 4910 provinciae.
1000 4839 1134 4907 sequatur
1150 4849 1198 4889 me
1214 4832 1322 4905 (Mottlr.
1340 4846 1394 4898 rvr,
1409 4827 1465 4900 ll),
1477 4849 1492 4879 u
1511 4831 1541 4884 et
1562 4826 1675 4899 reliqua
1690 4823 1724 4880 ad
1736 4820 1790 4911 huni

168 4931 274 4987 Notum
296 4937 396 4988 vestra
413 4931 534 4987 iacimus
548 4931 718 4988 beatitudini
739 4933 816 5004 quod
830 4930 949 5003 quidam
999 4929 1117 4984 modum
1144 4925 1327 4999 pertinentia.
1357 4922 1448 4995 igitur
1482 4919 1597 4994 wando
1628 4920 1660 4976 in
1688 4907 1790 4991 pretet¹1

133 5025 235 5081 tratres
247 5025 278 5080 ln
293 5025 417 5082 confinio
437 5025 520 5081 nobis
534 5025 617 5098 positi
632 5026 769 5097 quosdam
781 5026 882 5081 iratres
897 5041 949 5080 no·
1000 5026 1160 5094 opportune
1175 5024 1319 5093 gestorum
1333 5014 1540 5073 consultatione
1553 5005 1791 5099 apostatasset}

133 5124 216 5190 atros,
231 5119 409 5175 venerabiles
430 5119 563 5175 videlieet
581 5119 738 5192 episcopos,
753 5118 832 5174 vobis
849 5117 949 5173 incon·
1000 5116 1144 5172 beatitudo
1167 5113 1322 5169 visceribus
1341 5114 1485 5168 commota
1503 5124 1556 5164 nos
1574 5108 1689 5164 hortata
1702 5104 1745 5168 est,
1756 5101 1791 5151 ¹¹¹¹·

134 5212 242 5269 sultisa
258 5212 372 5285 proprio
386 5212 521 5286 dejiciunt
528 5213 632 5284 gradu,
642 5213 686 5267 vel
697 5212 817 5284 dejicere
827 5212 949 5268 moliun·
1000 5211 1108 5266 tionem
1122 5209 1244 5264 fratrum
1262 5205 1414 5279 apostolica
1428 5181 1791 5276 impendereauctou'talt,el

132 5312 189 5377 tur,
205 5324 272 5364 cum
285 5311 387 5364 restra
406 5307 468 5364 sedi
486 5307 686 5380 episcoporum
696 5305 814 5378 judicia,
828 5308 857 5362 et
871 5321 949 5361 sum-
1001 5321 1100 5360 eorum
1120 5300 1232 5374 iniuriis
1250 5299 1411 5367 subvenire,
1432 5297 1503 5352 dum
1525 5297 1636 5351 constet
1650 5292 1743 5349 eadem
1759 5285 1792 5334 ’θ’

132 5401 340 5458 morumtlnem
348 5401 604 5458 ecelesiasticorum
613 5400 796 5473 negotiorum
804 5399 951 5456 inhonore
1001 5381 1792 5470 eumapostolocompassibiliterdicere:Quisinfirmattlr

130 5495 287 5552 beatissimi
304 5495 380 5551 Patri
402 5496 520 5552 Petrum
541 5494 656 5552 decreta
669 5493 799 5549 omnium
819 5496 952 5550 cunctam
1001 5497 1030 5550 et
1052 5509 1107 5564 ego
1132 5507 1190 5547 non
1213 5490 1345 5545 infirmor
1374 5485 1437 5558 quis
1464 5480 1674 5540 scandalizatur
1705 5482 1731 5533 et
1753 5476 1795 5570 11⁰·n

133 5604 275 5645 reservare
293 5588 477 5656 sententiam,
493 5588 657 5661 inquirendi
674 5586 836 5643 reverentia
850 5587 885 5644 de
900 5587 952 5645 Dei
1001 5585 1090 5643 uror?
1112 5586 1150 5659 (ll
1161 5585 1222 5642 Cor.
1237 5601 1277 5655 11,
1293 5582 1337 5653 29)
1360 5581 1523 5652 satagentes
1540 5591 1577 5633 aa
1600 5573 1704 5648 aliquis
1718 5569 1749 5628 de
1766 5565 1797 5619 tu

134 5681 227 5751 rebus,
238 5698 308 5754 quas
319 5681 399 5737 omni
414 5698 483 5737 eura
497 5685 526 5737 et
542 5679 730 5736 sollieitudine
741 5681 891 5738 observare
905 5683 954 5739 de·
1002 5680 1051 5754 qui
1065 5679 1144 5736 vobis
1162 5677 1263 5735 crediti
1275 5680 1340 5733 sunt
1358 5692 1377 5730 a
1396 5673 1479 5730 saevis
1491 5669 1589 5728 bedu
1602 5670 1748 5732 merem,
1764 5655 1799 5716 ὦ

135 5772 246 5831 bemus.
260 5774 382 5833 lanima
395 5792 463 5833 vero
478 5775 583 5835 debent
596 5775 632 5830 ab
646 5774 707 5849 ipso
720 5776 875 5852 presulum
889 5793 952 5835 exa·
997 5774 1197 5848 capiatur,pro
1205 5767 1641 5847 qraereoportetjnxtarestmm
1650 5759 1804 5838 prudentem
