3870 6150
130 242 171 293 :tot
756 248 992 305 llECltEThLli'll
1012 251 1202 305 tritta-:Clio
1761 254 1811 309 :tili

124 348 201 416 justa
216 364 270 402 nos
284 346 427 417 homines,
444 351 492 405 sed
506 353 582 406 velut
595 354 717 409 alterum
733 361 837 427 praeter
848 359 941 428 ipsum
952 371 982 442 Α
992 359 1122 426 ibriones,
1141 364 1191 412 aut
1208 358 1262 413 ulia
1278 359 1395 414 vulnera
1413 356 1579 429 susceperit,
1599 359 1673 415 [leus
1687 377 1809 433 namque

127 438 283 510 specialiter
294 442 444 497 hominem
458 461 490 498 cx
502 447 641 516 mulierc3
655 453 703 503 aut
717 450 765 520 qui
782 450 853 504 dixit
865 451 940 522 quod
990 450 1180 523 incorporatis
1193 455 1220 505 ct
1234 455 1314 505 extra
1324 451 1485 521 passionem
1501 455 1553 520 est,
1565 452 1615 506 sed
1630 453 1696 522 quia
1708 470 1810 524 corpus

126 549 172 603 pro
191 549 222 588 se
241 533 390 591 obtulisset
410 539 595 609 semetipsum
623 541 795 597 oblationem
826 550 855 598 et
882 560 940 599 non
989 543 1060 598 illud
1081 543 1157 615 quod
1185 544 1274 614 ipsius
1295 544 1444 614 proprium
1470 545 1575 599 sactum
1594 549 1637 598 est
1655 544 1708 599 hoc
1725 547 1809 601 susti·

126 625 217 697 potius
235 642 289 698 pro
313 628 396 683 nohis
417 629 493 700 solis,
519 648 576 686 non
597 635 675 688 enirn
693 635 773 706 eguit
797 635 939 692 oblatione
991 637 1062 691 uuit.
1086 638 1150 693 ldeo
1170 638 1230 692 haec
1250 637 1346 692 omnia
1364 653 1416 708 pro
1434 637 1597 708 nobisipsis
1616 637 1719 693 dieitur
1742 655 1807 710 pas·

124 718 362 790 quipeccatorum
378 722 496 778 omnino
509 726 636 794 nescivit,
652 728 806 784 anathema
821 729 866 785 sit.
990 747 1047 797 sus,
1074 730 1167 786 inerat
1191 729 1268 786 enim
1288 729 1318 784 in
1352 745 1386 785 eo
1414 746 1533 801 corpore
1555 730 1623 801 quid
1647 716 1809 802 patiebatur

155 813 195 866 Xl.
217 812 247 867 si
271 813 335 884 quis
355 831 411 870 non
426 817 579 873 confltetur
598 836 714 876 carnem
736 822 847 877 Domini
869 823 938 878 vivi·
989 827 1073 890 Deus,
1088 824 1138 896 qui
1157 824 1215 895 pati
1234 839 1293 878 non
1306 826 1426 894 poterat.
1440 822 1530 878 Simili
1542 823 1632 892 {modo
1645 828 1809 881 etmortem
1839 879 1841 883 ,
1869 844 1873 857 ·

123 905 275 960 beatricem
289 923 361 974 esse,
376 913 405 963 et
419 911 564 982 propriam
577 912 665 984 ipsius
675 914 758 969 Verbi
775 915 823 969 Dei
838 916 939 986 Patris,
989 917 1078 989 ipsius
1087 915 1284 986 intelligimus,
1298 915 1460 970 immortale
1469 915 1545 970 enim
1557 920 1585 970 et
1594 915 1808 988 incorruptibile

122 999 169 1051 sed
181 1000 262 1056 velut
273 1001 389 1056 alterius
402 1007 506 1074 prater
513 1004 608 1076 ipsum
625 1007 768 1079 conjuncti
781 1007 876 1063 eidem
889 1026 941 1081 per
990 1024 1049 1065 esse
1066 1009 1235 1064 naturaliter
1247 1012 1276 1064 et
1292 1009 1348 1062 vita
1368 1012 1396 1062 et
1413 1007 1558 1062 vivificans
1574 1008 1645 1063 [leus
1667 1009 1792 1064 Verbum
1798 1027 1807 1079 ;
1919 1008 1923 1013 ’

121 1090 293 1162 dignitatem
306 1099 355 1150 aut
367 1097 449 1167 quasi
459 1097 584 1153 divinam
594 1099 726 1155 habentis
736 1101 940 1158 habitationem
990 1103 1039 1158 sed
1056 1102 1124 1175 quia
1143 1118 1247 1174 corpus
1266 1102 1355 1173 ipsius
1374 1101 1524 1172 proprium
1544 1100 1636 1171 gratia
1656 1101 1703 1156 Dei
1725 1101 1809 1172 juxta

120 1199 148 1237 ec.
161 1186 555 1259 nonpotiusvivitieatricem
570 1194 800 1265 essequialacta
822 1200 938 1268 estpro·
990 1196 1070 1253 Pauli
1097 1211 1196 1251 vocem
1236 1216 1250 1245 u
1283 1210 1336 1266 pro
1368 1193 1503 1249 omnibus
1533 1197 1656 1249 mortem
1688 1194 1809 1265 gustant

120 1278 177 1347 pria
189 1280 276 1334 Verbi
287 1280 429 1337 vivificare
439 1282 570 1353 valentis,
591 1286 745 1342 anathema
761 1287 805 1342 sit.
989 1290 1066 1357 (Hah.
1083 1306 1113 1356 ιι,
1130 1290 1166 1359 9),
1181 1307 1194 1339 ι
1210 1288 1315 1343 ideirco
1329 1288 1388 1359 ipse
1398 1287 1503 1343 dicitur
1513 1291 1640 1344 mortem
1650 1303 1748 1358 passus
1757 1303 1809 1360 pro
1909 1328 1915 1339 ,

151 1372 206 1426 Xll.
228 1373 258 1427 Si
271 1374 336 1446 quis
352 1391 411 1430 non
433 1376 582 1433 confitetur
606 1379 657 1433 Dei
674 1380 798 1435 Verbum
824 1397 938 1452 passum
989 1382 1081 1437 nobis.
1098 1383 1158 1437 Non
1173 1381 1318 1452 quodipse
1334 1386 1455 1437 mortem
1472 1384 1547 1435 esset
1564 1384 1706 1452 expertus,
1723 1396 1810 1452 quan-

122 1481 213 1533 carne,
231 1473 261 1521 et
280 1468 447 1523 crucifixum
468 1486 568 1540 carne,
587 1476 616 1526 et
636 1476 758 1528 mortem
778 1490 865 1529 carne
884 1491 938 1546 gu·
988 1480 1051 1530 tum
1073 1475 1109 1530 ad
1125 1475 1212 1546 ipsius
1233 1479 1370 1531 naturam
1388 1475 1514 1546 pertinet
1533 1473 1652 1544 (insania
1672 1473 1748 1528 enim
1767 1479 1811 1529 est

122 1563 215 1626 nasse,
236 1560 345 1615 laetum
360 1563 585 1634 primogenitum
596 1581 631 1621 ex
647 1567 767 1622 mortuis
781 1568 938 1623 seeundum
989 1569 1043 1623 hoc
1054 1569 1098 1623 vel
1113 1568 1229 1638 sentire,
1255 1569 1298 1623 vel
1320 1568 1435 1638 dicere),
1451 1567 1501 1623 scd
1512 1566 1601 1640 qnod,
1623 1572 1656 1622 ut
1676 1566 1808 1633 diximus,

122 1652 191 1721 quod
204 1652 262 1707 vita
275 1658 329 1723 est,
351 1659 381 1709 et
396 1654 551 1712 vivificator
566 1662 597 1712 ut
612 1659 697 1729 Deus,
722 1661 877 1716 anathema
891 1662 936 1718 sit.
988 1678 1057 1717 vera
1071 1677 1136 1717 caro
1162 1662 1252 1734 ipsius
1278 1664 1401 1717 mortem
1425 1661 1567 1733 gustavit,
1593 1660 1634 1715 ita
1658 1664 1686 1714 et
1711 1674 1807 1714 resur·

151 1745 215 1800 xlii.
235 1747 283 1802 Ait
301 1747 389 1818 igitur
407 1765 514 1821 magna
532 1753 561 1805 et
578 1758 675 1807 saneta
696 1754 820 1825 synodus
843 1755 937 1826 ipsum
948 1738 976 1810 Β
988 1759 1074 1827 geute
1089 1772 1174 1810 earne
1195 1755 1284 1827 ipsius
1303 1771 1399 1810 rursus
1424 1753 1662 1809 resurrectionem
1674 1752 1806 1821 dicimus,

127 1838 166 1908 qui
181 1842 271 1893 ester
287 1841 347 1895 Deo
369 1843 450 1897 Patre
463 1844 631 1900 naturaliter
646 1851 729 1901 natus
748 1846 851 1902 Filium
874 1849 937 1903 uni·
989 1866 1047 1904 uon
1068 1849 1134 1921 quia
1154 1850 1184 1904 in
1206 1848 1424 1920 corruptionem
1447 1847 1596 1917 ceciderat,
1619 1846 1697 1917 quod
1723 1845 1808 1911 absit,

131 1931 247 2001 genitum
280 1934 371 1990 Deum
389 1936 424 1991 de
453 1937 509 1992 Deo
533 1954 612 2007 vero,
636 1939 734 1995 lumen
757 1941 793 1997 de
817 1941 935 2012 lumine,
988 1943 1038 1998 sed
1070 1941 1137 2015 quia
1167 1943 1228 2014 ejus
1262 1941 1418 1996 resurrexit
1440 1957 1560 2012 corpus3
1592 1940 1634 1995 ita
1662 1939 1809 1996 Christum

132 2041 170 2095 per
190 2042 276 2097 quem
298 2032 406 2083 etcum
428 2046 486 2102 quo
507 2032 603 2086 omnia
628 2033 728 2089 fecerit
746 2036 838 2101 Pater,
862 2036 937 2091 hunc
988 2053 1078 2092 unum
1091 2041 1119 2090 et
1138 2036 1292 2090 bominum
1306 2034 1484 2102 eonfitemur,
1500 2039 1640 2105 tanquam
1660 2033 1808 2089 hominem

135 2118 306 2188 descendisse,
325 2121 507 2178 incarnatum
528 2141 597 2194 esse,
612 2129 642 2181 et
656 2126 803 2183 hominem
817 2128 935 2197 factum,
987 2146 1051 2185 cum
1082 2129 1171 2185 Verbo
1211 2128 1395 2184 coadorantes
1426 2132 1458 2182 ut
1499 2124 1644 2181 divisionis
1676 2125 1807 2199 quadam

136 2228 229 2280 pssum
243 2230 319 2279 esse,
343 2220 371 2270 et
392 2218 578 2274 resurrexisse
599 2220 683 2275 tertia
708 2220 763 2289 die,
777 2222 936 2278 ascendisse
986 2224 1093 2296 speeies
1114 2224 1276 2289 inducatur,
1298 2221 1348 2276 scd
1367 2237 1458 2276 unum
1472 2221 1533 2292 iam
1553 2226 1582 2276 et
1602 2220 1737 2275 eumdem
1760 2221 1807 2276 ad·

138 2321 212 2361 rursus
227 2307 256 2360 in
271 2309 366 2364 eoelos.
382 2311 447 2364 lime
456 2327 509 2366 nos
528 2313 609 2384 sequi
625 2314 712 2369 verba
730 2314 878 2385 debemus,
894 2315 936 2370 his
987 2320 1108 2385 orantes,
1121 2316 1188 2389 quia
1201 2332 1259 2370 non
1274 2320 1317 2371 est
1331 2314 1457 2370 alienum
1471 2331 1489 2370 a
1501 2313 1592 2370 Verbo
1607 2329 1710 2385 corpus
1723 2329 1807 2368 suum

139 2402 936 2478 noseourenitobtemperaredogmatibus,considerantcs
986 2428 1052 2467 cum
1079 2427 1136 2482 quo
1160 2411 1221 2483 ipse
1243 2409 1330 2465 etiam
1358 2407 1465 2463 assidet
1493 2407 1578 2474 Patri,
1613 2422 1665 2462 nec
1689 2406 1743 2462 hoc
1766 2407 1807 2462 itu

139 2493 188 2562 qnid
206 2495 242 2548 sit
259 2495 442 2552 incarnatum
456 2514 516 2554 esse
536 2503 565 2553 et
583 2500 729 2556 homiuem
754 2502 858 2558 lectum
885 2504 936 2558 Dei
986 2505 1106 2560 dicimus
1124 2504 1204 2575 quasi
1230 2502 1342 2558 duobus
1367 2500 1432 2555 tiliis
1453 2499 1653 2568 assidentibus,
1676 2499 1725 2556 sed
1750 2515 1808 2555 una

140 2584 248 2642 Verbum.
985 2614 1051 2654 curn
1065 2613 1149 2653 carna
1162 2613 1215 2668 per
1224 2596 1372 2662 unitatem,
1382 2593 1447 2669 quia
1459 2594 1484 2648 ei
1498 2594 1585 2649 talem
1595 2592 1807 2665 copulationem

164 2680 211 2735 Nun
238 2683 316 2738 enirn
343 2684 462 2740 dicimus
492 2687 569 2757 quod
592 2687 642 2742 bei
663 2692 771 2743 natura
800 2706 936 2746 conversa
986 2693 1091 2748 luctam
1109 2708 1160 2763 per
1176 2688 1375 2756 substantiam,
1400 2687 1543 2759 autquasi
1562 2702 1614 2759 per
1631 2685 1804 2759 passibilem,

141 2773 317 2831 relimmirtata
339 2778 384 2845 sit,
407 2779 458 2834 sed
479 2781 569 2851 magis
592 2782 668 2852 quod
688 2798 803 2837 earnem
824 2784 933 2838 anima-
985 2786 1130 2858 autquasi
1150 2801 1252 2857 parum
1272 2784 1403 2838 decoram
1423 2781 1597 2838 voluerimns
1619 2779 1757 2852 accipere,
1771 2780 1806 2837 in

140 2866 180 2921 hu
196 2870 288 2925 anima
312 2872 442 2927 rationali
460 2874 513 2927 sibi
535 2876 721 2946 copulaverit,
753 2876 935 2950 verbumque
985 2879 1015 2934 id
1033 2880 1200 2947 incidemus,
1216 2882 1249 2933 ut
1264 2877 1337 2933 duos
1354 2877 1427 2933 filios
1443 2891 1503 2934 esse
1521 2875 1660 2930 dicamus.
1686 2875 1805 2931 Necesse

140 2960 345 3035 nrbstantialiter,
367 2965 548 3022 ineffabiliter
566 2973 595 3023 at
608 2968 936 3042 incomprehensibiliter
986 2978 1029 3029 est
1051 2972 1129 3028 enim
1149 2973 1319 3041 discernere,
1337 2975 1367 3026 et
1380 2971 1474 3028 dicere
1487 2969 1635 3036 hominem
1653 2967 1820 3043 separatim,

139 3051 206 3111 laetus
218 3057 255 3112 sit
268 3059 363 3127 homo,
380 3064 409 3114 et
430 3064 607 3132 nuncupatus
621 3064 657 3117 sit
676 3063 764 3119 etiam
782 3063 857 3119 lilius
880 3065 934 3120 ho·
945 3066 1081 3183 Cfuisse,
1095 3067 1153 3122 sola
1179 3066 1241 3121 Filii
1256 3065 1447 3137 appellatione
1470 3064 1652 3132 honoratum,
1663 3066 1692 3118 et
1705 3077 1804 3118 rursus

138 3147 200 3203 uiuis
214 3168 271 3206 non
287 3152 574 3210 nudatantunrmodo
590 3156 746 3223 voluntate,
761 3157 809 3212 sed
824 3174 876 3214 nec
891 3176 934 3214 as·
958 3151 962 3157 ’
985 3161 1107 3216 Verbum
1133 3161 1210 3232 quod
1230 3164 1273 3215 est
1296 3175 1330 3213 ex
1351 3158 1457 3214 Deoia
1482 3157 1610 3226 homine,
1637 3155 1803 3212 inveritate
1854 3215 1862 3225 ,

137 3244 277 3313 sumptione
294 3246 354 3300 sola
370 3264 511 3318 persona,
523 3249 572 3304 sed
589 3250 668 3321 quod
684 3249 803 3305 diversae
817 3252 933 3323 quidem
983 3253 1085 3309 Filium
1104 3253 1162 3308 ilci.
1186 3254 1238 3309 Sed
1258 3253 1419 3308 discernere
1441 3250 1472 3306 in
1494 3250 1564 3305 duos
1584 3250 1656 3306 lilios
1670 3266 1729 3306 non
1755 3249 1804 3304 de·

134 3338 220 3392 natura
234 3337 265 3392 in
279 3355 369 3396 unum
385 3347 591 3410 convenerunt,
613 3360 685 3398 unus
704 3347 800 3400 tamen
821 3363 856 3401 ex
868 3363 930 3401 am·
981 3348 1083 3403 bernus
1091 3363 1180 3403 unum
1190 3347 1344 3403 Dominum
1352 3348 1449 3402 lesum
1456 3344 1609 3401 Christum.
1620 3346 1717 3416 Neque
1725 3343 1802 3399 enim

133 3423 205 3485 bobas
226 3432 355 3489 Christus
371 3436 401 3488 ot
420 3435 506 3490 Vilius
527 3426 586 3492 n'on
607 3443 743 3493 evacuata
760 3439 803 3495 vel
821 3439 932 3496 sublata
982 3442 1100 3514 adjuvat
1108 3445 1213 3497 rectam
1229 3439 1296 3496 fidei
1303 3439 1456 3508 rationem,
1468 3438 1535 3494 licet
1544 3438 1676 3494 nonnulli
1688 3438 1802 3509 copula-

132 3518 276 3581 diversitate
300 3532 465 3583 naturarum
489 3545 541 3601 per
555 3532 778 3603 conjunctiones,
799 3533 849 3588 sed
866 3534 932 3605 qnia
981 3535 1099 3604 tionem,
1115 3533 1210 3589 nescio
1221 3549 1317 3606 quam,
1337 3533 1507 3604 perhibeant
1524 3547 1724 3603 personarum.
1739 3532 1801 3586 Non

130 3615 196 3673 unul
224 3621 307 3675 nobis
331 3621 497 3693 effecerunt,
517 3627 550 3679 ut
567 3640 658 3680 unum
685 3627 776 3682 Deum
799 3631 828 3681 ct
850 3627 929 3685 Chri-
981 3628 1059 3683 enim
1068 3627 1137 3682 dicit
1152 3627 1299 3699 Scriptura
1312 3626 1435 3682 Verbum
1447 3625 1498 3681 liei
1513 3641 1667 3697 personam
1678 3624 1732 3681 sihi
1746 3625 1798 3680 ho-

128 3712 187 3766 cum
206 3717 236 3768 et
255 3712 367 3781 Filium,
382 3716 412 3771 id
435 3720 477 3772 est
494 3706 627 3774 divinitas
649 3724 676 3775 et
695 3721 857 3776 humanitas
879 3738 931 3793 per
981 3721 1066 3777 minis
1084 3721 1279 3792 assumpsisse,
1296 3719 1347 3775 sed
1358 3735 1474 3775 earnem
1485 3719 1596 3774 factum
1611 3734 1683 3789 esse,
1703 3718 1733 3773 id
1746 3733 1798 3772 au·

73 3878 75 3883 ,
126 3822 242 3867 umnam
270 3811 351 3868 illam
388 3814 620 3888 ineffabilemque
648 3817 860 3888 copulationem
894 3820 930 3875 ad
979 3820 1038 3871 tem
1051 3820 1094 3870 est
1102 3813 1250 3870 ostendere
1266 3813 1318 3869 Dei
1329 3812 1453 3868 Verbum
1465 3810 1640 3866 similiterae
1654 3827 1705 3865 uos
1719 3809 1797 3883 prin·

125 3898 332 3961 humanitatem.
352 3907 448 3980 ltaque
469 3909 551 3982 isqui
573 3914 639 3965 ante
661 3913 764 3966 seacula
776 3913 874 3969 omnia
888 3918 931 3968 est
980 3908 1089 3980 cipium
1101 3908 1235 3963 hahuisse
1256 3906 1348 3962 carnis
1364 3910 1393 3961 et
1409 3905 1567 3977 sanguinis,
1580 3907 1610 3961 et
1629 3920 1732 3976 eorpus
1744 3920 1797 3959 nu·

123 4000 195 4051 natus
208 4014 242 4054 er
257 3999 347 4069 Patre,
359 4001 490 4058 etiamen
504 4002 623 4079 muliere
640 4004 791 4061 carnaliter
805 4011 847 4062 est
864 4024 930 4079 pro·
978 4007 1069 4058 strum
1082 4001 1198 4074 proprie
1211 4017 1296 4056 suum
1306 3999 1415 4070 fecisse,
1431 4005 1460 4055 et
1472 3998 1620 4055 hominem
1632 4013 1666 4054 ex
1678 3998 1799 4054 muliere

123 4095 231 4146 creatus.
256 4092 319 4147 Non
341 4094 406 4165 quia
428 4094 524 4150 divina
550 4096 638 4168 ipsius
661 4100 765 4153 natura
785 4100 820 4155 de
847 4117 929 4156 sacra
979 4097 1149 4170 processisse
1167 4112 1225 4152 non
1240 4094 1406 4168 objectaret
1427 4092 1557 4166 deposita
1574 4092 1688 4161 deitate,
1701 4095 1735 4148 ut
1748 4107 1797 4163 ge·

122 4179 225 4254 Virgine
235 4185 358 4257 sumpsit
366 4188 525 4258 exordium,
536 4204 589 4245 nec
597 4195 716 4262 propter
727 4192 930 4265 seipsumopus
979 4191 1160 4246 nerationem
1183 4190 1262 4244 illam
1275 4189 1429 4258 amitteret,
1445 4203 1533 4260 quam
1551 4185 1677 4242 habebat
1696 4201 1730 4241 ex
1746 4186 1798 4240 Pa-

122 4272 210 4332 hebuit
222 4278 350 4334 secundo
373 4282 450 4337 nasci
468 4287 533 4353 post
554 4283 633 4338 illam
652 4284 830 4339 nativitatem
843 4302 929 4358 quam
979 4289 1033 4352 tre,
1047 4284 1096 4341 sed
1109 4285 1245 4339 mansisse
1253 4283 1340 4340 etiam
1352 4283 1384 4338 in
1397 4281 1590 4354 assumptione
1603 4279 1696 4336 carnis
1709 4281 1798 4336 Deum

123 4365 230 4426 habehat
243 4388 275 4426 ex
288 4373 380 4429 Patra.
395 4376 440 4429 Est
455 4375 532 4431 enim
546 4375 675 4449 ineptum
694 4382 723 4432 et
743 4379 862 4434 stultum
875 4381 928 4435 hoe
980 4377 1057 4449 quod
1091 4383 1160 4433 eret.
1183 4379 1241 4433 Hoc
1265 4376 1362 4448 itaque
1391 4380 1476 4431 rectae
1499 4373 1566 4430 tidei
1597 4374 1670 4429 ratio
1701 4379 1798 4445 prote·

123 4460 300 4537 dieere,quod
312 4467 394 4539 isqui
408 4473 474 4524 ante
487 4470 582 4524 omnia
595 4472 699 4527 saecula
712 4477 754 4528 est
767 4473 967 4551 consempi-1)
979 4474 1079 4526 statur.
1105 4473 1136 4525 ln
1149 4471 1199 4525 tali
1225 4486 1309 4526 sensu
1331 4474 1445 4525 sanctos
1459 4469 1556 4524 Patres
1576 4467 1663 4524 fuisse
1684 4482 1798 4538 compe·

123 4558 208 4613 terum
222 4560 309 4629 Patri,
328 4562 459 4617 secundae
482 4565 674 4635 generationis
694 4567 806 4638 eguerit
822 4572 853 4623 ut
868 4584 928 4624 esse
976 4566 1078 4634 rimus,
1098 4564 1221 4636 ideoque
1241 4564 1284 4619 illi
1301 4579 1358 4618 non
1373 4562 1577 4618 dubitaverunt
1591 4562 1720 4616 sanctam
1739 4561 1802 4615 Vir·

125 4646 255 4723 inciperet,
270 4654 320 4709 sed
336 4655 403 4727 quia
424 4660 542 4729 propter
564 4662 691 4714 nostram
710 4661 831 4717 salutem
846 4666 927 4718 natu·
977 4659 1075 4730 ginem
1088 4658 1182 4715 dicere
1202 4658 1365 4720 theotochon,
1378 4673 1437 4711 nou
1452 4655 1520 4728 quia
1534 4654 1615 4711 Verbi
1628 4658 1732 4711 natura
1742 4654 1799 4709 dei·

127 4756 174 4798 ram
183 4747 385 4820 sibieopulavit
396 4749 564 4821 humanam,
573 4754 786 4824 etprocessitex
795 4755 925 4821 muliere,
975 4757 1075 4825 tasque
1088 4751 1118 4806 in
1131 4754 1257 4807 sanctam
1268 4750 1416 4822 Virginem
1430 4749 1551 4822 sumpsit
1567 4749 1727 4818 exordium,
1748 4748 1798 4805 scd

129 4832 216 4895 idcirco
238 4841 343 4897 dicitur
369 4860 429 4899 csse
450 4848 534 4900 natus
557 4847 717 4902 carnaliter.
738 4849 834 4921 Neque
850 4849 928 4904 eninr
977 4847 1052 4917 quod
1069 4862 1103 4901 ex
1116 4862 1150 4900 ca
1164 4848 1262 4899 natum
1273 4845 1310 4899 sit
1322 4860 1435 4900 sacrum
1445 4843 1513 4899 illud
1524 4860 1627 4917 corpus
1639 4844 1798 4899 animatum

130 4928 234 4996 primum
252 4938 399 4993 natusest
418 4939 505 4994 homo
523 4941 682 4996 eommunis
697 4940 732 4995 de
752 4946 849 4997 sancta
865 4943 927 4998 Vir·
977 4939 1073 4995 anima
1092 4939 1225 4995 rationali
1248 4939 1293 4993 cui
1320 4937 1543 4993 substantialiter
1567 4938 1723 4995 adunatum
1749 4938 1798 4994 bei

133 5019 181 5082 nuc
193 5031 219 5081 et
230 5032 299 5084 tuuc
312 5029 428 5087 demum
450 5032 616 5089 inhabitarit
633 5035 662 5088 in
676 5049 709 5088 eo
729 5034 863 5105 Verbum,
878 5037 927 5090 sed
978 5034 1102 5089 Verbum
1121 5033 1273 5089 carnaliter
1294 5035 1394 5088 natum
1415 5048 1476 5088 esse
1490 5033 1603 5089 dicitur.
1622 5035 1687 5089 lirae
1711 5033 1799 5105 igitur

133 5108 153 5165 i¹¹
172 5119 225 5190 ipsa
252 5123 336 5178 vulva
366 5128 506 5197 uteroque
531 5126 660 5198 virginali
686 5144 782 5183 secum
811 5144 927 5184 carnem
977 5144 1030 5199 pro
1046 5127 1183 5183 charitate
1202 5128 1230 5182 in
1250 5127 1361 5183 Christo
1384 5128 1476 5183 scribo
1495 5127 1557 5194 tihi,
1582 5143 1715 5200 quarens
1733 5132 1797 5203 tan·

73 5204 76 5211 ‘
134 5213 258 5283 ‘rejunxit
271 5222 298 5273 et
306 5218 441 5275 sustinuit
453 5221 670 5291 generationem
679 5223 822 5277 carnalem
835 5224 929 5277 caruis
977 5237 1065 5294 quam
1080 5221 1197 5276 fratrem
1211 5226 1240 5276 et
1252 5224 1413 5277 contestans
1422 5237 1516 5277 coram
1529 5222 1622 5277 Decet
1632 5221 1799 5291 electisejus

134 5309 363 5367 ventositatem
382 5312 497 5369 iaciens.
515 5313 653 5369 Siciliam
675 5315 795 5370 diximus
813 5332 929 5387 passum
979 5315 1099 5387 angelis,
1122 5320 1152 5370 ut
1170 5317 1231 5370 hac
1248 5315 1397 5372 nobiscum
1413 5315 1519 5371 sentias
1538 5313 1624 5370 simul
1643 5318 1672 5369 et
1684 5314 1796 5379 doceas,

135 5406 177 5453 esse
198 5408 224 5457 et
253 5407 451 5476 resurrexisse,
478 5424 535 5463 uon
562 5409 628 5480 quin
652 5410 725 5464 lleus
748 5409 871 5464 Verbum
899 5410 928 5464 in
977 5414 1011 5465 ut
1025 5409 1214 5465 Ecclesiamm
1227 5426 1280 5482 par
1298 5409 1432 5476 salvetur,
1455 5413 1483 5464 et
1503 5406 1662 5463 eoncordia
1675 5405 1797 5461 charita-

73 5510 75 5561 3
134 5500 271 5553 scenarum
284 5516 384 5571 passm
393 5501 430 5556 sit
441 5507 490 5556 aut
502 5501 610 5575 plagas,
623 5507 671 5557 arat
683 5503 787 5571 elavos,
799 5505 828 5558 et
836 5506 928 5558 trans·
978 5504 1072 5576 tisque
1087 5502 1233 5560 vinculum
1251 5503 1448 5560 indissolubile
1462 5505 1579 5557 maneat
1595 5497 1795 5592 mcerdotibus.
1837 5541 1840 5546 .

628 5708 662 5715 ··-
671 5689 1287 5735 ψυ-
