3870 6150
127 283 176 341 831
573 285 716 342 APPENII.
735 285 779 342 ab
797 283 876 343 SAEC.
897 284 941 344 IX.
954 310 989 327 -·
1008 282 1129 342 tameat
1147 281 1358 342 uencswuls

187 478 206 569 g
288 457 496 553 INCIPIT
530 460 836 556 CONCILIUM
871 457 1362 555 CARTHAGINENSIS
1397 455 1650 557 TERTIUM

405 615 565 680 Habitum
583 615 626 680 ab
640 616 797 700 episcopis
810 633 948 681 numae
964 617 1145 698 nuupiatu
1158 621 1291 698 septem,
1307 631 1375 679 aru
1391 630 1532 678 coma.

161 777 281 836 Carano
296 783 325 835 et
336 779 428 836 Attico
442 779 509 836 viris
523 780 684 838 clarissimis
705 781 870 838 consulibus
885 783 940 838 lla·
950 793 981 869 Α
991 781 1087 852 inerit,
1103 778 1307 837 communione
1329 794 1388 834 non
1404 780 1595 834 removeatur.
1610 775 1641 832 si
1662 793 1664 800 ⁴

126 872 202 929 land.
225 873 399 946 Septembris
419 873 590 945 Carthagine
602 873 632 930 in
646 873 798 931 secretario
818 875 942 931 basiicae
991 872 1106 948 quando
1132 873 1266 941 deluerit,
1287 871 1456 928 subtmhens
1474 886 1515 942 se,
1530 869 1662 926 restituto

125 965 264 1023 restitutae
279 982 346 1022 cum
358 965 488 1024 Aurelius
499 966 648 1040 episeopus
658 983 789 1024 unacum
798 967 942 1040 coepisco·
991 968 1128 1024 mamam
1140 967 1273 1039 episcopo
1287 967 1465 1022 removeatur
1480 980 1498 1020 a
1510 961 1664 1019 communis

127 1059 171 1131 pis
189 1059 247 1116 suis
269 1058 453 1127 consedisset,
475 1060 632 1116 astantibus
651 1060 739 1117 etiam
764 1059 940 1129 diaconibus,
991 1064 1076 1132 sator,
1090 1061 1129 1118 ita
1141 1064 1239 1117 tamen
1252 1061 1286 1114 ut
1298 1074 1351 1115 neo
1364 1059 1419 1130 ipsi
1431 1057 1574 1113 adlmatur
1595 1053 1664 1113 tacu

127 1152 281 1209 constituta
296 1155 363 1208 sunt
376 1152 438 1210 haec
450 1169 516 1226 quae
529 1153 663 1226 presenti
681 1153 801 1210 concilio
823 1152 941 1211 delinita
991 1171 1029 1210 sae
1053 1153 1234 1227 peragendae,
1254 1152 1279 1208 si
1303 1168 1333 1208 se
1351 1167 1498 1207 occurrere
1519 1149 1655 1220 soluisse,

128 1250 203 1302 sunt.
436 1309 439 1317 ,
798 1230 803 1237 ’
990 1248 1114 1320 potuisse
1123 1246 1295 1319 probaverit.
1305 1244 1379 1302 Illud
1392 1260 1459 1299 vero
1473 1242 1589 1316 placuit,
1599 1246 1664 1298 ute

161 1339 225 1396 Cae.
242 1341 262 1394 l.
277 1339 385 1396 Placuit
395 1355 465 1412 ergo
477 1340 506 1395 in
521 1338 661 1412 principio
676 1343 794 1412 propter
814 1355 941 1397 errorem
990 1340 1149 1414 coeperitin
1161 1339 1361 1413 episcoporum
1374 1336 1493 1409 judicio,
1505 1336 1529 1391 si
1540 1334 1664 1391 inanitas

128 1433 176 1505 qui
190 1448 264 1505 sape
275 1433 348 1489 solet
360 1433 468 1490 oboriri
480 1437 512 1489 ut
525 1449 627 1491 omnes
638 1432 779 1490 himcanaa
790 1432 942 1506 provincias
991 1451 1112 1509 persona
1125 1432 1280 1507 culpabilis,
1296 1432 1332 1488 ad
1352 1430 1535 1503 arguendum
1559 1444 1618 1484 non
1641 1443 1664 1484 aa

128 1525 253 1598 episcopi
268 1527 497 1583 observationem
510 1526 674 1599 paschalem
684 1526 720 1582 nb
735 1526 858 1584 Ecclesia
872 1526 939 1584 Car·
990 1528 1046 1585 nisi
1060 1528 1189 1600 proprias
1201 1543 1311 1593 causas,
1325 1542 1384 1581 non
1399 1527 1497 1581 tamen
1508 1518 1664 1579 ecclesiasti

128 1618 292 1692 thaginensl
308 1622 410 1676 curent
420 1620 557 1692 accipere.
905 1616 910 1624 ’
991 1637 1055 1678 rere
1075 1620 1203 1677 voluerit.
1626 1669 1628 1674 .

163 1713 196 1767 ΙΙ.
213 1711 352 1768 Similiter
364 1712 482 1784 placuit,
496 1716 529 1768 ut
548 1716 666 1785 propter
688 1728 787 1768 causas
810 1712 940 1770 ecclesia-
1027 1716 1094 1771 VIII.
1108 1714 1136 1770 si
1149 1717 1244 1769 autem
1257 1712 1412 1786 presbyteri
1426 1711 1470 1768 vel
1484 1707 1595 1765 diaconi
1607 1707 1664 1764 iuer

127 1804 210 1860 sticas
223 1821 288 1877 quae
301 1804 338 1860 ad
354 1804 510 1876 permotam
525 1805 653 1885 plebium
671 1821 747 1878 eaepe
765 1810 943 1863 veterascunt
992 1808 1055 1875 sati,
1067 1807 1202 1878 adjuncto
1211 1806 1264 1862 sibi
1278 1822 1310 1861 ex
1323 1805 1422 1861 vicinis
1435 1803 1504 1860 locis
1514 1801 1664 1875 proprius«

128 1897 248 1968 singulis
272 1897 434 1969 quibusque
462 1896 545 1953 annis
578 1897 732 1955 conedium
754 1901 882 1969 vocetur,
904 1899 942 1955 ad
992 1893 1664 1971 legitimorumeroccllegarumquosabeodan

127 1989 203 2061 quod
227 2005 328 2046 omnes
351 1990 504 2062 provincie
516 2006 581 2063 quse
604 1990 711 2063 primas
731 1991 814 2049 sedes
836 1992 943 2048 habent
991 1992 1137 2064 petierint,
1152 1991 1182 2047 id
1197 1995 1250 2060 esi,
1263 2008 1323 2047 una
1337 2006 1434 2046 secum
1455 1989 1485 2045 in
1498 1986 1664 2062 presbyterii

127 2085 161 2140 da
174 2082 300 2140 conciliis
312 2083 370 2139 suis
382 2083 466 2139 binos
481 2088 532 2140 aut
544 2084 658 2157 quintos
675 2085 815 2157 elegerint
831 2085 941 2158 episco·
992 2085 1118 2158 episcopi
1139 2086 1198 2152 sei,
1212 2085 1242 2140 in
1261 2083 1384 2140 diacomi
1404 2086 1472 2150 tres,
1487 2081 1537 2154 qul
1556 2080 1664 2153 ipsorur

126 2193 179 2247 pes
199 2176 325 2246 mittant,
341 2178 372 2231 ut
392 2179 422 2231 et
442 2176 540 2231 minus
560 2176 692 2232 invidiosi
713 2177 866 2251 minusque
886 2157 1157 2247 ho·Bdiscutiant,
1172 2177 1273 2233 eadem
1293 2176 1406 2232 dierum
1427 2180 1455 2230 et
1474 2173 1664 2230 dilationum<

127 2269 247 2342 spitibus
272 2268 432 2340 sumptuosi
465 2269 597 2339 existam,
619 2273 653 2326 ut
675 2276 848 2343 congregato
876 2287 943 2326 con·
991 2265 1664 2340 munioneremotionumetdiscussione79pet

127 2365 213 2418 ventu
227 2362 312 2434 plena
325 2362 414 2434 possit
428 2377 489 2418 esse
502 2361 663 2430 aucmmtas,
676 2362 711 2419 de
725 2360 831 2434 Tripoli
844 2367 942 2420 autem
990 2364 1066 2421 inter
1073 2367 1251 2420 accusatores
1258 2366 1287 2417 et
1294 2378 1343 2417 eos
1351 2361 1401 2432 qui
1408 2366 1576 2417 accusantur
1583 2360 1664 2416 torma

127 2458 244 2527 propter
260 2454 389 2528 inopiam
407 2455 608 2529 episcoporum
628 2471 704 2512 nnus
728 2455 878 2529 episcopus
894 2472 940 2512 ve·
992 2458 1169 2530 reliquorum
1176 2459 1272 2512 autem
1280 2454 1448 2511 clericorum
1458 2469 1559 2511 causas
1568 2452 1657 2509 etlam

128 2549 199 2606 aiat.
990 2567 1094 2624 scopus
1106 2549 1159 2606 loci
1171 2554 1309 2621 agnoscat
1318 2552 1348 2604 et
1359 2548 1449 2603 liniat.

154 2643 195 2700 ll.
210 2642 281 2698 ltem
299 2640 407 2714 placuit
421 2646 454 2698 ut
466 2640 602 2698 ordinatis
621 2641 761 2714 episcopis
775 2643 820 2698 vel
834 2641 943 2698 clericis
1026 2645 1068 2700 tx.
1085 2643 1124 2699 lle
1144 2642 1264 2699 diversis
1287 2641 1436 2698 ordinibus
1455 2639 1585 2696 Ecclesiae
1607 2654 1664 2695 serr

125 2735 205 2807 prius
230 2735 266 2791 ab
292 2735 506 2792 ordinatoribus
534 2735 593 2790 suia
617 2735 732 2791 decreta
753 2734 942 2791 conciliorum
990 2742 1024 2793 ut
1036 2737 1060 2792 si
1073 2735 1177 2809 quisin
1192 2751 1305 2791 canum
1319 2732 1447 2790 criminis
1460 2732 1623 2802 incurrerit,
1633 2733 1664 2790 et

127 2827 243 2883 auribus
264 2843 365 2883 eorum
387 2827 577 2896 inculcentur,
597 2845 634 2883 ne
658 2844 688 2883 se
709 2825 817 2900 ailquid
842 2831 943 2884 contra
988 2829 1129 2903 judicium
1142 2828 1366 2885 ecclesiasticum
1381 2827 1468 2883 debet
1485 2823 1654 2898 periclitam,

128 2922 233 2978 statuta
245 2918 357 2975 concilii
370 2919 468 2977 iecisse
482 2919 628 2992 poeniteat.
991 2922 1171 2979 sacerdotum
1184 2921 1345 2994 spectacula
1358 2920 1505 2977 saecularia
1526 2935 1585 2976 non
1605 2917 1664 2975 ado

163 3015 207 3069 lV.
222 3015 293 3072 Item
315 3013 409 3085 placet
430 3015 461 3069 nt
483 3016 549 3069 ante
574 3012 676 3086 viginti
698 3012 826 3086 quinque
851 3029 942 3069 annos
991 3014 1106 3088 placuit,
1127 3014 1256 3087 quisquis
1279 3014 1490 3088 episcoporum,
1511 3012 1664 3085 presbyter

127 3107 228 3174 utatis,
244 3122 296 3162 nec
317 3104 429 3163 diaconi
452 3104 632 3175 ordinentur,
648 3122 701 3162 neo
723 3106 850 3180 virgines
873 3123 940 3163 oon-
991 3110 1187 3176 diaconorum,
1211 3124 1261 3164 sen
1285 3107 1463 3174 clericorum,
1487 3122 1554 3163 cum
1578 3106 1609 3161 in
1632 3105 1664 3162 Et

127 3204 284 3271 sacrentur,
300 3203 330 3256 et
343 3203 374 3255 ut
388 3200 643 3272 lectorespopnlos
656 3216 715 3256 non
729 3200 860 3257 salutent.
990 3203 1099 3259 cumen
1121 3201 1209 3257 suerit
1232 3201 1414 3269 iutentatum,
1435 3200 1480 3257 vel
1503 3199 1592 3257 civilis
1612 3214 1664 3256 cau

160 3295 193 3349 V.
209 3294 277 3350 item
291 3291 400 3364 placuit
415 3307 470 3363 per
481 3292 701 3349 solemnissimos
714 3292 862 3367 paschales
880 3294 942 3350 dies
991 3299 1145 3364 commota,
1160 3294 1185 3350 si
1197 3295 1333 3351 derelicto
1350 3293 1537 3351 ecclesiastico
1555 3292 1664 3366 judicio

125 3388 337 3442 sacramentum
347 3384 560 3442 catechumenis
574 3402 634 3441 non
648 3385 741 3455 detur,
755 3384 812 3442 nisi
823 3385 941 3442 solitum
986 3388 1101 3462 judiciis
1112 3388 1232 3461 purgari
1247 3388 1378 3458 voluerit,
1394 3387 1482 3444 etlam
1496 3387 1520 3441 si
1536 3402 1588 3459 pro
1601 3385 1663 3458 ipso

126 3479 176 3550 sal,
186 3478 288 3552 quiesi
297 3476 398 3535 fideles
409 3493 462 3550 per
476 3476 540 3533 illos
549 3476 609 3535 dies
622 3482 801 3536 sacramenta
810 3494 942 3536 nonmu·
950 3517 979 3592 C
990 3482 1105 3555 prolata
1127 3481 1278 3549 sententia,
1291 3480 1387 3537 locum
1413 3496 1497 3536 suum
1517 3479 1641 3550 amittat,
1655 3494 1664 3535 ε

124 3575 196 3640 tant,
206 3587 259 3628 nec
272 3570 483 3628 catechumenis
495 3574 609 3643 oportet
621 3573 743 3627 mutare.
991 3574 1131 3631 criminali
1145 3574 1264 3630 actione.
1278 3574 1399 3631 incivili
1413 3589 1480 3628 vero
1497 3571 1603 3644 perdat
1619 3587 1664 3645 qus

162 3667 204 3722 Vl.
218 3667 289 3722 Item
310 3663 418 3738 placuit
433 3667 467 3720 ut
483 3663 866 3737 corporibusdeiunctorum
889 3682 940 3722 ou·
991 3669 1015 3724 si
1039 3669 1135 3725 locum
1160 3683 1244 3723 suum
1269 3666 1399 3723 obtinere
1430 3665 1579 3734 maluerIt,
1603 3664 1664 3738 siqu

126 3759 257 3818 charistia
277 3774 337 3815 non
351 3757 447 3829 detur,
460 3757 569 3815 dictum
592 3760 636 3815 est
658 3758 736 3815 enim
757 3775 775 3814 a
793 3758 940 3817 Domine:
992 3761 1138 3835 eligendos
1160 3760 1271 3832 judices
1286 3759 1340 3814 sibi
1365 3760 1400 3815 de
1424 3759 1556 3816 Ecclesia
1580 3773 1664 3814 conso

124 3853 248 3927 Accipite
269 3856 298 3909 et
320 3852 405 3910 edite.
432 3851 574 3910 cadavera
606 3855 704 3909 nutem
736 3868 789 3909 neo
814 3853 942 3924 accipere
991 3855 1071 3924 bitat,
1096 3853 1208 3926 vileque
1238 3852 1373 3909 Ecclesia
1405 3850 1582 3908 consortium
1612 3850 1665 3923 jud

124 3949 254 4019 possunt,
267 3961 320 4003 nec
342 3945 437 4003 edere.
462 3944 629 4003 Cavendum
644 3949 687 4001 est
702 3944 801 4016 edam,
814 3960 941 4001 nemor·
992 3947 1027 4003 de
1040 3947 1172 4003 nnivema
1184 3947 1309 4003 Ecclesia
1327 3945 1403 4003 male
1416 3945 1561 4001 sentiendo
1575 3943 1612 4000 de
1631 3943 1664 4016 ju

124 4044 186 4096 titos
200 4038 339 4112 baptizari
351 4054 434 4110 posse
448 4037 572 4094 fratrum
588 4037 740 4094 infirmitas
751 4036 859 4104 credat,
876 4036 941 4108 qui·
992 4040 1081 4096 culari
1092 4040 1182 4112 poscit
1190 4039 1336 4111 auxilinm,
1347 4055 1413 4098 cum
1421 4038 1598 4111 priuatorum
1609 4053 1664 4093 cau

125 4133 177 4190 bus
192 4147 245 4187 nec
257 4129 434 4187 nuchuistis
448 4130 512 4185 dari
523 4128 632 4186 licitum
647 4134 700 4186 est.
992 4134 1079 4189 stolus
1088 4132 1174 4189 ctiam
1187 4132 1223 4187 ad
1234 4133 1385 4189 Ecclesiam
1400 4131 1513 4202 deterri,
1523 4133 1611 4203 atque
1620 4128 1661 4187 ibi

161 4223 215 4281 vu.
229 4221 362 4278 Aurelius
375 4223 525 4294 episcopus
545 4221 625 4291 dixit,
641 4221 768 4296 quisquis
792 4221 940 4296 episcopo·
991 4226 1056 4283 nari
1068 4225 1225 4299 precipiat.

125 4332 192 4373 rum
204 4318 352 4373 accusatur
364 4315 401 4372 ad
414 4315 551 4389 primates
564 4315 716 4388 provincia
729 4314 818 4388 ipsius
827 4333 942 4374 causam
1027 4321 1057 4375 ll.
1081 4321 1137 4376 iloo
1153 4319 1240 4377 etiam
1264 4319 1380 4392 placuit,
1393 4322 1426 4375 ut
1438 4334 1456 4374 a
1467 4317 1664 4390 quibuscunqe

125 4411 237 4469 deierat
251 4413 409 4481 accusator,
425 4425 478 4467 nec
493 4425 510 4465 a
524 4408 726 4466 communione
739 4410 940 4482 suspendatur,
991 4413 1045 4469 hus
1070 4413 1263 4470 ecclesiasticis
1286 4413 1322 4468 ad
1356 4412 1426 4468 alios
1457 4411 1567 4483 jndices
1603 4409 1662 4466 eccl

124 4505 170 4562 cui
194 4504 303 4562 crimen
326 4502 496 4572 intenditur,
518 4501 573 4557 nisi
595 4501 631 4557 ad
655 4518 770 4558 causam
790 4519 874 4559 suam
897 4503 940 4560 di·
992 4506 1042 4562 nbi
1064 4509 1108 4562 est
1130 4507 1224 4578 major
1249 4505 1402 4562 auctoritas
1424 4504 1511 4561 inerit
1534 4506 1664 4575 provocat

125 4599 244 4656 cendam
257 4597 411 4655 electorum
424 4595 559 4671 judicum
572 4594 618 4651 die
636 4598 742 4653 aututa
759 4594 861 4652 litteris
874 4612 941 4654 evo·
993 4600 1034 4654 eis
1053 4598 1126 4654 obsit
1146 4614 1269 4671 quornm
1298 4598 1386 4655 luerit
1412 4598 1508 4653 soluta
1531 4595 1664 4653 sententis

125 4696 205 4748 catus
230 4691 350 4747 minime
374 4679 542 4758 occurrerit,
568 4689 623 4746 hoc
646 4692 698 4761 est,
723 4688 797 4746 intra
818 4690 942 4764 spatium
991 4692 1066 4748 vinci
1086 4708 1145 4748 non
1167 4691 1324 4764 potuerint,
1337 4693 1381 4747 vel
1399 4689 1516 4746 inimico
1537 4688 1664 4761 animoj

124 4785 230 4841 mensis
243 4800 278 4840 ex
293 4801 329 4840 ea
348 4784 394 4840 die
414 4800 471 4857 qua
487 4798 554 4840 enm
576 4782 685 4841 litteras
708 4782 849 4856 accepisse
873 4800 951 4849 con·,
991 4786 1036 4841 vel
1048 4785 1144 4858 eliqua
1157 4785 1321 4858 cupiditate
1336 4786 1386 4841 aut
1398 4784 1491 4856 gratia
1512 4781 1663 4856 depravari

125 4877 229 4934 stiterit
248 4877 326 4950 qnod
347 4877 371 4932 si
395 4877 505 4950 ailquas
527 4893 608 4934 veras
637 4877 813 4935 necessitatis
843 4883 1025 4957 causasDex
1039 4894 1178 4936 consensu
1191 4878 1316 4952 partium
1331 4878 1442 4949 judices
1462 4877 1546 4933 electi
1558 4874 1664 4933 furunt

124 4970 297 5045 probaverit,
310 4969 413 5044 qulbus
427 4987 493 5027 eum
510 4987 659 5029 occurrere
671 4987 730 5027 non
742 4971 869 5045 potuisse
881 4988 941 5028 ma·
992 4973 1125 5047 pauciore
1139 4989 1262 5030 numero
1277 4988 1365 5045 quam
1379 4972 1564 5028 constitutum
1581 4973 1632 5038 est,
1648 4985 1664 5025 n

125 5065 262 5122 niteatum
289 5064 335 5134 sit,
357 5080 449 5120 causae
471 5081 530 5121 sua
554 5064 684 5121 dicenda
711 5065 788 5120 iritra
820 5065 944 5121 alimum
993 5067 1148 5139 provocari.

125 5174 253 5216 inensam
266 5158 411 5231 integram
429 5157 716 5226 haheatiacultatem,
732 5173 830 5214 verum
843 5158 943 5214 tandiu
1027 5162 1071 5217 xt.
1087 5161 1123 5216 Ut
1153 5159 1204 5215 filii
1235 5159 1414 5216 sacerdotum
1437 5158 1482 5212 vcl
1507 5155 1664 5215 clericoruu

126 5258 189 5326 post
215 5267 345 5309 mensem
368 5251 523 5308 secundum
548 5266 606 5307 non
630 5251 832 5321 communicet,
852 5252 944 5308 donec
991 5255 1056 5310 cula
1077 5253 1223 5310 saecularia
1246 5270 1303 5309 non
1329 5251 1493 5320 exhibeant,
1518 5251 1567 5307 sed
1590 5266 1645 5308 nec

124 5343 629 5421 purgatumsiautemadconcilium
643 5344 800 5402 universale
814 5345 943 5402 anniver-
992 5363 1158 5419 quanquam
1188 5346 1304 5419 quidem
1326 5346 1363 5401 ab
1389 5343 1548 5416 spectaculo
1568 5348 1597 5401 et
1619 5360 1664 5400 om

125 5443 233 5499 sarium
246 5455 397 5496 craumers
411 5438 546 5508 noluerit,
560 5439 605 5493 vel
617 5438 657 5494 ibi
669 5454 755 5494 causa
767 5437 830 5511 ejus
841 5440 940 5495 termi·
990 5441 1206 5513 prohibeantur,
1215 5456 1327 5512 semper
1339 5439 1417 5495 enlm
1431 5437 1594 5494 christianis
1606 5453 1664 5495 onu

125 5538 220 5604 netur,
230 5533 332 5608 ipsein
344 5549 375 5590 se
384 5530 575 5590 damnationis
583 5547 642 5587 suae
654 5531 827 5590 sententium
840 5532 941 5589 dixisse
990 5534 1173 5592 interdictum
1200 5537 1253 5605 ast,
1268 5536 1300 5588 nt
1320 5532 1369 5588 ubi
1386 5530 1552 5603 blasphemi
1564 5534 1664 5604 sunt,1

120 5627 275 5696 judicetur.
289 5629 427 5701 Tempore
447 5640 516 5684 sane
530 5641 588 5698 quo
609 5641 668 5683 non
682 5625 875 5685 communicat
888 5643 942 5682 neo
990 5627 1070 5683 dant.

124 5715 154 5771 in
168 5736 221 5776 sua
235 5721 358 5779 Ecclesia
368 5721 414 5777 vel
431 5719 566 5794 parochia
579 5719 780 5791 communicet,
795 5723 942 5777 eccumtor
1025 5720 1078 5775 Xll.
1103 5721 1173 5776 Item
1202 5718 1315 5791 placuit,
1339 5721 1374 5774 ut
1402 5716 1453 5774 tilii
1481 5717 1524 5773 val
1552 5714 1620 5773 ulie
1657 5732 1664 5773 e

120 5812 216 5864 autern
231 5813 497 5888 ejus,sinunquam
511 5813 610 5871 diebus
625 5829 719 5870 causae
733 5813 874 5872 discendas
889 5813 938 5870 de·
989 5829 1054 5867 rum
1083 5815 1125 5868 vat
1154 5811 1345 5885 quorumlibet
1380 5809 1547 5867 clericorum
1578 5809 1664 5883 gentil
