3870 6150
611 266 848 324 uacuefactus
868 267 1060 323 totumue.
1620 272 1672 326 too

125 395 185 435 non
206 379 360 434 diffidimus
387 395 472 450 opem
500 381 585 449 atque
606 377 804 434 auctoritatem
814 386 916 460 ,qaam
929 378 1089 447 apostolicae
1102 379 1182 434 Sedis
1192 379 1293 435 scrinia
1307 384 1499 450 susceperant,
1510 379 1673 450 praeceden-

105 472 175 529 uetis
198 472 384 545 petitionibus
408 471 593 544 praestituros,
627 488 685 544 quo
711 471 804 542 citius,
854 476 927 532 tium
958 474 1052 529 sensui
1074 473 1251 546 perspexerit
1276 475 1492 540 consonantem,
1522 471 1672 544 Ephesinae

103 572 146 623 nte
171 568 302 636 Domino,
326 565 486 639 perniciosa
508 565 623 621 haeresis
646 570 674 621 et
698 565 806 621 dudum
855 570 942 627 etiam
954 569 1055 642 synodi
1068 573 1178 640 gestare
1190 571 1316 635 censent,
1330 567 1433 639 quibus
1442 569 1541 621 contra
1550 566 1672 621 Nestorii

105 677 154 717 um
168 663 285 716 Petrum
299 660 466 715 auctoritate
480 660 616 715 damnata
629 676 695 732 quae
715 675 806 731 nuper
854 664 1035 737 impietatem
1051 667 1079 718 et
1093 679 1110 718 a
1123 667 1226 717 sanctae
1241 661 1387 716 memoria
1398 660 1502 733 cyrillo
1512 659 1629 727 inserta,
1643 663 1672 714 et

103 755 282 826 maleadjuta
298 759 349 825 est,
371 754 526 810 auferatur.
542 753 658 809 interim
673 770 739 808 vero
759 753 806 809 det
854 758 975 830 aDegata
995 763 1062 813 sunt
1081 756 1117 811 de
1130 755 1324 810 incarnatione
1342 754 1455 811 Domini
1467 753 1669 809 catholicorum

103 872 106 904 t
124 853 265 921 quantum
282 848 343 904 fieri
357 851 450 921 potest
462 851 553 903 vestra
568 846 681 903 dilectio
694 851 726 902 ut
741 863 803 902 om·
854 850 1018 909 testimonia
1028 849 1219 906 sacerdotum.
1230 852 1292 905 Nou
1302 853 1468 920 aspernetur
1477 847 1563 903 etiem
1572 863 1669 902 meam

103 943 220 998 teclesiae
244 943 308 998 filiis
329 942 494 1012 innotescat,
515 942 591 1014 quod
609 940 730 1013 impium
744 958 806 998 sen·
854 946 1004 1018 epistolam
1014 926 1169 1012 recensere,
1182 959 1268 1015 quam
1279 942 1374 1014 pietati
1390 943 1506 998 Petrum
1515 957 1566 1013 per
1575 941 1670 997 omnia

103 1038 226 1093 cundum
239 1037 397 1093 doctrinam
418 1036 610 1108 evangelicam
625 1038 654 1091 et
668 1035 803 1107 apostoli·
854 1039 1027 1096 concordare
1041 1037 1174 1111 reperiet.
1191 1037 1320 1108 Cumque
1338 1052 1355 1090 a
1370 1051 1400 1089 se
1413 1035 1469 1090 hoe
1482 1034 1559 1107 quod
1578 1033 1669 1090 eidem

103 1131 259 1187 edicamus.
270 1131 340 1196 Quia
352 1131 418 1186 licet
431 1132 516 1202 plene
531 1146 596 1201 quae
609 1146 723 1201 semper
734 1129 804 1184 fuis·
853 1132 1183 1205 profuturumsiterpeti
1192 1129 1409 1202 desiderarique
1427 1127 1602 1200 cognoverit,
1621 1144 1669 1183 ca·

103 1240 143 1298 [ue
165 1228 240 1280 esset
262 1224 468 1279 catholicorum
493 1223 637 1278 sententia
656 1223 810 1301 scripseri·¹
854 1226 1027 1282 tholicomm
1046 1224 1194 1280 sententiis
1213 1222 1374 1279 totocorde
1393 1221 1559 1278 consentiat.
1579 1223 1619 1276 lta
1638 1225 1671 1276 ut

103 1335 175 1374 men
187 1334 263 1373 nunc
274 1334 387 1390 quoque
401 1317 438 1372 ad
450 1316 662 1372 confirmandas
672 1317 803 1372 omnium
853 1320 993 1376 sinceram
1014 1319 1228 1375 communionis
1248 1317 1314 1374 fidei
1334 1316 1540 1391 professionem
1556 1315 1670 1370 absolu-

110 1429 170 1468 non
180 1429 283 1484 parum
296 1411 497 1467 exhortationis
510 1409 682 1466 addidimus.
696 1411 805 1467 ldemor
853 1413 962 1469 tissima
976 1413 1184 1485 subscriptione
1202 1428 1297 1468 coram
1311 1410 1391 1467 omni
1406 1412 1483 1467 clero
1498 1414 1528 1466 et
1540 1409 1671 1465 universa

103 1523 143 1562 un
155 1523 201 1562 me
216 1507 268 1561 sub
287 1505 363 1560 illius
381 1506 498 1560 nomine
512 1504 675 1577 presidere,
690 1504 804 1575 cujusa
852 1507 935 1579 plebe
949 1506 1083 1576 declaret,
1106 1506 1266 1578 apostolicae
1281 1505 1348 1562 Scdi
1364 1509 1391 1561 et
1406 1504 1543 1560 universis
1558 1503 1670 1559 Domini

103 1617 110 1655 i
133 1602 197 1657 iesu
213 1599 325 1656 Christo
346 1604 389 1655 est
412 1599 568 1671 glorificata
595 1598 744 1666 confessio,
775 1600 804 1653 et
853 1599 1042 1656 sacerdotibus
1056 1605 1142 1672 atque
1155 1599 1279 1655 ecclesiis
1291 1598 1503 1671 publicandam,
1517 1602 1559 1665 ut,
1573 1597 1670 1668 pacili-

103 1694 159 1752 ldes
184 1710 283 1750 omnes
306 1693 422 1765 quidem
444 1694 569 1748 haereses
592 1692 728 1761 destruit,
754 1691 804 1748 sed
853 1697 1076 1765 catoperuuam
1085 1693 1172 1749 fidem
1181 1692 1561 1764 mund0,possimus0mues
1575 1690 1670 1746 dicere

103 1805 112 1844 e
124 1788 302 1860 impietatem
316 1787 467 1860 praesentis
481 1786 586 1842 erroris
599 1789 758 1858 expugnat3
775 1759 841 1841 etB
852 1787 928 1860 quod
940 1787 1037 1859 angeli
1051 1790 1120 1843 nato
1136 1787 1171 1842 de
1186 1786 1271 1843 llaria
1283 1786 1394 1858 virgine
1408 1785 1552 1841 Salvatore
1565 1784 1671 1839 cecine-

103 1895 117 1933 o
134 1878 206 1933 mibi
229 1878 305 1934 aliud
325 1895 383 1934 non
398 1877 483 1935 licere
497 1895 583 1950 quam
597 1881 631 1933 ut
644 1893 745 1932 omnes
759 1892 804 1932 co·
852 1884 920 1936 runt
931 1897 938 1936 :
951 1900 965 1932 a
975 1880 1068 1937 Gloria
1077 1881 1107 1936 in
1116 1881 1233 1936 excelsis
1243 1881 1310 1951 Deo,
1321 1884 1351 1935 et
1359 1880 1389 1935 in
1399 1883 1477 1935 terra
1487 1878 1671 1951 paxhomini·

103 1988 163 2028 reos
177 1972 202 2028 ei
215 1990 306 2028 causae
319 1975 349 2028 in
363 1990 420 2044 qua
434 1971 600 2028 universalis
614 1970 745 2027 Ecclesia
757 1986 800 2025 sa·
852 1973 904 2030 bus
917 1974 1001 2030 honae
1010 1974 1164 2031 voluntatis
1180 1975 1254 2047 (tue.
1272 1991 1302 2043 11,
1317 1974 1369 2046 ll).
1385 1996 1399 2024 o
1415 1973 1485 2038 Quia
1496 1988 1563 2028 vero
1578 1976 1608 2027 et
1618 1987 1670 2027 nos

103 2069 197 2134 statur,
212 2067 388 2139 impendam.
398 2068 437 2122 Ne
447 2070 545 2121 autem
554 2065 648 2137 aliqua
657 2064 802 2136 negligen·
853 2070 882 2123 et
894 2067 970 2124 beati
984 2069 1081 2124 Patres
1089 2068 1192 2136 nostri,
1206 2084 1330 2141 quorum
1339 2066 1500 2122 doctrinam
1515 2070 1543 2121 et
1554 2080 1671 2120 venera-

103 2160 205 2216 asione
227 2162 333 2232 scripta
355 2164 452 2216 nostra
468 2160 504 2215 ad
523 2176 573 2215 vos
585 2177 643 2215 nou
657 2158 804 2231 potuerint
852 2178 918 2217 mur
939 2164 969 2218 et
991 2162 1149 2235 sequimur,
1169 2161 1198 2217 in
1215 2161 1298 2218 unius
1310 2160 1376 2217 fidei
1395 2159 1547 2216 concordia
1561 2175 1668 2226 sumus,

103 2270 146 2324 re,
172 2256 347 2326 exemplaria
371 2255 539 2311 eorumdem
561 2271 636 2310 nunc
661 2253 803 2310 mittenda
852 2255 924 2311 sicut
938 2256 1148 2328 provinciarum
1164 2255 1295 2312 omnium
1312 2256 1508 2328 protestantur
1518 2253 1668 2320 antistites,

103 2364 170 2418 nus,
186 2354 218 2404 ut
231 2349 311 2403 nullo
325 2348 411 2404 modo
423 2348 489 2404 fidei
504 2364 592 2421 quam
608 2348 800 2415 defendimus,
851 2355 919 2422 agat
932 2350 1092 2406 clementie
1110 2354 1209 2406 vestre
1229 2347 1409 2405 devotissima
1423 2347 1503 2415 fides,
1520 2351 1551 2402 ut
1565 2362 1668 2419 quam·

103 2441 149 2496 itio
161 2444 264 2497 nostrae
277 2442 387 2497 notitias
398 2442 589 2498 subtrahatur.
606 2443 676 2497 Data
688 2442 801 2497 decimo
851 2444 979 2517 primum
988 2445 1025 2500 ad
1040 2461 1092 2499 nos
1101 2442 1406 2515 constantinopolitani
1424 2440 1560 2513 episcopi,
1575 2439 1670 2513 qualia

105 2534 221 2591 alendas
235 2536 348 2607 Aprilis,
364 2536 561 2592 Valentiniano
575 2539 702 2607 Augusto
717 2537 762 2591 Vll
774 2541 802 2591 et
851 2538 952 2594 debeat
967 2537 1077 2610 probati
1096 2542 1125 2593 et
1135 2537 1268 2594 catholici
1288 2536 1441 2592 sacerdotis
1455 2535 1557 2608 scripte
1572 2549 1670 2607 perve-

106 2629 314 2687 Vconsulibus.
851 2631 940 2701 nient,
964 2634 1062 2704 aperte
1084 2631 1200 2699 scilicet,
1222 2636 1307 2704 atque
1328 2630 1450 2686 dilucide
1471 2627 1668 2701 protestantia,

122 2724 187 2778 lllll.
203 2754 237 2764 -
252 2724 299 2778 Ad
315 2724 490 2778 Theodosium
502 2726 663 2792 Augustum.
851 2725 926 2798 quod
940 2725 963 2781 si
977 2725 1041 2798 quis
1056 2725 1092 2780 de
1103 2725 1297 2781 incarnatione
1312 2723 1395 2780 Verbi
1408 2723 1459 2778 Dei
1474 2721 1550 2778 aliud
1562 2720 1668 2794 aliquid

105 2817 238 2890 piscopus
252 2818 408 2872 Turonosro
424 2820 561 2889 Augusto,
577 2823 632 2873 etc.
851 2818 948 2873 credat
967 2824 1016 2874 aut
1036 2822 1143 2875 asserat
1164 2836 1250 2892 quam
1271 2818 1477 2874 catholicorum
1498 2815 1627 2871 omnium
1642 2819 1670 2869 et

103 2910 159 2966 bus
168 2911 284 2982 quidem
297 2914 397 2965 vestrae
409 2911 523 2982 pietatis
532 2910 660 2982 epistolis
667 2911 743 2966 inter
753 2926 801 2965 eas
851 2928 914 2966 mea
927 2912 1063 2983 professio
1076 2916 1260 2986 protestatur,
1277 2913 1354 2968 hunc
1372 2929 1389 2968 a
1403 2927 1453 2966 sua
1468 2909 1668 2967 communione

103 3004 187 3060 tdines
200 3022 271 3076 quas
285 3022 335 3076 pro
355 3005 410 3060 fide
425 3005 549 3076 patimur
562 3021 643 3076 spem
662 3003 742 3058 nobis
756 3020 799 3059 se·
850 3009 987 3075 secernat,
1002 3010 1035 3063 ut
1048 3007 1074 3062 ei
1090 3008 1246 3063 fraternam
1259 3007 1288 3063 in
1300 3005 1412 3063 Christo
1425 3005 1594 3061 charitatem
1608 3018 1668 3058 me-

103 3115 111 3152 s
130 3098 284 3153 maximam
298 3098 469 3170 praestitistis
483 3099 629 3153 Nicaenum
650 3113 797 3153 commen·
850 3099 1055 3171 ritopossimus
1070 3101 1248 3173 impendere.
1265 3103 1300 3157 Ut
1313 3105 1410 3156 autem
1421 3098 1580 3154 salubribus
1593 3096 1669 3152 curis
1684 3090 1689 3101 '

103 3192 265 3258 concilium,
286 3191 357 3247 adeo
378 3196 409 3246 ut
427 3192 462 3246 ab
484 3193 543 3260 illo,
566 3192 727 3262 sicutsaepe
737 3191 798 3262 jam
849 3193 970 3248 velocior
993 3195 1168 3267 pleniorque,
1191 3195 1342 3251 auxiliante
1357 3194 1487 3260 Domino,
1503 3209 1555 3264 per
1568 3193 1668 3247 vestre

103 3305 114 3352 ι,
135 3302 193 3341 noo
208 3285 356 3357 patiamini
377 3287 536 3341 secerdotes
549 3285 662 3342 Domini
677 3285 798 3341 deviare.
849 3287 1008 3342 clementiae
1033 3288 1120 3343 fidem
1147 3293 1299 3360 praestetur
1327 3289 1453 3355 allectus,
1480 3287 1514 3343 ad
1530 3287 1667 3358 pietatem

104 3379 211 3451 aliquid
222 3381 252 3435 in
264 3380 462 3452 prejudicium
472 3380 618 3435 catholicae
628 3379 800 3434 defensionis
849 3384 971 3436 vestram
985 3381 1085 3436 fratres
1100 3386 1129 3437 et
1141 3383 1319 3454 coepiscopos
1336 3387 1448 3438 nostros
1462 3379 1626 3435 abundium
1641 3383 1668 3431 et

109 3474 200 3545 egisse
216 3474 251 3528 de
275 3474 456 3529 ordinatione
472 3475 531 3545 ejus
546 3474 596 3546 qui
608 3473 800 3530 Constantino
848 3475 1000 3542 Asterium,
1011 3474 1060 3530 sed
1075 3478 1105 3530 et
1118 3475 1252 3531 Dasilium
1265 3480 1293 3530 et
1303 3477 1466 3531 senatorem
1475 3472 1666 3545 presbyteros,

103 3568 246 3638 ecoepcrit
258 3568 383 3622 ecclesia
394 3567 637 3638 presidere,nihil
647 3566 798 3622 interimin
850 3583 973 3638 quorum
986 3568 1057 3623 mihi
1073 3569 1184 3624 devotio
1202 3576 1244 3625 est
1260 3568 1391 3640 probata,
1409 3567 1510 3636 direxi,
1530 3583 1580 3639 per
1597 3582 1668 3637 quos

103 3677 149 3716 am
173 3664 282 3732 partem
307 3667 415 3716 temere
442 3660 657 3716 rescribendum
684 3659 798 3731 putavi,
849 3677 913 3733 que
928 3664 1033 3716 nostrae
1045 3662 1137 3717 forma
1149 3664 1184 3718 sit
1197 3662 1264 3718 fidei
1274 3662 1462 3717 manifestatis
1471 3659 1666 3715 instructioni-

103 3755 239 3810 actionem
250 3772 367 3826 negans,
379 3755 427 3811 sed
441 3755 697 3809 manifestationem
705 3753 799 3808 cattio
849 3754 902 3808 bus
912 3770 983 3826 quas
993 3755 1134 3824 misimus,
1146 3757 1258 3828 possitis
1269 3755 1421 3828 dignanter
1430 3769 1596 3827 agnoscere,
1604 3755 1636 3806 ut
1645 3752 1667 3806 si

103 3847 192 3902 ritatis
211 3853 385 3920 exspectans.
409 3848 489 3913 Quod
505 3848 703 3920 aequanimiter
714 3848 798 3916 ferat,
849 3848 1176 3920 Constantinopolitanus
1189 3850 1307 3905 antistes
1322 3851 1351 3904 in
1367 3849 1498 3904 eamdem
1516 3844 1664 3902 confessio·

106 3946 218 4012 ,restra
233 3942 397 4010 clementia,
412 3946 444 3996 ut
458 3958 523 3996 cum
536 3943 622 3996 talem
641 3960 669 3997 se
689 3958 757 4013 erga
769 3941 800 3994 fr·
849 3957 915 3996 nem
931 3945 991 3997 toto
1007 3942 1092 3997 corde
1108 3943 1259 4014 consentit,
1275 3944 1365 3999 securi
1382 3943 1422 4012 (ut
1431 3942 1551 4014 dignum
1562 3941 1613 4011 cst)
1630 3940 1665 3995 de

103 4035 229 4091 boticem
238 4037 351 4107 qualem
366 4035 505 4106 cupimus,
518 4035 689 4107 approbarit,
699 4035 732 4090 de
741 4034 798 4089 sin·
850 4034 1116 4107 ecclesiasticapace
1133 4024 1273 4105 laeteimrr,
1285 4053 1378 4109 neque
1393 4036 1468 4092 aliud
1486 4035 1611 4091 residere
1624 4034 1665 4088 vi·

111 4129 199 4201 ipsius
212 4110 333 4201 copiosis
358 4133 386 4183 et
409 4131 533 4184 securius
553 4130 736 4200 gaudeamus.
761 4130 799 4184 lie
850 4128 1136 4202 deaturambiguum,
1151 4134 1182 4185 ut
1195 4131 1229 4186 de
1243 4131 1395 4203 superfluis
1407 4130 1527 4186 forsitan
1537 4129 1667 4202 suspicio·

103 4239 157 4295 qua
176 4223 256 4277 illum
275 4224 310 4278 de
325 4226 422 4277 nostro
434 4223 530 4277 animo
544 4223 674 4277 mordeat
686 4223 800 4277 sinistra
849 4220 934 4275 uibus
945 4221 1120 4277 laboremus.
1132 4221 1181 4277 Sin
1195 4222 1382 4295 veroaliquia
1392 4222 1515 4295 puritate
1524 4223 1628 4276 nostrae
1638 4221 1667 4274 fr·

103 4339 116 4385 ·‚
131 4318 307 4372 occasionem
321 4316 590 4372 totiusdiffrcuitatis
602 4333 729 4383 amoveo,
747 4333 799 4371 nec
850 4313 896 4368 dei
909 4319 995 4385 atque
1006 4316 1124 4371 Petrum
1140 4317 1308 4371 auctoritate
1323 4316 1506 4382 dissentiunt,
1515 4314 1667 4370 concilium

104 4411 188 4483 exigo
199 4411 268 4483 quid
283 4416 330 4465 aut
341 4411 463 4464 arduum
475 4410 660 4464 videaturaut
670 4409 799 4476 dubium,
851 4407 1010 4463 universale
1025 4408 1099 4464 intra
1118 4409 1225 4464 ltaliam
1240 4410 1313 4465 sicut
1325 4410 1448 4482 synodus
1460 4426 1524 4482 quae
1540 4409 1575 4464 ob
1593 4408 1667 4463 hanc

103 4505 127 4559 id
141 4504 217 4576 quod
234 4505 328 4558 nullus
348 4503 551 4558 catholicorum
576 4503 680 4559 refutet
698 4503 963 4579 invito.1)causam
983 4502 1080 4556 Romae
1102 4508 1283 4570 convenerat,
1296 4520 1408 4558 mecum
1420 4503 1503 4574 petit,
1517 4502 1667 4558 clementia

103 4598 139 4652 im
153 4602 219 4653 sunt
234 4614 285 4669 per
299 4599 463 4652 universum
478 4597 620 4652 mundum
639 4600 723 4668 atque
739 4613 799 4651 ma·
849 4600 939 4648 vestra
954 4594 1097 4664 concedat,
1110 4595 1180 4650 utin
1191 4613 1281 4650 unum
1292 4596 1524 4652 convenientibus
1535 4595 1667 4650 omnibus

103 4691 151 4764 qui
168 4698 233 4746 ante
256 4710 315 4758 uos,
327 4692 384 4746 sire
400 4691 505 4757 Graeca,
521 4691 578 4745 sive
592 4690 690 4745 Latina
702 4689 800 4763 lingua
850 4687 954 4759 hisqui
965 4691 1015 4742 aut
1024 4688 1198 4759 ignorantia,
1213 4693 1264 4745 aut
1275 4691 1379 4745 timore
1392 4689 1518 4763 prolapsi
1529 4693 1595 4744 sunt
1608 4706 1667 4745 cor-

104 4784 181 4840 olicae
209 4784 333 4839 veritatis
362 4784 561 4856 praedicatione
587 4784 739 4851 fulserunt,
764 4784 798 4838 ad
849 4781 983 4836 rectionis
996 4782 1132 4838 remediis
1145 4783 1318 4851 consulatur,
1333 4801 1385 4840 nec
1398 4784 1532 4857 cuiquam
1546 4784 1620 4840 ultra
1633 4784 1669 4839 sit
1719 4810 1721 4815 ·

103 4880 275 4934 scientiam
297 4883 380 4951 atque
400 4879 557 4934 doctrinam
580 4878 697 4949 quidam
714 4877 799 4932 ctiam
848 4875 969 4931 liberam
983 4876 1022 4932 ita
1045 4876 1166 4932 Nicceme
1191 4878 1293 4949 synodi
1318 4878 1413 4933 facere
1433 4879 1620 4949 mentionem,
1639 4884 1668 4934 ut

111 4973 201 5027 utatis
228 4972 344 5039 cedunt,
366 4973 400 5027 do
422 4989 544 5044 quorum
566 4971 676 5042 scriptis
700 4987 751 5042 par
771 4976 800 5027 et
850 4969 911 5041 ejus
924 4969 1162 5026 fideiinreniatur
1183 4987 1243 5026 esse
1263 4972 1429 5028 contrarius.
1448 4974 1587 5038 Quoniam
1608 4973 1668 5028 uni-

103 5083 133 5123 ει
154 5068 300 5139 profertur
315 5067 472 5120 instructio.
489 5066 558 5130 Quae
575 5065 649 5119 sicut
663 5065 800 5120 Nestoria·
849 5080 936 5118 versae
950 5069 977 5119 et
992 5064 1123 5118 Ecclesiae
1140 5071 1168 5120 et
1183 5071 1275 5121 vestro
1287 5066 1341 5120 hoc
1354 5066 1476 5138 imperio
1486 5068 1666 5140 profuturum

103 5161 209 5215 acesim
235 5161 382 5224 destruxit,
409 5161 446 5214 ita
466 5160 551 5214 etiam
571 5159 709 5231 huncqui
724 5176 799 5213 nunc
850 5162 901 5223 est,
916 5157 939 5211 si
954 5174 1027 5212 unus
1041 5158 1124 5228 Deus,
1140 5163 1169 5212 et
1184 5176 1240 5214 una
1253 5160 1334 5231 fides,
1351 5178 1444 5217 unum
1457 5165 1665 5217 sacramentum

105 5256 136 5308 at
145 5254 264 5309 abscidit
281 5270 415 5309 errorem.
438 5254 554 5324 Delegat
569 5253 667 5324 itaque
683 5252 799 5308 sollicite
849 5251 946 5306 salutis
961 5251 1106 5320 humanm,
1122 5252 1204 5307 unius
1220 5254 1307 5309 totius
1320 5257 1420 5311 mundi
1431 5255 1604 5311 confessione
1625 5257 1666 5307 to.-

103 5348 192 5402 auctis
206 5347 336 5402 Patribus
349 5347 551 5402 incarnationis
563 5347 717 5403 Dominicis
730 5346 799 5401 fides
849 5348 960 5401 neatur.
978 5346 1048 5400 Data
1063 5346 1172 5401 decimo
1193 5347 1316 5419 septimo
1331 5349 1521 5405 Kalendarum
1535 5346 1665 5417 Augusti.

103 5442 225 5496 ustodita
245 5457 414 5513 semperque
432 5441 564 5496 similiter
582 5440 748 5513 praedicata,
771 5444 799 5495 et
986 5439 1063 5492 XVll.
1079 5469 1112 5479 -
1124 5441 1170 5496 Ad
1189 5442 1358 5498 Pulchericm
1370 5445 1530 5513 Augustam.

103 5536 238 5590 nemoriae
252 5535 347 5607 Cyrilli
360 5534 542 5590 Alexandrini
557 5533 683 5605 episcopi
697 5533 800 5605 episto·
885 5533 939 5586 teo
952 5531 1101 5604 episcopus
1115 5535 1277 5592 Praesume
1290 5539 1433 5607 Augustae.

113 5629 276 5685 Nestorium
287 5629 429 5701 corrigere
440 5633 469 5683 et
479 5644 580 5683 sanare
589 5627 686 5694 voluit,
698 5643 800 5698 pravas
884 5625 997 5680 Gaudeo
1021 5625 1088 5680 fidei
1110 5628 1269 5684 clementia
1288 5633 1389 5684 vestrae
1403 5628 1477 5700 quod
1500 5628 1666 5702 religiosum

104 5722 194 5777 tiones
210 5724 297 5794 ipsius
310 5740 432 5795 arguens
447 5726 476 5777 et
486 5721 645 5778 evidentius
656 5721 742 5776 fidem
755 5720 800 5775 Ni·
848 5718 976 5773 studium
989 5717 1144 5790 dignanter
1167 5720 1340 5792 impenditis,
1358 5726 1390 5776 ut
1409 5739 1461 5794 par
1481 5721 1666 5778 ecclesiastica

103 5816 265 5873 illinitionis
278 5834 433 5890 exponens,
450 5832 615 5890 quanquam
633 5814 668 5869 ab
683 5829 715 5869 co
729 5813 797 5869 mis·
848 5813 1009 5882 renovetur,
1029 5827 1094 5889 qua
1115 5813 1290 5871 eorumdem
1314 5814 1550 5875 damnatissimae
1570 5814 1692 5869 diaetae
