3870 6150
608 209 847 271 uficnutntltnl
864 216 1058 276 cotinculo.
1609 236 1660 291 526

103 332 197 373 iorum
227 320 424 387 computatum
455 315 574 383 tenebit,
597 318 646 373 sed
674 337 708 375 ex
741 337 797 392 quo
807 325 917 410 Anibil
943 327 1040 384 licebit
1055 331 1266 390 inextraneum
1288 336 1449 395 dominium
1470 340 1658 400 transactione

103 408 118 466 ii
138 409 312 481 scripturam
333 411 453 465 confecit
475 409 568 463 verius
596 410 697 465 obiisse
725 429 794 468 con·
846 435 1013 492 quacunque
1026 422 1268 494 deducere,eedsi
1282 444 1317 484 ex
1329 430 1374 485 his
1386 432 1522 503 quaelibet
1534 436 1657 492 vendere

846 512 965 567 tortasse
981 515 1130 582 voluerint,
1147 519 1286 575 sacerdoti
1303 523 1431 593 ejusdem
1445 527 1570 583 ecclesiae
1588 529 1656 585 olfe-

103 621 262 678 ggcgssihus
283 621 450 676 mmmmm
476 622 601 677 ecclesia,
623 624 794 695 pierumque
844 608 1658 692 rantconvenienteremenda,earumquererumpretiaut

103 730 131 770 m
143 714 271 770 videmus
285 713 432 768 ecclesiam
457 714 629 782 conversari,
644 719 673 769 et
684 714 794 789 bicipiti
845 697 885 752 eis
897 700 1034 769 placuerit
1047 707 1096 756 aut
1109 702 1281 774 dispensent,
1293 713 1342 762 aut
1355 708 1490 766 habeant.
1504 712 1574 768 Nam
1588 715 1656 771 etin

103 824 186 863 umus
206 807 291 861 Μὴ)
307 807 468 874 coningere,
483 823 552 872 unc,
570 806 639 861 dum
661 808 794 879 superbia
844 791 1005 848 dominium
1020 795 1107 865 partis
1118 796 1233 851 alterius
1246 798 1478 859 reisuascensum
1491 806 1656 864 nullomodo

103 900 144 955 pi,
154 899 794 968 auctosmntemmiurpbesiaqg,aliero,dum
843 885 966 941 transire
981 887 1180 959 permittimus.
1195 890 1257 946 Suis
1273 908 1342 964 erge
1357 893 1422 949 liliis
1434 898 1477 951 vel
1487 899 1656 973 propinquis

104 992 294 1066 superbientis
312 993 342 1047 jn
362 991 553 1046 conditionem
574 992 661 1047 ,elabi
681 993 791 1064 cogni„
843 977 971 1048 ejusdem
986 980 1113 1036 ecclesiae
1127 982 1171 1036 vel
1184 984 1298 1039 servitio
1313 986 1355 1041 vel
1378 990 1535 1058 patrocinio
1557 993 1652 1066 subju-

104 1103 128 1143 8,
141 1087 206 1141 ideo
223 1101 289 1140 cum
306 1086 368 1157 jam
382 1084 533 1156 praeterjns
551 1085 667 1140 patrum
686 1088 792 1158 regulis
842 1071 916 1142 gatis
927 1088 1106 1145 quaecunque
1120 1075 1245 1132 vendere
1256 1078 1301 1133 vel
1319 1079 1425 1136 donare
1438 1083 1578 1141 voluerint
1591 1087 1653 1144 edi·

103 1195 168 1252 iper
178 1180 233 1234 hoc
245 1179 362 1233 diversae
375 1177 581 1232 constitutionis
594 1181 792 1235 emanaverint
840 1165 887 1217 tus
899 1163 1016 1219 ⁰¹¹¹¹II¹¹⁰
1027 1166 1144 1237 patebit

103 1289 145 1341 es,
168 1279 264 1328 tamen
287 1271 434 1344 quoddam
458 1271 487 1325 in
514 1270 727 1341 plenitudinem
751 1274 790 1328 rei
877 1258 954 1312 xvn.
972 1258 1107 1329 baptizati
1120 1260 1209 1316 Iudai
1222 1278 1391 1336 quecunque
1405 1266 1468 1324 loca
1488 1276 1564 1327 certo
1581 1278 1655 1330 tem·

103 1366 277 1438 ,nspexjmus
286 1365 788 1435 adhucinnecifflqcomplemenpm
841 1366 908 1421 pore
923 1355 1136 1422 conversentur,
1153 1353 1231 1408 testie
1244 1358 1339 1411 tamen
1355 1360 1505 1433 precipuis
1522 1365 1589 1420 Novi
1603 1367 1652 1423 I'e·

103 1465 155 1514 cut
175 1459 272 1529 legum
298 1456 456 1513 reverenda
479 1457 587 1511 sanctio
608 1458 729 1525 censuit,
749 1459 789 1514 ita
841 1443 975 1498 statuenti
987 1444 1059 1499 serie
1075 1448 1256 1515 consecratis,
1270 1465 1302 1503 ac
1318 1449 1418 1506 diebus
1434 1452 1488 1509 illis
1501 1472 1571 1528 quos
1585 1460 1653 1516 olim

103 1551 171 1608 ,iius
184 1550 374 1622 memnonis
387 1549 520 1604 nobilitas
530 1549 617 1618 dedit,
627 1554 660 1604 ui
669 1551 700 1605 jn
710 1552 789 1606 nuni,
839 1536 986 1592 sanctione
999 1537 1100 1592 veteris
1112 1539 1184 1611 legis
1196 1540 1310 1596 sibimet
1319 1544 1474 1602 censebant
1482 1565 1543 1604 esse
1554 1552 1654 1609 selem·

103 1642 789 1715 mpsijomaculegquodgenerosjmpmppja
839 1645 900 1695 nos,
925 1629 955 1683 in
983 1630 1143 1686 civitatibus
1174 1633 1351 1707 publicisque
1376 1642 1560 1699 conventibus
1586 1663 1653 1703 cum

103 1741 125 1791 i„
149 1737 230 1792 Unde
252 1736 360 1790 cunctis
385 1734 566 1789 ecelesiarum
587 1734 705 1804 libertis,
727 1743 786 1792 tam
838 1722 957 1777 summis
971 1723 1020 1777 liei
1040 1724 1230 1780 sacerdotibus
1252 1727 1393 1785 celebrare
1413 1734 1604 1808 precipimus,
1620 1746 1653 1798 ut

103 1846 137 1884 m
152 1828 268 1883 leminis
281 1843 438 1898 eorumque
457 1827 619 1898 propagini,
636 1828 784 1884 interdici.
837 1830 935 1870 eorum
950 1818 1195 1872 conversationem
1205 1818 1330 1874 attidem
1342 1826 1370 1876 et
1379 1826 1504 1895 pontifex
1513 1831 1652 1903 approbet

103 1923 136 1993 io
152 1923 334 1994 generalius
347 1920 480 1990 deinceps
493 1936 578 1975 causa
591 1922 726 1976 connubii
736 1929 785 1978 aui
835 1912 864 1962 et
878 1909 981 1963 veritas
994 1915 1094 1965 servet.
1111 1911 1198 1982 Hujus
1209 1928 1277 1966 vcro
1290 1917 1445 1973 temerator
1458 1920 1552 1992 edicti,
1565 1932 1651 1997 prout

121 2015 254 2088 ingenuis
276 2013 444 2085 copulentur
458 2016 507 2067 ant
528 2013 637 2068 Gothis.
659 2015 739 2078 Quod
760 2016 784 2070 si
835 2000 983 2073 episcopus
1008 2003 1180 2074 permiserit,
1204 2010 1254 2061 aut
1277 2007 1374 2080 tlagris
1398 2016 1448 2067 aut
1471 2013 1649 2074 abstinentie

103 2126 150 2164 um
172 2108 345 2181 quandoque
368 2106 502 2177 patuerit,
519 2106 710 2177 permistione
733 2109 783 2163 tali
834 2093 998 2164 subjacebit.
1014 2096 1139 2167 Expletis
1150 2099 1283 2154 omnibus
1296 2117 1360 2173 quae
1382 2103 1417 2157 nd
1432 2105 1587 2165 honestatis
1600 2128 1647 2168 re.

103 2201 439 2273 snitaprelesnunquam
453 2199 782 2271 merebiturJ'usdebitae
833 2187 930 2259 gulam
958 2188 987 2242 in
1016 2189 1200 2245 ⁰⁰¹¹³II⁰¹¹0¹¹¹
1228 2208 1331 2250 lenm
1359 2195 1528 2269 fraternam,
1553 2212 1649 2274 grates

103 2313 124 2364 s,
139 2311 192 2350 nec
205 2294 330 2349 ecclcsiae
349 2308 480 2364 unquam
501 2292 608 2346 carebit
626 2293 780 2365 obsequiis,
832 2280 1004 2335 exsolvimus
1017 2281 1174 2338 immortali
1183 2285 1301 2342 Domino
1312 2287 1362 2343 soli
1373 2290 1453 2362 cujus
1463 2292 1647 2367 dispositione

104 2388 196 2444 ‚gneio
215 2386 325 2442 donum
345 2385 482 2440 meruisse
495 2385 778 2442 mscsturljbemqg,
832 2372 955 2428 mirabili
967 2374 1003 2429 ad
1017 2375 1093 2431 huuc
1108 2380 1214 2432 sanctae
1228 2381 1462 2454 congregationis
1475 2390 1577 2445 coetum
1588 2407 1648 2448 me·

103 2481 273 2551 icontiugat
294 2494 493 2552 quemcunque
515 2477 551 2532 de
565 2478 673 2534 libertis
689 2480 778 2535 eccle·
829 2465 939 2521 fflimUS
959 2466 1089 2536 adunari,
1104 2473 1137 2524 ¹1²
1158 2473 1316 2528 ⁰⁰11¹m11⁰5⁵
1336 2475 1407 2531 visit)
1429 2483 1645 2552 prosperitatem

103 2591 186 2648 mque
205 2573 470 2646 pf033p1ae‚00uira
492 2571 642 2643 priminas
664 2573 777 2628 moder.
829 2558 1000 2628 ostenderet,
1009 2564 1038 2615 et
1047 2562 1269 2633 periinnctionc
1279 2568 1461 2625 concordiam
1475 2573 1642 2647 assignaret.

103 2670 208 2724 >anum
231 2667 356 2738 regulas,
369 2669 419 2720 aut
442 2665 551 2731 Gothis,
570 2668 620 2721 aut
643 2665 778 2722 Romanis
828 2651 1013 2708 Obsecrautes
1028 2653 1089 2725 ejus
1101 2656 1326 2714 misericordiam
1343 2660 1464 2732 largam,
1480 2670 1513 2721 ut
1525 2671 1644 2728 serenis-

113 2760 248 2833 009mm,
262 2765 321 2815 iam
333 2759 388 2813 ipis
401 2773 487 2831 quam
501 2774 600 2813 eorum
621 2758 700 2830 sgrpj
719 2775 777 2816 non
818 2744 899 2837 ⁸simo
912 2746 1032 2802 Domino
1046 2753 1074 2802 et
1087 2749 1202 2804 amabili
1212 2750 1334 2822 Christo,
1352 2754 1557 2815 Iteccesiuntho
1567 2764 1644 2834 prin·

103 2879 106 2904 i
119 2854 247 2910 eeclesiae
259 2852 419 2924 patrocinio
432 2851 555 2923 evagari,
567 2851 616 2906 sed
630 2851 667 2906 ad
682 2850 777 2909 dehita
826 2837 882 2910 cipi
890 2839 1024 2911 glorioso,
1032 2840 1071 2896 ita
1080 2843 1300 2912 praesentisvitae
1309 2846 1473 2905 felicitatem
1482 2852 1640 2928 impendat,

117 2947 220 3002 reverti
240 2945 358 3017 wgendj
374 2951 454 3014 ,0⁰23
469 2948 517 2998 aui
530 2943 552 2997 si
567 2943 660 2999 redire
675 2945 775 3000 noque.
826 2935 858 2986 ut
872 2932 1008 3004 angelicae
1021 2933 1205 2990 beatitudinis
1219 2937 1339 3008 gloriam
1352 2944 1415 3011 post
1428 2942 1558 3017 longeva
1570 2952 1642 3006 tem·

103 3056 218 3111 cunque
234 3039 276 3094 vel
292 3041 423 3109 parentes
438 3053 538 3092 eorum
549 3037 594 3091 vel
608 3036 662 3108 ipsi
676 3038 712 3093 ab
726 3053 773 3093 ec.
785 3054 812 3129 c
824 3041 896 3094 pora
907 3026 1053 3097 concedat,
1070 3031 1155 3100 atque
1167 3028 1207 3084 ita
1222 3045 1274 3084 nos
1286 3031 1414 3102 ejusdcm
1429 3035 1571 3095 felicitatis
1587 3042 1639 3098 las-

103 3132 283 3205 ,tadcpti,vel
293 3131 323 3187 in
330 3132 391 3202 ejus
401 3129 556 3202 patrocinio
567 3128 619 3184 risi
629 3133 696 3186 aunt
704 3147 772 3186 con·
824 3119 867 3171 tos
880 3117 994 3186 efficiat,
1004 3121 1038 3173 ut
1049 3118 1080 3173 iu
1095 3123 1168 3175 terra
1177 3121 1335 3178 viventium
1354 3133 1587 3189 remuneraturos
1600 3139 1641 3190 at·

103 3226 251 3282 imment„
272 3225 417 3297 pontifice,
437 3224 466 3278 jn
486 3222 624 3277 ditionem
648 3224 772 3295 proprjae
823 3209 913 3265 tollat.
929 3211 1112 3282 antiquitatis
1127 3211 1230 3268 dehinc
1245 3216 1376 3272 ordinem
1390 3220 1576 3281 saluberrime
1591 3244 1637 3283 re-

103 3319 277 3375 wgpesjffi
822 3301 945 3357 tinentes
958 3307 1112 3375 postquam
1134 3306 1275 3362 rationem
1295 3308 1360 3364 festi
1379 3313 1521 3370 Paschalis
1533 3317 1636 3375 trater·

821 3393 1000 3451 nitasvestra
1021 3396 1161 3468 cognovit,
1177 3401 1287 3455 noverit
1307 3418 1337 3456 se
1358 3419 1433 3458 anno
1455 3413 1573 3464 venturo
1590 3411 1636 3469 die

821 3487 1010 3542 Kalendamm
1031 3489 1234 3547 Novembrium
1250 3508 1336 3548 causa
1348 3499 1503 3568 peragendi
1523 3504 1635 3561 concilii

819 3580 916 3634 iubae
935 3580 1005 3636 urba
1025 3580 1138 3637 lavante
1163 3583 1281 3638 Domino
1304 3591 1483 3661 congregari,
1497 3597 1530 3648 nt
1548 3595 1633 3652 simili

103 3452 192 3507 :lasiae
214 3451 307 3506 liberti
322 3464 479 3520 eorumque
500 3448 653 3520 progenies
676 3447 770 3504 eidem

103 3545 136 3601 de
148 3562 204 3618 qua
216 3543 352 3599 libertatis
366 3541 485 3616 gratiam
499 3543 678 3611 meruerunt,
692 3541 770 3596 obse·

103 3644 185 3711 npta,
205 3638 369 3709 sinceraque
388 3635 540 3708 parabunt,
563 3634 629 3707 quia
646 3633 719 3690 sicut

103 3732 161 3807 [uio
173 3747 225 3803 pro
237 3730 420 3803 possibilitate
436 3728 481 3783 sui
495 3727 571 3799 quad
586 3727 670 3782 utiles
685 3726 767 3798 inge·

103 3830 145 3892 nt,
156 3825 198 3879 ita
212 3840 326 3896 quoque
344 3823 373 3876 in
396 3820 596 3877 emendatione
618 3819 767 3892 culparum

103 3917 161 3973 iles
173 3916 291 3989 ingenui
310 3914 498 3971 sustinebunt.

739 3651 768 3689 ¹¹¹
818 3671 985 3744 disceptatu,
998 3677 1047 3728 aut
1058 3689 1123 3744 quae
1142 3677 1370 3747 prospexerimus
1387 3697 1515 3754 congrua
1534 3686 1632 3745 decer·

818 3780 931 3833 namus,
943 3769 993 3821 aut
1004 3765 1089 3821 solius
1099 3767 1176 3838 pacis
1191 3775 1333 3826 conventu
1345 3772 1484 3832 laetemur.
1498 3779 1633 3836 Consum·

818 3862 929 3913 matum
944 3860 987 3913 est
999 3857 1054 3914 hoc
1073 3862 1201 3915 sanctum
1223 3863 1376 3919 concilium
1396 3866 1442 3922 die
1464 3874 1561 3927 octava
1582 3874 1632 3929 lla·

816 3949 964 4005 lendarum
976 3951 1189 4020 Novembrium,
1201 3970 1277 4009 anuo
1287 3954 1406 4013 feliciter
1418 3961 1540 4033 septimo
1549 3967 1630 4036 regni

103 4037 202 4095 ihertis
224 4037 348 4092 ecciesiae
377 4051 533 4107 eorumque
558 4035 710 4108 propagini
732 4051 766 4092 ex
817 4042 987 4098 serenissimi
1002 4046 1313 4116 atqueclemeutissimi
1333 4050 1442 4108 domini
1455 4056 1546 4111 nostri
1559 4058 1628 4114 Rec-

108 4148 174 4205 quae
196 4132 231 4187 dc
249 4132 315 4202 jure
330 4131 455 4186 ecclesia
470 4134 625 4185 noscuntur
646 4131 763 4199 habere,
815 4136 958 4191 cesiunthi
970 4137 1056 4209 regis,
1069 4155 1125 4194 aera
1139 4155 1255 4198 ncmvu.

103 4258 1624 4288 Ἣ
1701 4276 1706 4283 ,

298 4364 497 4430 INCIPIUNT
519 4364 715 4430 CAPITULA
736 4365 902 4432 CONCILII
923 4367 1119 4434 TOLETANI
1140 4366 1285 4436 DECIMI.

103 4491 241 4547 slebritate
254 4492 478 4548 annuntiationis
490 4492 655 4548 Dominicee.
773 4508 803 4581 D
850 4498 876 4548 5.
892 4494 930 4549 De
945 4495 1210 4552 sanctimonialibus
1231 4497 1345 4554 feminis
1366 4517 1430 4573 quae
1448 4504 1627 4576 propositum

103 4584 190 4656 isqui
209 4585 341 4640 adversus
355 4586 514 4658 principem
534 4586 762 4657 conjuraverunt.
814 4585 988 4658 abjecerunt.

103 4678 243 4751 episcopis
270 4679 320 4751 qui
352 4679 530 4735 monasteriis
557 4680 601 4733 vel
640 4678 763 4735 ecclesiis
849 4679 993 4734 ditabis
1015 4680 1065 4753 qui
1084 4681 1113 4735 In
1132 4698 1219 4754 parva
1237 4686 1319 4739 etate
1341 4700 1436 4740 coram
1459 4690 1626 4759 parentibus

103 4772 179 4829 'uram
200 4788 274 4841 snos,
289 4772 331 4826 vel
348 4771 400 4827 sibi
413 4773 540 4828 faventes
556 4771 726 4844 preficiunt.
813 4771 960 4845 religionis
979 4771 1109 4828 habitum
1131 4773 1285 4843 tenuerint,
1304 4777 1348 4832 vel
1369 4795 1459 4851 usque
1482 4782 1518 4837 ad
1539 4778 1634 4856 quar-⁸

103 4864 255 4921 rolessione
270 4867 298 4918 et
318 4865 418 4920 habitu
437 4866 589 4921 viduarum
610 4864 762 4920 sanctimo-
813 4868 875 4919 tum
896 4881 1006 4921 annum
1028 4865 1114 4921 liceat
1134 4866 1301 4937 parentibus
1325 4867 1398 4925 lilios
1422 4873 1535 4931 tradere
1559 4877 1624 4933 reli·

814 4973 902 5029 grani.
1435 4984 1438 4989 .

173 5178 379 5271 INCIPIT
415 5179 720 5273 CONCILIUM
753 5179 1008 5273 DECIMUM
1041 5179 1397 5280 TOLETANUM.

366 5326 452 5390 AEra
467 5344 618 5402 ucmvin,
638 5345 724 5390 anno
739 5334 852 5391 octavo
866 5325 1089 5392 neccesicnnr
1107 5328 1202 5408 repis.

103 5453 207 5511 bonam
227 5456 310 5512 nobis
329 5458 504 5529 spiritualem
529 5460 649 5516 contulit
669 5460 764 5516 diviua
814 5459 913 5527 animi,
927 5462 957 5514 et
969 5459 999 5514 in
1011 5463 1184 5515 conventum
1196 5460 1424 5531 loci,reterentes
1437 5464 1541 5534 gratias
1554 5463 1624 5520 invi·

103 5546 179 5604 ando
200 5548 299 5605 tribuit
321 5551 396 5606 inter
415 5569 467 5608 nos
484 5555 513 5607 et
534 5552 665 5608 salutaris
680 5552 761 5608 disci·
813 5551 887 5608 sibili
899 5553 968 5620 lieo,
980 5556 1010 5608 et
1024 5551 1149 5625 glorioso
1163 5569 1260 5609 rerum
1283 5553 1398 5610 dominc
1417 5555 1622 5614 Reccesiuntho

103 5641 242 5713 mantiam
258 5645 408 5700 convenire
425 5647 460 5701 ad
475 5646 657 5717 pacificorum
672 5646 763 5702 studia
812 5645 886 5717 regi,
906 5646 987 5718 cujus
1016 5646 1193 5702 sanctissimo
1213 5650 1277 5701 voto
1304 5650 1414 5703 retenta
1443 5648 1624 5719 paternitatis

103 5773 116 5789 ..
129 5733 315 5808 congregatis
326 5754 395 5811 ergo
404 5739 486 5795 nobis
497 5742 527 5795 at
539 5739 569 5794 iu
582 5738 764 5797 concordiam
813 5741 917 5796 ancta
929 5737 1081 5797 traditione
1095 5740 1130 5796 ed
1141 5755 1256 5796 sacrum
1264 5738 1409 5814 quivimus
1419 5742 1551 5801 adunari
1561 5760 1635 5803 can-
