3870 6150
208 267 259 325 {67
652 263 795 320 APPEND.
817 263 861 320 ab
881 262 962 320 SAEC.
979 261 1212 318 lx.-tsttt01tt
1229 257 1441 318 sanctionis
1840 256 1892 310 tdss

206 392 302 433 sermo
320 376 420 442 vester,
443 374 486 428 est
511 374 564 441 est,
587 388 646 428 non
668 389 736 428 non.
761 373 843 438 Quod
865 375 960 427 autem
982 372 1026 427 his
1036 374 1190 461 Aoportet
1202 386 1251 425 vos
1267 385 1327 425 esse
1340 370 1369 424 in
1388 365 1492 423 sanctis
1513 360 1773 421 conversationibus
1792 363 1822 416 et
1835 360 1894 432 pie·

205 463 397 522 abundantius
411 464 462 534 cst,
478 477 495 515 a
513 461 591 518 nialo
608 467 650 518 est
666 462 774 530 [natta.
795 479 823 530 v,
840 462 945 534 33-37)‚
961 482 974 512 ιι
995 461 1026 516 id
1077 464 1193 532 tatibus,
1205 465 1397 535 exspectantes
1405 465 1433 516 ct
1439 456 1828 533 properantesinadventum
1838 452 1894 509 dici

206 562 249 615 est
261 558 296 613 nh
311 557 443 628 exigente
457 557 653 627 etejurante.
665 558 738 623 flac,
750 558 840 612 trater
851 555 1025 623 charissime,
1077 575 1129 630 per
1154 574 1238 630 quem
1264 557 1327 613 coeli
1350 556 1482 612 ardentes
1515 554 1666 618 solventur,
1698 552 1728 605 et
1752 549 1895 604 elementa

204 652 266 724 ipse
286 649 424 706 Dominus
443 649 588 723 prohihet,
611 650 639 705 id
657 655 699 706 est
717 667 776 705 non
797 650 900 705 debere
916 650 1025 721 jurare,
1077 652 1152 723 ignis
1176 651 1278 707 ardore
1302 651 1445 707 tabescent
1471 648 1506 719 (ll
1527 650 1600 702 Petr.
1625 662 1665 711 111,
1688 645 1772 714 8-12).
1799 663 1814 692 s
1841 643 1893 697 Vos

204 745 265 801 haec
279 743 401 817 apostoli
419 744 542 800 maxime
562 761 674 812 omnes,
696 745 757 799 haec
777 744 865 800 sancti
880 743 934 798 viri
952 760 1025 815 prae-
1076 749 1182 812 autem,
1203 743 1371 813 charissimi,
1386 743 1455 798 dixit
1476 742 1562 796 ludas
1582 737 1734 810 apostolus,
1750 750 1895 790 memores

204 840 366 896 decessores
379 838 467 893 nostri
483 838 533 910 qui
548 838 732 894 huicsanctae
747 838 900 894 universati
916 842 1027 909 aposto
1076 841 1165 894 estote
1188 839 1340 893 verborum
1369 853 1433 909 quae
1455 834 1590 907 praedicta
1615 835 1682 887 sunt
1701 830 1737 884 ab
1760 829 1892 901 apostolis

204 933 267 989 licae
280 931 410 989 Ecclesiae
420 932 598 1005 praefuerunt
608 935 676 987 ante
687 948 751 1002 nos,
766 932 827 987 haec
840 932 988 1004 propheta
998 934 1027 986 et
1075 932 1189 987 Domini
1218 931 1309 987 nostri
1333 931 1399 986 lesu
1426 928 1540 994 Christi,
1568 925 1617 998 qui
1643 925 1777 980 dicebant
1804 921 1890 989 vohis,

204 1026 308 1099 reliqui
334 1026 424 1081 sancti
448 1026 578 1082 doctores
610 1042 662 1098 per
694 1026 859 1081 universum
885 1025 1026 1080 mundum
1076 1027 1211 1097 quoniam
1236 1026 1266 1080 in
1291 1024 1445 1081 novissimo
1472 1026 1602 1093 tempore
1628 1018 1744 1074 venient
1766 1017 1890 1071 illusores

205 1120 325 1192 dispersi
346 1120 382 1176 ad
407 1119 633 1191 predicandum,
653 1119 821 1192 juramenta
835 1118 897 1174 fieri
918 1120 1023 1174 vetant.
1076 1120 1232 1176 secundum
1247 1136 1298 1174 sua
1313 1118 1454 1174 desideria
1466 1110 1890 1184 ambulantesimpietatum.tli

206 1216 333 1280 Quorum
345 1230 398 1270 nos
409 1214 540 1285 exemplo
550 1214 574 1269 si
582 1213 752 1286 coeperimus
759 1229 930 1268 enumcrare
937 1217 988 1267 aut
995 1212 1024 1267 in
1076 1219 1142 1270 sunt
1158 1213 1207 1287 qui
1225 1214 1378 1286 segregant
1394 1210 1570 1282 semetipsos,
1593 1206 1740 1276 animales,
1762 1203 1889 1277 spiritam

209 1308 346 1364 schedula
358 1308 411 1363 hac
423 1308 560 1376 inserere,
575 1311 642 1363 ante
652 1307 786 1363 deiiceret
795 1306 929 1363 horadiei
937 1322 1024 1378 quam
1076 1325 1133 1363 non
1155 1307 1301 1363 habentes.
1325 1308 1378 1361 Vos
1399 1308 1505 1372 autem,
1528 1301 1699 1368 charissimi,
1719 1297 1889 1371 superaedifi-

206 1417 306 1458 eorum
328 1402 457 1474 exempla
477 1401 512 1456 de
527 1402 580 1456 hac
601 1418 683 1456 causa
704 1401 860 1473 prohibita.
885 1401 952 1465 Quae
974 1416 1025 1455 nos
1075 1410 1170 1458 cantes
1195 1401 1385 1472 vosmetipsos
1425 1397 1609 1453 sanctissimae
1638 1400 1738 1451 vestra
1773 1392 1838 1446 fidei
1863 1391 1889 1446 in

205 1499 368 1552 sanctorum
389 1497 539 1567 sequentes
563 1495 759 1567 apostoloram
782 1510 939 1567 eorumque
961 1510 1023 1549 suc·
1076 1497 1181 1568 Spiritu
1200 1501 1295 1552 sancto
1318 1498 1431 1550 orantes
1450 1493 1525 1565 ipsos
1544 1508 1592 1546 vos
1615 1490 1646 1545 in
1667 1487 1820 1544 dilectione
1843 1485 1889 1541 Dei

204 1606 347 1646 sessorum
371 1590 437 1661 Jura
462 1589 620 1656 firmamus,
657 1593 686 1643 et
712 1591 884 1643 sacramenta
912 1587 1025 1643 incauta
1076 1594 1194 1660 servate,
1224 1594 1418 1663 exspectantes
1450 1584 1676 1641 misericordiam
1702 1579 1817 1638 Domini
1841 1596 1889 1635 no·

205 1682 268 1738 lieri
281 1682 478 1758 prohibemus.
496 1682 576 1737 Unde
600 1688 629 1738 et
643 1682 703 1754 ipse
717 1682 858 1738 Dominus
878 1681 908 1737 in
920 1681 1024 1737 tabulis
1075 1685 1126 1740 stri
1140 1687 1204 1740 lesu
1216 1683 1320 1740 Christi
1337 1683 1368 1737 in
1391 1681 1479 1736 vitam
1496 1683 1644 1734 aeternam.
1660 1677 1694 1731 Et
1709 1676 1764 1730 hos
1779 1673 1891 1746 quidem

205 1776 327 1849 lapideis
349 1792 421 1848 quas
438 1775 523 1848 Moysi
546 1775 632 1845 dedit,
656 1776 775 1849 propria
792 1792 880 1831 manu
902 1775 1023 1847 scripsit,
1034 1761 1063 1836 Β
1075 1778 1186 1850 arguite
1196 1778 1346 1849 judicatos,
1367 1775 1431 1830 illos
1444 1791 1512 1830 voro
1527 1773 1629 1829 salvate
1645 1770 1680 1825 de
1694 1770 1763 1840 igne
1779 1767 1889 1839 rapien-

205 1870 311 1927 dicens.
326 1891 340 1922 a
358 1871 426 1925 Vide
439 1887 476 1925 ne
489 1886 617 1925 assumas
633 1886 740 1925 nomen
753 1870 805 1925 Dei
819 1869 860 1924 tui
877 1869 906 1925 in
919 1886 1024 1925 vanum
1073 1877 1125 1928 tes.
1148 1871 1217 1926 Aliis
1240 1876 1336 1926 autem
1362 1866 1540 1924 miseremini
1568 1867 1597 1921 in
1622 1865 1737 1932 timore,
1765 1861 1891 1916 odientes

204 1963 302 2037 (Effla-
319 1980 364 2033 ss>
387 1965 423 2036 7),
449 1985 463 2015 ¹)
487 1964 654 2036 etreliqua.
678 1965 735 2019 Nos
757 1967 854 2019 autem
877 1965 919 2036 (ut
939 1963 1024 2035 paulo
1074 1983 1137 2022 eam
1157 1982 1222 2038 qnae
1244 1965 1364 2020 carnalis
1381 1967 1423 2018 est
1441 1961 1611 2017 maculatam
1633 1959 1771 2014 tunicam.
1796 1955 1890 2011 Nullus

204 2059 336 2132 superius
351 2057 571 2130 prelibavimus)
590 2064 801 2114 sacramentum
820 2057 959 2130 episcopis
972 2073 1022 2113 ne·
1075 2061 1152 2116 onim
1174 2058 1352 2115 sacerdotum
1375 2073 1490 2112 causam
1512 2071 1592 2110 suam
1613 2052 1704 2108 alieno
1733 2049 1891 2108 committat

205 2152 310 2208 scimus
325 2151 462 2220 oblatum,
480 2167 675 2222 necunquam
696 2152 760 2206 sieri
781 2150 875 2220 dehet,
889 2151 1025 2224 quoniam
1071 2153 1188 2226 judicio,
1208 2154 1261 2208 nisi
1278 2153 1314 2208 ad
1335 2153 1434 2209 sedem
1458 2149 1641 2222 apostolicam
1662 2146 1751 2202 luerit
1774 2143 1891 2217 appella·

204 2246 246 2317 (¹1t
258 2261 343 2317 supra
370 2250 565 2299 memmium
589 2245 638 2311 esti
658 2251 836 2317 preceptum
855 2249 898 2298 est
914 2243 1025 2299 nobisa
1074 2252 1146 2318 tum,
1169 2247 1220 2302 sed
1241 2245 1438 2319 unusquisque
1460 2240 1711 2315 comprovinciales
1728 2238 1843 2311 judices
1867 2240 1892 2293 et

205 2338 328 2395 D⁰mi¹¹⁰
355 2353 412 2393 ¹¹⁰⁰
435 2337 604 2409 J'Ufflssdflffls
630 2354 724 2410 neque
748 2354 800 2411 per
821 2339 934 2406 cletum,
957 2337 1025 2409 quia
1073 2346 1157 2397 notos
1172 2340 1285 2411 habeat,
1300 2340 1354 2395 nisi
1369 2339 1493 2411 aliquam
1509 2337 1568 2392 vim
1585 2332 1747 2392 temerariae
1764 2331 1889 2389 multitu·

204 2432 325 2489 ¹hs0¹¹¹¹⁸
339 2431 389 2488 ⁰01
403 2437 456 2500 Ost,
478 2447 572 2504 neque
587 2447 640 2504 Det
655 2436 772 2501 terram,
788 2430 856 2503 quia
873 2431 1024 2486 scabellum
1075 2434 1148 2492 dinis
1162 2435 1219 2490 illic
1231 2433 1370 2503 timuerit,
1386 2437 1436 2488 ant
1449 2432 1575 2500 infestos,
1597 2434 1647 2485 aut
1664 2430 1814 2500 suspectos
1825 2424 1891 2481 inibi

204 2527 365 2598 estpcdum
378 2525 451 2597 ejus,
468 2541 562 2597 neque
576 2541 629 2597 per
643 2530 729 2598 caput
741 2541 836 2595 suum,
853 2524 1025 2597 quianullus
1071 2528 1181 2602 judices
1204 2528 1346 2595 habuerit,
1372 2543 1423 2598 pro
1463 2525 1567 2598 quihus
1591 2523 1683 2579 causis
1710 2522 1749 2577 ad
1776 2518 1890 2593 majona

204 2625 296 2693 potest
324 2636 414 2676 unum
441 2619 575 2692 capillum
601 2634 707 2675 creare.
727 2618 926 2691 Unusquisque
945 2618 1023 2674 enim
1073 2623 1249 2679 auctoritatis
1267 2622 1389 2694 judices,
1412 2625 1442 2676 et
1463 2620 1499 2674 ad
1519 2619 1590 2674 alias
1612 2615 1774 2690 provincias
1795 2611 1889 2687 appel·

206 2714 278 2771 sicut
292 2717 360 2770 ante
372 2715 463 2769 altare
472 2716 550 2768 stans
558 2713 609 2769 Dei
623 2712 756 2768 timorem
766 2712 854 2769 habet
864 2728 923 2784 prae
935 2711 1024 2769 oculis
1074 2715 1132 2773 lare
1158 2721 1187 2772 aa
1210 2716 1307 2772 venire
1332 2729 1498 2771 eoncessum
1524 2717 1575 2769 est,
1603 2710 1707 2768 omnia
1732 2725 1804 2780 ergo
1832 2722 1890 2781 qua

205 2810 234 2866 et
257 2807 402 2880 propriam
433 2806 640 2863 conscientiam
668 2806 806 2863 mundam
833 2810 925 2862 servat
955 2808 1023 2876 Deo,
1074 2811 1207 2867 adversus
1219 2810 1352 2865 absentes
1366 2809 1396 2864 in
1422 2808 1501 2863 omni
1519 2803 1787 2879 negot10,aut1000
1804 2817 1890 2874 agun-
1921 2826 1927 2834 -

204 2897 282 2969 quod
296 2896 326 2951 in
339 2896 510 2952 memoriam
524 2894 639 2966 retinet,
657 2896 821 2951 nullatenus
834 2895 922 2952 habet
935 2895 1023 2951 inter·
1074 2902 1644 2976 turautjudjfflnturomnjnovacuentur,
1656 2896 1893 2970 quomam.

205 2991 329 3059 mittere,
345 2990 610 3062 qu⁰¹11³m⁰⁸q¹1⁰d
621 2989 761 3046 mentitur
772 2988 1023 3045 ⁰⁰⁰idila1limtm·
1074 3003 1134 3054 tem
1145 3000 1241 3054 nullus
1253 2998 1368 3066 addicit,
1384 3013 1438 3053 nec
1452 2996 1513 3053 ulla
1524 2995 1571 3050 lex
1590 2995 1717 3061 damnat,
1731 2991 1815 3048 facile
1828 3005 1892 3064 ergo

206 3086 240 3142 Et
253 3084 404 3157 Apostolus
418 3084 457 3139 ait
473 3103 480 3139 ι
496 3103 510 3137 a
527 3082 690 3156 Loquimini
704 3084 856 3140 veritatem
872 3084 1023 3156 unnsquis-
1075 3093 1160 3149 homo
1177 3093 1325 3149 hominem
1348 3092 1448 3148 sapere
1473 3095 1576 3163 popm,
1598 3105 1656 3144 110„
1676 3092 1777 3143 tamen
1794 3087 1891 3155 Deum,

205 3195 261 3252 (ΨΘ
286 3194 351 3234 ⁰⁰1⁰
381 3176 510 3250 Pl⁰¹i¹1¹⁰
540 3194 601 3247 ⁵¹¹⁰,
625 3178 764 3249 timiam
789 3195 886 3233 sumus
904 3135 1155 3259 invicemccujus
1176 3187 1265 3243 oculis
1280 3186 1377 3243 omnia
1398 3185 1476 3242 nuda
1500 3188 1567 3241 sunt
1580 3189 1609 3238 et
1634 3184 1744 3254 aperta.
1761 3179 1846 3236 Unde
1857 3178 1895 3234 ait

205 3272 337 3329 membra
352 3272 457 3343 (aptes.
474 3288 510 3340 lb
521 3273 576 3342 25).
594 3290 607 3323 ¹³
623 3273 657 3326 Εἴ
671 3270 739 3327 alibi
755 3288 761 3327 ²
778 3293 792 3323 a
806 3272 898 3327 N⁰lst0
909 3272 1026 3328 mentiti
1075 3282 1215 3353 propheta
1231 3298 1238 3335 :
1256 3300 1271 3333 a
1285 3281 1423 3337 Dominus
1443 3278 1521 3335 novit
1540 3276 1726 3350 cogitationes
1740 3274 1893 3330 hominum

204 3365 326 3424 invicem
347 3367 414 3438 (cot.
437 3382 477 3434 ιιι,
501 3367 539 3437 9).
560 3386 574 3415 n
598 3367 661 3421 Daec
683 3369 750 3422 sunt
770 3369 912 3440 precepta
934 3366 1026 3423 Salva·
1075 3375 1210 3447 quoniam
1222 3390 1301 3430 vanoe
1320 3377 1386 3429 sunt
1405 3373 1427 3444 (t
1445 3375 1504 3431 Gor.
1524 3387 1565 3439 ιιι,
1580 3370 1637 3440 20).
1658 3390 1672 3420 »
1689 3367 1815 3442 Sapiens
1828 3381 1893 3440 orgo

204 3461 284 3531 ¹⁰5³»
313 3461 374 3517 ¹¹aess
393 3459 621 3532 Df⁰Dh0fflfflmr
638 3459 701 3515 haec
724 3462 888 3516 ⁵ffl0t01¹11¹11
909 3462 1024 3516 Pfltfflm
1074 3485 1133 3524 non
1156 3472 1199 3525 est
1219 3468 1270 3541 qui
1289 3472 1389 3536 nocet,
1414 3464 1648 3538 necquidquam
1673 3463 1745 3519 mali
1770 3460 1894 3535 vultqoi

205 3554 343 3610 instituta·
359 3554 429 3619 Qua
444 3553 468 3609 Si
486 3552 551 3626 quis
570 3552 602 3608 1¹1
621 3568 726 3609 lanum
744 3553 867 3625 (huetii,
881 3554 969 3610 h⁰³fi⁸
983 3559 1026 3609 est
1074 3563 1165 3620 tidelis
1178 3568 1231 3632 est,
1246 3567 1296 3619 aut
1310 3562 1444 3634 cuiquam
1458 3559 1575 3616 insidias
1588 3557 1783 3614 machinatur.

205 3648 310 3704 animal
338 3664 407 3719 suae,
436 3646 503 3720 ΨΜ
525 3663 613 3704 Πθωθ
633 3651 735 3704 000Πᾶ
756 3647 919 3720 Pf⁰Ph0tfl⁵s
939 3664 1025 3704 sseffl⁰
1113 3658 1274 3727 Hortamur,
1285 3657 1385 3727 irater,
1403 3660 1431 3710 et
1440 3669 1591 3711 monemus
1605 3658 1684 3710 tuam
1698 3651 1892 3719 dilectionem,

207 3746 307 3799 contra
326 3741 499 3816 apostolum,
521 3758 609 3799 nemo
633 3747 734 3799 contra
754 3742 940 3815 Evangelium
958 3742 1025 3799 tacit
1074 3755 1107 3808 ut
1121 3769 1221 3808 omnes
1234 3767 1355 3823 semper,
1378 3752 1463 3822 prout
1485 3747 1588 3804 melius
1610 3745 1747 3818 patueris,
1769 3744 1895 3816 odjum

206 3836 314 3910 “filum
328 3837 435 3910 mque
464 3836 601 3910 pelicum·
620 3837 654 3892 Et
672 3853 855 3908 ⁸U¹¹¹¹¹¹⁰P⁰P0
871 3837 1026 3909 Ptaetidess·
1075 3846 1216 3901 conlortes
1229 3849 1258 3902 et
1271 3843 1433 3911 consoleris,
1452 3846 1481 3898 et
1494 3843 1672 3898 sacramenta
1691 3854 1780 3912 super
1793 3836 1896 3911 quibus

205 3935 275 3992 dum
288 3939 339 4004 est,
355 3951 391 3991 ne
404 3937 550 4007 pastorem
564 3951 648 3990 suam
662 3951 728 3989 oves
744 3951 808 4006 quae
821 3935 847 3990 ei
862 3933 1023 3989 commissae
1075 3940 1149 3994 hanc
1163 3943 1290 3995 sanctam
1304 3938 1464 3992 Romanam
1479 3952 1511 3990 ac
1530 3933 1720 3990 universalem
1739 3930 1895 3987 Ecclesiam

205 4027 319 4085 fuerant
346 4028 555 4099 reprehendere
585 4026 649 4097 (nisi
683 4044 701 4081 a
723 4027 780 4082 tide
812 4027 1024 4101 exorbitaverit)
1075 4033 1221 4088 consulere
1238 4031 1362 4098 voluisti,
1377 4029 1440 4085 fieri
1457 4029 1609 4102 prohibeas
1626 4031 1656 4082 et
1672 4025 1824 4081 neminem
1841 4039 1894 4080 un·

207 4136 301 4193 neque
315 4136 447 4176 accusare
464 4122 649 4192 praesamant,
671 4119 807 4191 quoniam
828 4120 897 4176 tales
915 4136 1026 4177 accusa·
1074 4141 1162 4199 quam
1174 4125 1303 4195 infestes,
1323 4128 1374 4180 aut
1391 4141 1501 4180 noceas.
1520 4125 1594 4194 llaec,
1614 4119 1751 4178 fraterad
1767 4118 1893 4191 reliquo·

206 4215 299 4270 hones
317 4213 375 4269 vim
395 4229 454 4268 non
473 4213 592 4282 babent,
610 4228 703 4285 neque
724 4213 764 4269 cis
784 4230 885 4270 nocere
898 4219 1023 4288 possunt.
1075 4238 1139 4277 rum
1155 4221 1276 4276 fratrum
1290 4219 1419 4275 notitiam
1433 4222 1480 4273 tua
1493 4218 1579 4273 faciat
1588 4215 1720 4272 sanctitas
1732 4213 1893 4286 pervenire,

210 4329 224 4359 a
235 4309 414 4375 Unumvero‚
425 4306 593 4376 charissimi,
604 4328 618 4359 a
630 4306 1025 4379 utaitheatusapostolusPc-
1076 4320 1107 4370 ut
1121 4330 1219 4370 omnes
1240 4314 1302 4369 hoec
1319 4314 1398 4369 mala
1421 4315 1549 4379 caveant,
1573 4316 1602 4367 et
1626 4309 1699 4365 sicut
1721 4306 1895 4380 generaliter

207 4405 279 4473 trus,
289 4399 348 4458 iton
358 4402 446 4458 lateat
455 4418 515 4472 vos,
527 4401 595 4474 quia
607 4417 683 4458 unus
697 4402 757 4458 dies
772 4402 849 4475 apud
860 4403 1024 4473 Dominum,
1075 4413 1135 4466 tam
1160 4408 1195 4464 eh
1221 4408 1283 4481 ipso
1298 4408 1422 4464 Domino
1453 4423 1539 4479 quam
1559 4422 1577 4460 a
1597 4403 1701 4460 sanctis
1723 4405 1755 4458 et
1777 4399 1894 4475 reliquie

208 4496 281 4554 sicut
294 4496 374 4552 mille
388 4495 467 4565 anni,
483 4500 512 4552 et
525 4495 604 4552 mille
616 4496 686 4551 anni
707 4496 779 4553 sicut
790 4514 864 4553 unns
879 4496 948 4554 dies.
965 4499 1066 4585 Nonl)
1077 4502 1234 4575 apostolicis
1247 4501 1324 4570 viris,
1340 4506 1368 4558 et
1380 4500 1489 4556 caeteris
1506 4498 1632 4572 patribus
1652 4501 1719 4553 sunt
1735 4494 1893 4569 prohibita,

207 4591 303 4648 tardat
311 4589 449 4647 Dominus
458 4589 616 4663 promissis,
630 4590 679 4647 sed
685 4591 827 4663 patienter
838 4591 898 4664 agit
910 4596 1028 4664 propter
1076 4596 1118 4653 ita
1128 4596 1299 4668 generaliter
1308 4596 1344 4651 ab
1354 4594 1486 4651 omnibus
1496 4591 1705 4649 custodiantur.
1715 4588 1903 4647 mnarum·

208 4699 266 4754 vos,
292 4686 393 4741 notens
412 4683 646 4759 aliquos¹perire,
680 4685 730 4741 sed
756 4702 856 4742 omnes
877 4686 914 4743 ad
935 4687 1026 4759 poeni·
1076 4687 1282 4746 beatitudinem
1298 4693 1378 4745 tuam
1397 4704 1510 4760 semper
1527 4688 1668 4759 optamus,
1691 4688 1720 4740 et
1740 4682 1830 4740 saeris
1843 4681 1893 4738 vir

207 4779 331 4836 tentiam
350 4779 464 4836 reverti.
489 4779 630 4836 Adveniet
654 4782 750 4836 autem
777 4780 837 4837 dies
862 4781 976 4836 Domini
994 4783 1027 4838 ut
1076 4783 1184 4842 tutibus
1201 4783 1340 4856 prolicere
1357 4789 1385 4838 te
1401 4783 1604 4850 desideramus,
1626 4780 1716 4836 frater
1729 4776 1893 4835 charissimo

207 4872 265 4942 fur,
278 4873 309 4928 in
325 4890 382 4946 qua
397 4871 460 4930 coeli
481 4889 588 4947 magno
601 4872 710 4945 impetu
723 4874 872 4946 transient,
887 4874 1028 4932 elementa
1077 4882 1163 4951 atque
1175 4877 1381 4934 amentissime.
1398 4877 1464 4932 Data
1477 4893 1504 4934 ιιι
1520 4874 1658 4931 Kalendas
1670 4872 1761 4945 lunii,
1775 4870 1891 4930 llaxitm

209 4983 277 5024 vero
290 4967 381 5025 calore
403 4968 557 5024 solventur.
578 4970 649 5026 Cum
667 4969 727 5025 haec
745 4968 833 5041 igitur
850 4969 947 5025 omnia
968 4969 1026 5025 dis·
1078 4977 1107 5030 et
1115 4972 1197 5031 Decio
1208 4973 1241 5028 tv
1253 4971 1425 5028 consulibus.
1921 4956 1926 4961 ⁵

209 5061 343 5119 solvende
369 5066 445 5132 sunt,
478 5078 512 5119 ex
528 5062 573 5118 his
589 5063 709 5137 potestis
730 5063 909 5120 considerare
930 5053 1027 5137 quales

211 5180 1867 5210 w

529 5302 818 5403 INCIPIUNT
868 5302 1130 5405 Danaam
1182 5309 1329 5404 LUCll
1381 5305 1565 5400 PAPAE.

599 5447 689 5518 (hano
702 5447 815 5505 Domini
828 5452 889 5519 aba,
904 5450 985 5507 Gallo
1000 5451 1151 5508 llosuliano
1164 5450 1337 5524 imperatore
1351 5446 1510 5520 regnante.)

246 5634 440 5696 Dilectissimis
454 5632 591 5693 fratribus
603 5636 736 5694 omnibus
750 5639 888 5713 episcopis
900 5638 930 5696 in
944 5641 1029 5713 parti-
1113 5640 1232 5698 Litteras
1254 5638 1410 5697 dilectionis
1432 5640 1532 5694 vestre
1561 5646 1633 5706 quas
1659 5630 1695 5687 ad
1717 5629 1797 5687 beati
1821 5614 1888 5686 ratri

202 5731 262 5784 bus
272 5730 494 5788 occidentalibus
506 5734 565 5787 tam
581 5731 668 5788 Gallis
680 5749 766 5806 quam
779 5740 807 5790 et
822 5735 951 5808 Hispanis
961 5753 1026 5791 con·
1078 5736 1196 5809 apostoli
1217 5735 1314 5791 sedem
1335 5750 1387 5807 pro
1412 5730 1498 5788 vestri
1528 5743 1612 5785 causa
1636 5724 1747 5798 negotii
1770 5719 1888 5790 misish'e
1915 5738 1924 5764 ’Δ

183 5818 370 5892 antenbbus,
381 5824 485 5885 Lucius
501 5826 655 5905 episcopus
670 5827 700 5886 in
715 5828 837 5889 Domino
853 5830 988 5891 salutem·
1077 5829 1205 5888 libenter
1226 5827 1421 5904 suscepimus,
1445 5824 1495 5884 sed
1518 5823 1555 5881 de
1574 5820 1675 5880 vestus
1692 5815 1892 5877 afflictionibus
