3870 6150
599 341 836 399 oacuerlttou
855 343 1049 399 deutherio.
1622 348 1673 398 tltttt

103 445 195 503 drlute
208 447 327 520 Spiritus
353 448 441 503 salicti
455 448 529 504 inter
543 451 685 522 quaslibet
697 451 802 506 dissen—
813 466 842 537 Α
853 452 928 507 voris
948 468 1063 506 assensu
1096 449 1289 523 episcopatum
1315 452 1403 504 tanta
1437 449 1517 504 urbis
1537 448 1669 507 obtinuit.

104 556 159 612 per
181 540 444 614 sedisapostolicae
467 543 637 597 famulatum
659 545 802 616 Evangelii
853 547 914 600 lton
929 543 1670 616 dedigneturregiamcivitatem,quamapostolicam
1728 600 1741 611 ,

103 635 237 690 eudendo
246 635 370 704 libertas,
379 637 557 692 manifestior
564 640 661 692 tamen
672 639 804 709 apparuit
852 657 909 695 non
921 639 1111 711 potestfaeere
1121 638 1232 693 Sedem.
1243 639 1297 692 Nec
1308 637 1364 691 ullo
1379 644 1473 709 speret
1485 638 1578 705 modo,
1595 640 1671 710 quod

103 728 143 784 ici
156 746 221 801 quae
242 730 374 802 prostitit
395 731 512 800 mundo,
532 738 564 787 ut
578 731 607 787 in
621 732 737 787 victoria
754 749 800 787 ve·
854 750 906 805 per
932 732 1054 787 aliorum
1079 732 1168 803 possit
1190 731 1363 786 offensiones
1386 732 1496 802 augeri.
1521 732 1671 804 Privilegia

103 826 224 878 ractores
245 827 356 879 tantum
373 824 483 880 violatae
497 825 565 880 lidei
583 825 759 898 deperirent,
775 830 804 880 et
854 827 928 882 enirn
944 827 1132 882 Ecclesiarum
1149 831 1313 880 sanctorum
1326 827 1442 879 Patrum
1460 826 1615 881 canonibus
1628 826 1670 880 in·

103 916 206 988 egritas
230 917 358 972 Ecclesia
378 918 556 975 redderetur.
584 920 693 975 Bellum
715 919 804 991 igitur
853 921 958 991 stituta,
974 926 1001 976 et
1019 919 1189 975 venerabilis
1209 919 1328 973 Nicaenae
1344 918 1443 989 synodi
1463 918 1517 973 fixa
1537 919 1668 979 decretis.

103 1015 184 1065 voster
205 1009 336 1066 inimicus
358 1011 527 1068 excitaverat
550 1029 567 1067 a
588 1013 646 1067 ileo
671 1013 800 1082 feliciter,
852 1016 930 1070 nulla
951 1017 1071 1086 possunt
1088 1013 1272 1086 improbitate
1294 1012 1424 1078 convelli,
1442 1013 1522 1067 nulla
1544 1013 1671 1069 novitate

119 1104 232 1160 homini
248 1109 406 1176 pugnante,
430 1107 589 1162 confectum
603 1111 688 1162 estut
700 1106 800 1162 trium·
852 1109 965 1164 mutari.
987 1109 1018 1163 ln
1042 1125 1098 1180 quo
1128 1123 1214 1179 opere
1240 1105 1392 1161 arriiliante
1419 1105 1529 1161 Christo
1551 1106 1672 1162 fideliter

104 1197 215 1254 Christo
226 1199 355 1254 omnium
368 1201 544 1256 sacerdotum
558 1206 632 1256 esset
645 1217 701 1255 una
714 1200 800 1255 vieto·
853 1202 1044 1274 exsequendo,
1060 1217 1172 1256 necesse
1186 1206 1228 1256 est
1242 1217 1289 1254 me
1304 1205 1520 1271 perseveranter
1536 1199 1671 1256 exhibere

103 1297 266 1347 coruscante
281 1293 392 1349 lumine
407 1293 540 1362 veritatis,
559 1293 663 1349 erroris
675 1294 801 1349 tenebra
853 1296 1032 1365 famulatum,
1050 1296 1187 1367 quoniam
1207 1293 1382 1365 dispensatio
1401 1293 1472 1348 mihi
1495 1293 1601 1348 credita
1619 1296 1672 1362 est,

103 1389 121 1441 's
134 1387 322 1442 assertoribus
338 1388 522 1458 pellerentur.
537 1388 689 1443 Namsicut
700 1389 730 1443 in
742 1388 802 1459 ipsa
852 1394 881 1445 et
896 1391 931 1445 ad
952 1404 1049 1445 meum
1063 1388 1154 1443 tendit
1173 1392 1295 1454 reatum,
1321 1386 1341 1441 si
1356 1392 1540 1458 paternarum
1565 1388 1672 1458 regular

115 1481 322 1537 resurrectione
353 1482 494 1538 credenda
526 1482 562 1536 ad
593 1482 801 1537 corroboranda
852 1483 1138 1555 sanctionumquaein
1153 1481 1261 1554 synodo
1275 1481 1432 1536 Niceenaad
1445 1481 1533 1536 totius
1543 1481 1673 1537 Ecclesiae

103 1572 149 1630 dei
162 1574 286 1629 multum
295 1575 453 1631 securitatis
467 1576 583 1631 accessit
596 1577 670 1647 quod
682 1575 800 1647 quidam
852 1579 983 1650 regimen
1004 1577 1110 1648 Spiritu
1131 1576 1179 1631 hei
1203 1576 1362 1631 instruente
1383 1580 1449 1630 sunt
1471 1575 1671 1646 conditae‚me,

117 1666 152 1723 de
167 1684 304 1740 corporea
325 1669 437 1725 Domini
454 1670 544 1724 nostri
558 1671 623 1725 lesu
638 1669 740 1725 Christi
752 1686 799 1724 ve·
852 1672 931 1744 quod
942 1671 1025 1738 absit,
1041 1671 1212 1726 connivente
1231 1669 1383 1736 violentur,
1400 1673 1428 1724 et
1439 1671 1533 1741 major
1547 1669 1584 1725 sit
1597 1670 1673 1741 apud

103 1760 267 1830 lubitavere‚
288 1768 317 1818 et
342 1763 403 1818 visu
427 1768 513 1835 atque
539 1768 670 1819 contactu
695 1765 801 1818 fixuras
851 1782 897 1821 me
916 1766 1002 1821 unius
1015 1764 1112 1820 fratris
1135 1764 1276 1833 voluntas,
1299 1779 1386 1834 quarn
1412 1764 1552 1817 universae
1571 1764 1674 1818 domus

103 1870 141 1926 m,
155 1859 194 1926 et,
209 1858 311 1912 vulnus
325 1858 433 1912 lanceae
443 1858 649 1929 perscrutando
664 1857 802 1929 ambigui-
812 1846 840 1917 B
851 1860 966 1916 Domini
979 1858 1141 1915 communis
1154 1858 1272 1913 utilitas.
1288 1858 1322 1913 Et
1334 1856 1401 1912 ideo
1415 1858 1507 1911 sciens
1518 1857 1673 1929 gloriosam

103 1949 202 2004 :unctis
215 1949 285 2004 dum
307 1951 459 2023 ambigunt
470 1952 655 2007 abstulerunt.
671 1952 711 2006 lta
725 1967 801 2006 nunc
850 1953 1032 2009 elementiam
1050 1959 1174 2007 vestram
1196 1950 1390 2006 ecclesiasticae
1416 1950 1532 2005 studere
1556 1966 1673 2004 concor·

112 2058 178 2097 cum
200 2044 363 2115 ahquomm
382 2045 530 2100 infidelitas
546 2046 717 2115 confutatur,
738 2062 799 2100 om·
851 2048 916 2119 diae,
937 2047 1024 2104 ethis
1049 2064 1113 2119 qua
1128 2045 1244 2118 pacifice
1267 2050 1430 2116 congruunt
1451 2044 1564 2112 unitati,
1584 2043 1675 2116 piissi-

103 2136 278 2192 aaaitantium
303 2139 387 2193 corda
412 2139 528 2193 firmata
550 2141 627 2206 sunt,
642 2141 669 2194 et
680 2139 801 2211 profecit
850 2159 930 2197 mum
944 2144 1081 2214 prestare
1095 2155 1276 2209 eonsensum,
1297 2154 1398 2210 precor
1411 2143 1440 2193 et
1458 2138 1556 2193 sedula
1569 2154 1673 2210 sugge-

103 2229 167 2285 iaad
179 2232 419 2287 illuminationem
433 2232 509 2305 quod
524 2232 694 2303 quibusdam
704 2233 802 2289 intulit
850 2236 941 2291 stione
952 2252 1000 2290 vos
1016 2234 1145 2303 obsecro,
1159 2239 1193 2289 ut
1208 2249 1293 2289 ausus
1310 2232 1456 2303 improbos
1474 2231 1576 2286 unitati
1591 2232 1674 2288 Chri-

103 2338 152 2379 em.
168 2326 197 2379 ln
212 2341 268 2396 quo
282 2341 368 2397 opere
382 2326 469 2397 digne
488 2327 602 2398 ctjuste
617 2328 739 2383 exsultat
753 2344 798 2382 vo·
851 2330 951 2386 slianae
966 2329 1085 2402 pacique
1107 2327 1274 2394 contrarios,
1288 2327 1324 2381 ab
1342 2326 1422 2381 omni
1447 2327 1560 2398 pietatis
1572 2329 1675 2381 vestra».

103 2418 215 2487 mentia,
235 2436 297 2490 quae
311 2420 434 2476 fideliter
448 2421 623 2492 proprieque
642 2421 799 2493 prospexit,
850 2427 985 2484 abdicetis
998 2443 1122 2493 assensu,
1145 2432 1173 2481 et
1187 2425 1284 2480 fratris
1299 2424 1357 2480 mei
1372 2425 1497 2479 Anatolii
1516 2425 1673 2479 nocituram

103 2512 211 2569 delibus
224 2514 509 2569 Ecclesiisdiabolicoe
520 2514 630 2569 insidior
643 2532 701 2569 non
715 2532 799 2570 noce·
850 2523 914 2595 ipsi,
938 2522 961 2576 si
975 2521 1143 2593 perstiterit,
1167 2518 1353 2591 cupiditatem
1381 2518 1534 2573 salubriter
1552 2518 1674 2590 compri-

103 2605 168 2662 ded
184 2608 400 2680 propitiandum
415 2610 504 2664 Deum
526 2609 683 2664 efficaciora
697 2608 800 2681 ubique
851 2616 945 2685 matis,
961 2632 998 2672 ne
1014 2631 1046 2670 ea
1065 2631 1128 2687 quae
1144 2618 1246 2669 vestra.
1269 2613 1369 2684 gloria
1392 2618 1479 2684 atque
1499 2612 1675 2684 temporibus

103 2706 158 2756 itur
166 2700 339 2770 holocausta,
354 2703 469 2774 quando
482 2719 534 2775 per
548 2704 736 2758 mediatorem
751 2703 799 2758 [lei
851 2709 967 2765 inimica
988 2714 1055 2764 sum
1072 2707 1200 2779 cupiens,
1216 2706 1309 2778 major
1331 2704 1388 2760 suis
1400 2706 1469 2760 velit
1491 2722 1553 2760 esse
1572 2705 1674 2777 priori·

105 2811 175 2849 num
189 2796 337 2851 hominem
351 2797 497 2852 Christum
509 2799 607 2852 lesum
620 2797 717 2852 eadem
732 2813 797 2852 0⁰11·
851 2804 912 2870 bus,
937 2803 1116 2873 liberumque
1138 2799 1229 2855 illisit
1249 2799 1363 2872 quantis
1384 2799 1510 2870 potuerit
1528 2798 1677 2870 splendere

103 2888 216 2958 lehium,
233 2891 333 2945 eadem
357 2892 544 2958 sacerdotum,
565 2892 667 2946 eadem
687 2896 760 2947 esset
773 2895 801 2946 et
850 2897 1010 2966 virtutibus,
1035 2912 1158 2968 quarum
1183 2910 1241 2950 non
1264 2893 1346 2949 aliter
1368 2892 1516 2965 particeps
1539 2892 1602 2961 erit,
1623 2891 1676 2946 nisi

119 2983 165 3037 llis
179 2988 274 3038 autern
286 2989 406 3056 propter
426 3002 489 3057 quae
504 2986 667 3040 tantafacta
679 2993 721 3041 est
735 3002 801 3041 con·
850 2992 987 3047 charitate
1011 2991 1103 3060 magis
1124 2989 1247 3044 voluterit
1267 2987 1373 3057 ornari,
1408 3003 1495 3059 quam
1519 2986 1675 3042 ambitione

103 3078 307 3146 ›sacerdotuni,
317 3079 390 3133 bene
405 3083 433 3134 et
446 3080 560 3151 optabili
575 3080 800 3150 linecompositis
850 3085 983 3140 distendi.
1005 3085 1083 3138 llanc
1097 3080 1193 3137 erilem
1216 3082 1343 3154 improbi
1364 3080 1498 3136 desiderii
1511 3080 1673 3152 conceptio-

103 3170 216 3240 tdoleo,
230 3173 307 3243 quod
321 3189 422 3243 pacem
436 3172 605 3227 universalis
618 3173 748 3228 Ecclesiae
761 3173 801 3228 di·
851 3197 928 3247 nem,
947 3195 1096 3250 nunquam
1118 3177 1217 3231 debuit
1230 3177 1304 3231 intra
1319 3175 1410 3229 cordis
1424 3176 1467 3230 sui
1483 3176 1612 3247 recipere
1628 3191 1671 3231 se·

110 3264 308 3336 reformatam,
324 3268 487 3322 ambitionis
509 3284 606 3322 rursus
625 3268 739 3339 spiritus
754 3268 798 3322 in·
810 3226 838 3301 C
850 3277 970 3343 cretum,
983 3273 1032 3327 sed
1047 3289 1113 3327 cum
1134 3270 1172 3325 illi
1185 3271 1297 3338 fratres,
1322 3275 1350 3323 et
1364 3269 1522 3341 coepiscopi
1537 3269 1605 3338 mei,
1622 3270 1669 3340 qui

124 3360 256 3428 Quamvis
269 3361 347 3415 enim
368 3361 527 3417 necessarie
544 3362 597 3417 sibi
618 3362 800 3417 fratermeus
850 3369 910 3423 viee
929 3383 994 3422 mea
1014 3366 1143 3435 aderant,
1169 3363 1328 3430 obviarent,
1357 3363 1392 3416 ab
1419 3363 1515 3417 illicito
1544 3362 1673 3433 appetitu

103 3470 129 3509 rs
162 3455 337 3510 consuluisse
368 3455 500 3511 videatur
532 3462 562 3511 ut
599 3456 797 3511 ordinatorum
850 3477 950 3516 eorum
964 3461 1064 3515 saltem
1079 3458 1182 3513 salubri
1198 3456 1423 3512 contradictione
1437 3461 1582 3510 cessasset.
1598 3455 1666 3508 Nam

111 3563 240 3603 errOPessl
255 3549 387 3605 deserens
403 3550 432 3603 in
447 3566 594 3605 assensum
607 3550 754 3605 catholice
764 3551 799 3604 fi·
851 3562 879 3611 et
893 3559 993 3610 vestrae
1012 3553 1127 3625 pietatis
1138 3553 1243 3624 apices,
1264 3555 1293 3605 et
1307 3549 1396 3622 ipsius
1409 3548 1512 3621 scripta
1526 3548 1669 3603 declarant

103 3640 155 3696 rhri
176 3645 350 3698 correctione
376 3645 517 3712 transiret,
542 3645 682 3700 custodire
704 3650 799 3700 tamen
850 3651 958 3720 legatos
978 3648 1056 3705 Sedis
1079 3646 1252 3718 apostolica,
1278 3643 1352 3699 sieut
1371 3642 1508 3714 oportuit,
1532 3643 1673 3698 contradi-

103 3741 136 3791 ut
150 3738 224 3808 quod
237 3744 330 3791 vestro
346 3739 484 3794 beneficio
495 3739 621 3794 noscitur
635 3742 799 3794 consecutus
849 3744 943 3799 ctione
961 3741 1118 3814 justissima
1137 3738 1281 3806 restitisse,
1304 3742 1337 3792 ut
1359 3736 1579 3792 inexcusabilior
1597 3740 1669 3791 esset

107 3831 253 3903 pravitatis
265 3832 421 3903 cupiditate
443 3835 580 3888 turbaret.
594 3835 648 3888 Nos
665 3834 742 3889 enirn
754 3850 799 3888 ve·
847 3836 1044 3915 presumptio,
1061 3849 1169 3907 quaese
1186 3849 1238 3888 nec
1256 3832 1404 3903 increpata
1422 3830 1577 3885 cohiberet.
1591 3829 1671 3885 Unde

103 3924 131 3980 ai
142 3931 171 3981 et
182 3925 398 3982 interventionis
416 3928 553 3983 babentes
568 3928 716 3997 intuitum,
732 3944 797 3983 cum
850 3933 918 4004 quia
931 3931 1066 3988 convenit
1085 3929 1152 3984 fidei
1166 3932 1267 3983 vestrae
1286 3926 1330 3981 vel
1343 3924 1453 3997 gloriae,
1477 3929 1509 3979 ut
1524 3924 1597 3978 sicut
1610 3924 1669 3978 hae-

103 4035 140 4074 um
160 4036 219 4074 suae
239 4023 456 4076 consectationis
477 4027 607 4077 auctores
631 4023 693 4095 ejus
719 4023 798 4078 initia
850 4027 929 4095 resis,
951 4028 1007 4082 heo
1026 4041 1079 4097 per
1094 4040 1143 4079 vos
1163 4026 1276 4094 agente,
1293 4020 1436 4075 destructa
1454 4022 1505 4087 est,
1527 4017 1566 4072 ita
1582 4017 1670 4074 etiam

103 4116 142 4184 nt,
160 4114 341 4185 benigniores
356 4117 430 4170 cirea
447 4117 542 4189 ipsum
558 4133 646 4189 quam
665 4117 799 4188 justiores
849 4121 943 4176 omnis
957 4120 1080 4176 ambitus
1093 4116 1271 4184 retundatur,
1281 4114 1358 4186 agite
1374 4112 1449 4185 quod
1464 4116 1492 4167 et
1504 4111 1669 4168 Christianae

103 4207 203 4278 uimm,
219 4225 275 4280 quo
291 4211 519 4281 perturbationes
533 4228 634 4266 omnes
653 4229 717 4283 quae
730 4228 797 4282 ope·
850 4220 893 4270 est
906 4214 1057 4288 probitatis
1077 4215 1106 4267 et
1122 4211 1218 4282 regiae,
1234 4213 1266 4263 ut
1281 4207 1433 4280 praedictus
1457 4206 1606 4278 episcopus
1618 4223 1669 4278 pa-

103 4300 197 4357 iabolo
219 4303 333 4360 fuerant
354 4306 493 4373 excitata,
516 4306 649 4361 adhibitis
665 4305 798 4361 remediis
848 4315 909 4364 reat
921 4307 1057 4375 Patribus,
1078 4305 1206 4361 consulat
1221 4302 1293 4374 paci,
1316 4318 1410 4373 ueque
1430 4300 1482 4355 sihi
1498 4300 1620 4354 aestimet
1634 4300 1667 4353 li-

103 4413 146 4465 us,
171 4413 234 4468 quac
250 4399 331 4453 illurn
353 4400 515 4455 modestum
534 4401 625 4472 magis
643 4417 728 4472 quam
741 4402 796 4456 im·
848 4404 949 4469 cuisse,
962 4400 1265 4474 quodilutiochaenum
1278 4397 1338 4451 sine
1353 4394 1668 4465 ulloexemplocontra

103 4496 160 4545 tum
174 4492 267 4547 facere
284 4492 417 4550 debuere.
438 4495 493 4558 Qui
508 4496 593 4549 etiam
606 4496 629 4549 si
647 4497 799 4568 praecipuis
849 4502 954 4552 statuta
974 4511 1117 4550 canonum
1139 4493 1303 4564 episcopum
1322 4489 1456 4543 ordinare
1477 4486 1666 4559 presumpsit,

120 4586 284 4657 optimoque
289 4588 397 4658 judicio
409 4589 535 4659 legitime
548 4590 646 4644 fuisset
659 4592 799 4646 acsolem-
808 4605 839 4677 D
849 4592 925 4666 quod
938 4604 1037 4645 amore
1051 4586 1215 4659 reparandae
1237 4584 1315 4652 fidei,
1333 4587 1360 4636 et
1373 4582 1450 4653 pacis
1463 4581 1557 4636 studio
1576 4583 1665 4634 retra-

103 4678 226 4748 dinatus,
240 4685 797 4740 eontrareverentiamlamencanonum
846 4694 922 4744 ctare
943 4682 1122 4740 cessavimus.
1147 4679 1295 4735 abstineat
1312 4691 1381 4747 ergo
1405 4675 1440 4729 ab
1468 4673 1666 4730 ecclesiastica—

103 4789 175 4841 mm,
190 4780 288 4830 contra
304 4778 392 4831 sancti
412 4777 533 4849 Spiritus
546 4778 684 4847 instituta,
699 4785 797 4835 contra
847 4799 911 4838 mm
924 4779 1028 4851 injuria
1042 4776 1217 4847 regularum,
1228 4775 1257 4825 et
1270 4770 1383 4825 illicitos
1392 4769 1515 4824 declinet
1526 4784 1665 4836 excessus,

103 4868 156 4923 atis
176 4872 318 4941 exempla,
338 4872 423 4925 nullis
441 4878 537 4943 posset
555 4873 697 4943 suffragiis
713 4874 795 4945 adju·
847 4893 883 4931 ne
894 4892 923 4930 se
940 4874 975 4928 ab
996 4861 1150 4927 universali
1164 4865 1294 4932 Ecclesia,
1315 4864 1382 4919 dum
1397 4863 1510 4918 inimica
1526 4863 1587 4935 paci
1602 4867 1664 4920 teu·

103 4963 149 5017 tud
160 4964 351 5020 Christianum
364 4971 393 5021 et
407 4982 472 5021 vere
486 4967 660 5039 religiosum,
676 4984 797 5039 vereque
847 4974 896 5036 tat,
913 4966 1068 5023 abscindat.
1085 4965 1176 5028 Quem
1192 4966 1258 5032 opto
1274 4959 1365 5030 magis
1376 4957 1667 5030 irreprehensibiliter

103 5072 171 5112 xum
193 5059 354 5131 principem
378 5061 488 5132 loquor.
512 5063 630 5116 llullum
652 5062 796 5117 anatolius
846 5066 980 5136 agentem
994 5058 1121 5131 diligere,
1137 5071 1222 5128 quam
1237 5054 1267 5108 in
1288 5053 1340 5107 hac
1361 5052 1584 5125 presumptione
1602 5068 1666 5124 qum

103 5168 128 5206 rs
140 5154 256 5226 proprio
270 5154 393 5210 detrahit
405 5156 516 5223 merito,
529 5157 550 5211 si
559 5156 655 5210 illicito
670 5172 796 5211 crescere
846 5159 927 5213 illum
936 5157 972 5211 ab
985 5152 1117 5210 omnibus
1129 5149 1234 5223 poterit
1247 5163 1379 5219 separare
1389 5147 1556 5219 perdurare.
1570 5146 1667 5199 Frater

103 5254 234 5318 rgmento.
254 5249 372 5320 llaheat,
387 5249 459 5305 sicut
477 5256 618 5323 optamus,
637 5251 795 5308 Constanti·
847 5257 943 5308 autem
957 5254 986 5306 et
1003 5247 1185 5320 coepiscopus
1200 5259 1282 5298 meus
1301 5241 1449 5310 Lucienus,
1466 5241 1593 5312 quicum
1607 5237 1665 5292 ulio

103 5356 145 5396 ma
167 5349 301 5399 cunctam
324 5345 445 5415 gloriam
466 5362 555 5413 suam,
577 5362 609 5400 ae
628 5350 796 5417 protegente
846 5363 910 5402 meo
924 5343 1025 5401 Basilio
1040 5342 1160 5397 diacono
1175 5336 1332 5394 clementiae
1346 5334 1547 5391 vestraadme
1559 5330 1663 5407 scripta

107 5435 155 5491 oei
167 5436 301 5493 diuturno
320 5440 479 5494 clementiae
494 5443 593 5494 vestrae
608 5440 721 5494 fruatur
741 5439 795 5494 im·
847 5440 977 5513 portavit,
988 5437 1067 5494 omni
1078 5434 1227 5490 devotione
1240 5434 1352 5504 partem
1365 5432 1501 5499 susceptae
1516 5424 1666 5498 legationis

103 5527 146 5584 lia
160 5535 257 5586 tamen
277 5533 349 5588 ratio
364 5539 406 5588 est
421 5550 518 5589 rerum
534 5533 725 5602 secularium,
743 5532 798 5588 alia
847 5533 985 5607 implevit,
1000 5531 1138 5604 quianon
1152 5530 1195 5582 est
1210 5524 1392 5582 estimandus
1407 5521 1523 5593 negotio
1541 5518 1665 5573 defuisse

103 5637 151 5694 lm,
174 5642 228 5680 nac
239 5632 342 5698 praeter
364 5628 444 5682 illam
459 5634 580 5700 petram,
597 5643 684 5700 quarn
701 5628 796 5682 Domi-
848 5645 934 5702 quem
947 5626 1043 5700 potius
1056 5640 1140 5679 causa
1153 5620 1289 5678 deseruit.
1304 5619 1407 5671 llataxr
1424 5612 1564 5668 Kalendas
1578 5612 1664 5677 lunii,

103 5717 279 5775 laudamento
297 5721 401 5792 posuit,
416 5721 592 5776 stabilirent
607 5722 662 5776 ulla
672 5725 799 5776 constru·
848 5722 1004 5778 llereulauo
1019 5719 1079 5774 viro
1092 5715 1249 5772 clarissimo
1262 5710 1385 5767 consule.

103 5811 178 5884 apris
197 5814 292 5886 perdit
313 5815 363 5887 qui
379 5815 507 5872 indebita
529 5816 712 5888 concupiscit.
726 5815 798 5872 Satis
852 5828 855 5835 ·
1025 5813 1103 5869 llllll.
1122 5841 1157 5852 -
1174 5809 1221 5866 hd
1236 5806 1412 5863 Putdsertom
1428 5806 1505 5872 buu.
1603 5889 1611 5901 .

103 5904 369 5979 ipradietovestra
380 5910 493 5980 pietatis
510 5911 624 5985 auxilio,
641 5915 670 5967 et
684 5911 740 5993 mei
753 5912 797 5970 fa·
854 5912 1123 5972 uenenarium
1136 5907 1292 5979 baignaus,
1305 5896 1478 5957 aasabim
1491 5891 1636 5951 boethii*
1718 5915 1724 5922 ·
