3870 6150
91 271 95 277 '
134 279 188 333 273
766 278 1003 337 uucnuratmu
1021 279 1215 336 commemo.
1767 286 1820 342 274

174 389 218 441 15.
234 387 273 441 lie
286 384 425 458 episcopis
447 385 477 441 in
495 384 589 442 abana
606 383 752 458 provincia
766 387 954 459 possessiones
963 399 994 473 Α
1041 389 1084 442 l9.
1099 387 1137 443 lte
1151 387 1255 459 qiubus
1268 403 1361 459 supra.

136 479 321 535 habentibus.
1038 483 1082 535 20.
1099 480 1135 536 Ut
1155 480 1280 536 extranei
1301 482 1396 538 clerici
1417 482 1494 555 apud
1513 483 1741 542 Thessalonicam
1760 502 1819 542 non

173 576 216 628 lo.
231 571 453 628 Declericorum
467 572 774 629 excommunicatione.
1002 573 1126 629 tradent.

174 671 217 721 ll.
228 666 327 722 Licere
340 666 460 733 clericis,
477 664 500 720 si
512 666 617 736 injuste
630 666 738 723 luerint
759 668 953 724 excommuni-
1037 670 1084 722 tl.
1095 667 1197 725 Clerici
1204 669 1262 723 vim
1268 669 1354 742 passi,
1362 670 1655 741 autpersecutionom,
1663 671 1726 727 siad
1732 673 1818 729 eliam

137 760 201 826 eati,
214 759 323 814 vicinos
334 759 415 814 adire
426 758 584 832 episcopos.
1004 759 1173 816 accesserint
1185 760 1339 831 civitatem,
1349 778 1409 817 non
1418 766 1548 819 vetentur
1556 764 1596 819 ibi
1605 765 1713 821 morari
1725 781 1816 839 quan-
1878 749 1881 755 ²

174 855 216 908 ¹8.
231 854 293 908 Non
306 852 394 909 beera
408 851 541 925 episcopo
564 852 679 911 alterius
700 852 835 912 clericum
852 854 882 911 in
904 870 955 911 sua
1003 853 1054 910 diu
1064 854 1211 929 potuerint
1224 854 1333 913 redire.

139 946 256 1003 ecclesia
268 945 413 1005 ordinare.
1045 944 1049 954 '

163 1171 227 1249 64
257 1166 433 1242 INCIPIT
459 1165 722 1242 CONCILIUM
748 1166 1042 1241 SARDICENSE
1069 1168 1423 1246 TRECENTORUM
1450 1171 1795 1249 EPISCOPORUM.

737 1317 828 1388 (anno
843 1318 955 1376 nonni
968 1320 1016 1376 ssi
1034 1318 1064 1375 u
1078 1319 1217 1391 rumen.)

170 1485 255 1539 Anno
274 1486 351 1538 sexto
373 1483 552 1540 Constantini
574 1485 765 1556 imperatoris,
784 1485 902 1542 Leontio
924 1489 953 1541 et
1001 1485 1159 1542 decreverit
1170 1486 1318 1542 Romanus
1330 1486 1489 1559 episcopus,
1507 1486 1675 1543 confirmata
1685 1490 1779 1556 amnt,
1796 1488 1820 1544 si

139 1575 273 1632 Sallustio
288 1576 458 1645 consulibus,
483 1594 542 1633 aera
563 1580 625 1647 art,
642 1579 814 1635 Sardicensis
826 1579 952 1651 synodus
1002 1594 1072 1651 ergo
1086 1579 1219 1635 omnibus
1229 1581 1331 1652 placet,
1346 1583 1498 1637 statuatur.
1510 1580 1642 1653 Synodus
1653 1580 1817 1653 respoudit:

137 1674 310 1742 congregata
330 1673 383 1742 est,
407 1671 458 1727 ubi
485 1687 584 1728 omnes
609 1687 661 1744 per
687 1672 831 1729 Orientem
855 1672 952 1728 Ariani
1001 1671 1104 1728 Placet.

138 1763 263 1836 episcopi
278 1763 459 1820 condemnati
479 1769 554 1832 sunt,
576 1765 626 1837 qui
646 1766 777 1822 conventi
798 1766 834 1821 ad
857 1762 990 1836 conci-B
1035 1767 1068 1821 V.
1083 1766 1260 1822 Gaudentius
1274 1766 1423 1838 episcopus
1439 1766 1530 1822 dixit:
1547 1768 1719 1824 addendum
1737 1773 1781 1824 est
1794 1770 1818 1824 si

136 1858 204 1913 lium
217 1874 368 1914 occurrere
381 1863 476 1914 reatus
488 1859 662 1915 conscientia
675 1859 842 1928 noluerunt,
854 1860 885 1916 in
896 1876 952 1933 quo
1002 1859 1095 1931 placet
1105 1859 1173 1914 huic
1185 1861 1335 1916 sententiae
1348 1876 1435 1932 quarn
1447 1861 1563 1932 plenam
1583 1861 1730 1917 sanctitate
1751 1878 1818 1934 pro·

137 1952 450 2008 conciliointercaetere
462 1953 506 2007 hae
519 1953 626 2024 regulae
639 1969 693 2027 pro
704 1953 852 2026 disciplina
865 1954 952 2010 eccle-
1001 1951 1104 2007 tulistis
1127 1957 1158 2009 ut
1175 1969 1241 2008 cum
1262 1953 1366 2025 aliquis
1385 1953 1534 2026 episcopus
1557 1953 1702 2026 depositus
1720 1954 1817 2023 fuerit,

137 2046 246 2100 rustica
259 2045 396 2100 institutae
408 2050 483 2101 sunt.
1002 2063 1104 2102 eorum
1118 2047 1317 2119 episcoporum
1328 2048 1438 2119 judicio
1452 2049 1501 2120 qui
1520 2049 1552 2103 in
1574 2048 1674 2104 vicinis
1686 2064 1816 2105 eommo-

168 2142 234 2196 Cnr.
248 2141 269 2194 l.
292 2138 375 2194 Osius
394 2141 546 2213 episcopus
567 2138 640 2195 dixit
653 2156 660 2195 :
675 2142 738 2196 Non
764 2140 859 2196 minus
879 2141 953 2196 mala
1002 2145 1102 2195 rantur
1123 2140 1190 2196 locis
1212 2145 1242 2198 et
1264 2143 1490 2213 proclamaverit,
1519 2142 1664 2213 agendum
1689 2141 1742 2197 sibi
1764 2158 1816 2196 ne-

137 2232 311 2288 consuetudo
340 2248 427 2303 quam
452 2233 612 2305 perniciosa
636 2234 797 2304 corruptela
823 2234 953 2289 funditus
1002 2233 1113 2305 gotium
1128 2234 1157 2289 in
1173 2235 1244 2290 urbe
1265 2236 1364 2291 Roma.
1385 2237 1464 2290 Alter
1485 2235 1642 2308 episcopus,
1663 2235 1694 2290 in
1715 2236 1817 2291 eadem

137 2324 307 2380 eradicanda
320 2329 371 2391 est,
385 2341 421 2380 ne
435 2324 481 2380 cui
493 2325 576 2381 liceat
589 2325 721 2398 episcopo
735 2327 771 2381 de
780 2326 891 2382 civitate
901 2343 952 2382 sua
1001 2327 1133 2384 cathedra
1149 2332 1211 2398 post
1233 2328 1457 2399 appellationem
1478 2329 1539 2399 ejus
1562 2329 1610 2400 qui
1630 2328 1818 2384 videturesse

136 2418 166 2473 ad
194 2417 285 2473 aliam
314 2417 457 2474 civitatem
484 2419 613 2475 transire.
639 2420 786 2475 Manifesta
810 2424 852 2476 est
874 2420 952 2476 enim
1001 2420 1155 2491 depositus,
1172 2421 1289 2477 omnino
1311 2439 1368 2476 non
1391 2422 1550 2489 ordinetur,
1566 2421 1819 2478 nisicausaiuerit

137 2528 217 2566 causa
232 2527 292 2582 qua
302 2512 356 2567 hoc
372 2512 464 2568 iacere
486 2516 607 2581 tentant,
623 2529 688 2567 cum
702 2515 796 2567 nullus
809 2513 839 2567 in
854 2513 906 2569 hac
920 2530 951 2569 re
1000 2513 1148 2584 injudicio
1162 2515 1284 2570 Romani
1300 2515 1425 2586 episcopi
1441 2515 1638 2570 determinata.

137 2604 269 2659 inventus
296 2606 333 2660 sit
355 2605 503 2676 episcopus
522 2605 571 2677 qui
592 2606 627 2662 de
649 2606 758 2677 maiore
782 2606 891 2662 civitate
915 2606 952 2662 ad
1036 2607 1076 2662 Vl.
1091 2607 1172 2663 Osius
1194 2607 1343 2679 episcopus
1365 2607 1436 2662 dixit
1451 2624 1458 2663 ε
1473 2609 1499 2663 Si
1525 2608 1685 2678 contigerit,
1708 2607 1739 2662 in
1757 2623 1818 2663 une

138 2700 280 2754 minorem
296 2700 437 2766 transiret,
453 2699 529 2754 unde
537 2700 785 2771 apparetavaritiae
793 2716 841 2755 eos
849 2701 951 2756 ardore
1000 2700 1146 2771 provincia
1167 2701 1197 2755 in
1222 2718 1280 2773 qua
1307 2701 1415 2756 tuerint
1435 2701 1552 2773 plurimi
1575 2700 1702 2772 episcopi
1724 2716 1836 2756 unum·

136 2791 310 2847 inflammari
323 2795 351 2846 et
363 2792 512 2848 ambitioni
522 2793 639 2860 servire,
648 2798 677 2848 et
684 2799 714 2848 ut
726 2793 951 2850 dominationem
1001 2793 1228 2850 forteremauere
1239 2794 1416 2866 episcopum,
1424 2794 1469 2849 ille
1479 2810 1545 2850 vero
1553 2809 1604 2865 per
1612 2793 1817 2864 negligentiam

136 2888 297 2941 exerceant.
323 2884 351 2940 Si
372 2900 442 2957 ergo
464 2884 596 2940 omnibus
618 2885 712 2956 placet
733 2889 764 2940 ut
788 2886 950 2956 hujusmodi
1000 2885 1125 2943 noluerit
1137 2887 1271 2943 ordinare
1286 2888 1452 2959 episcopum
1464 2890 1494 2943 et
1508 2887 1607 2959 populi
1631 2887 1818 2942 convenerint

133 2979 274 3048 pernicies
282 2978 423 3034 austerius
430 2978 598 3047 vindicetur,
606 2978 768 3034 neclaicam
777 2979 952 3034 communio-
1001 2979 1149 3051 episcopos
1160 2980 1259 3036 vicinae
1271 2982 1434 3052 provinciae,
1447 2982 1551 3037 debent
1561 2981 1643 3036 illum
1657 2981 1734 3052 prius
1746 2996 1815 3036 con·

131 3086 197 3129 nem
217 3071 334 3139 habeat,
357 3072 408 3143 qui
421 3072 483 3127 talis
504 3077 545 3127 est
565 3072 687 3126 universi
701 3071 844 3140 dixerunt,
858 3073 951 3144 placet
999 3073 1098 3129 venire
1112 3074 1289 3145 episcopum,
1301 3076 1350 3146 qui
1364 3075 1394 3129 in
1407 3074 1508 3130 eadem
1521 3074 1816 3147 provinciamoratur,

130 3167 220 3222 etiam
234 3165 336 3220 sitatis
350 3165 452 3238 aliquis
467 3165 607 3222 exstiterit
623 3167 801 3235 temerarius,
818 3168 850 3220 ut
863 3166 949 3222 forsi-
960 3124 988 3198 C
1000 3168 1028 3222 et
1043 3165 1193 3222 ostendere
1216 3167 1294 3239 quod
1315 3168 1414 3240 populi
1435 3172 1535 3239 petant
1556 3168 1610 3223 sibi
1623 3172 1773 3235 rectorem,
1788 3169 1819 3223 et

127 3261 175 3316 tan
192 3259 412 3316 excusationem
434 3259 543 3330 alferat,
559 3259 638 3331 quod
658 3259 757 3330 populi
776 3259 883 3315 litteras
900 3276 947 3315 ac·
999 3260 1053 3315 hoc
1062 3261 1174 3331 justum
1190 3276 1261 3327 esse,
1276 3263 1350 3317 utet
1366 3261 1419 3332 ipsi
1432 3262 1558 3329 veniant,
1571 3265 1679 3317 etcum
1694 3278 1727 3316 eo
1740 3260 1815 3316 ordi·

125 3354 250 3425 ceperit,
273 3369 339 3408 cum
360 3353 545 3408 manifestum
568 3353 604 3408 sit
623 3353 740 3424 praemio
766 3358 795 3409 et
815 3353 949 3409 mercede
998 3358 1070 3407 nent
1084 3353 1260 3425 episcopum,
1273 3355 1348 3426 quod
1362 3354 1384 3409 si
1397 3358 1556 3409 conventus
1569 3354 1672 3409 litteris
1685 3352 1815 3422 tacuerit,

121 3461 239 3517 paucos
261 3446 311 3517 qui
334 3446 476 3502 sinceram
495 3444 584 3500 iidem
607 3462 665 3501 uon
689 3446 800 3503 habent
825 3447 949 3517 potuisse
1000 3450 1028 3500 et
1049 3445 1278 3514 dissimulaverit,
1302 3448 1430 3519 nihilque
1449 3447 1637 3518 responderit,
1652 3447 1815 3502 tuncsatis·

121 3540 280 3611 corrumpi
302 3541 333 3594 ut
354 3540 508 3595 clamarent
523 3540 554 3594 iu
570 3539 691 3594 Ecclesia
705 3545 732 3594 et
746 3540 838 3611 ipsum
853 3545 948 3611 petere
998 3537 1163 3594 faciendum
1186 3556 1247 3595 esse
1270 3541 1392 3611 populis,
1406 3544 1439 3596 ut
1451 3541 1568 3597 veniant
1581 3557 1614 3596 ex
1628 3539 1727 3594 vicinis
1749 3554 1814 3610 pro·

118 3635 299 3690 viderentur
320 3633 493 3703 episcopum,
510 3633 626 3688 omniuo
654 3634 706 3687 has
724 3632 947 3688 fraudesremo·
998 3631 1106 3699 vinciis,
1134 3634 1163 3686 et
1190 3632 1340 3687 ordinent
1360 3633 1537 3706 episcopum.
1566 3635 1672 3688 lterum
1700 3633 1815 3688 licentia

121 3728 239 3781 vendas
247 3741 308 3781 esse
319 3725 548 3793 daninamus,ita
555 3729 588 3781 ut
597 3743 649 3781 nec
661 3727 759 3781 laicam
774 3726 951 3782 communio·
999 3724 1152 3780 ordinandi
1161 3724 1326 3797 episcopum
1341 3725 1436 3781 danda
1447 3726 1553 3798 passim
1568 3731 1689 3793 nonest,
1701 3727 1725 3780 si
1739 3725 1816 3782 euim

120 3821 243 3876 nemin
257 3819 344 3874 tidem
365 3819 484 3890 accipiat
504 3819 577 3887 talis,
597 3819 709 3891 quodsi
722 3819 800 3875 vobis
817 3820 949 3874 omnibus
999 3816 1093 3872 subito
1104 3823 1154 3872 aut
1168 3817 1244 3872 vicus
1269 3818 1373 3889 aliquis
1386 3822 1436 3873 aut
1457 3810 1678 3873 modica⁰civitas
1690 3818 1736 3872 cui
1749 3818 1816 3875 satis

122 3916 238 3985 placet,
254 3913 379 3968 statuite.
393 3912 520 3968 Universi
540 3911 670 3969 dixerunt
686 3930 693 3969 :
708 3913 812 3968 Placet.
1000 3916 1042 3964 est
1055 3926 1129 3964 uuus
1143 3910 1292 3982 presbyter
1311 3911 1431 3967 voluerit
1443 3911 1496 3967 sibi
1510 3910 1675 3982 episcopum
1690 3910 1817 3965 ordinari

167 4009 202 4065 ll.
216 4006 299 4063 Osius
319 4006 466 4078 episcopus
486 4006 556 4061 dixit
571 4022 578 4061 ε
595 4006 669 4062 lllud
685 4022 798 4078 quoque
812 4009 949 4063 statutum
999 4002 1109 4071 adhoc,
1124 4005 1157 4056 ut
1166 4002 1281 4058 vilescat
1292 4020 1400 4059 nomen
1411 4004 1537 4077 episcopi
1546 4007 1575 4060 et
1587 4003 1693 4058 summi
1702 4001 1817 4060 honoris

124 4102 179 4167 sit,
194 4105 228 4155 ut
243 4099 390 4172 episcopus
408 4098 444 4155 de
457 4116 509 4154 sna
522 4098 666 4170 provincio
678 4099 714 4155 ad
726 4100 811 4154 aliam
833 4101 948 4171 provin·
998 4097 1161 4163 auctoritas,
1178 4113 1236 4152 non
1251 4097 1356 4153 debent
1368 4098 1409 4153 illi
1421 4114 1456 4153 ex
1470 4097 1525 4153 alia
1539 4096 1688 4169 provincia
1704 4096 1816 4152 invitati

125 4195 205 4249 ciam
219 4194 250 4248 in
265 4209 323 4265 qua
343 4197 409 4248 sunt
428 4192 550 4264 episcopi
567 4209 625 4249 non
639 4197 765 4248 trauseat
777 4193 831 4248 nisi
845 4192 950 4249 tortae
998 4189 1091 4246 facere
1105 4190 1281 4262 episcopum,
1297 4191 1409 4247 nisiaut
1423 4192 1453 4246 in
1469 4190 1695 4261 civitatibusque
1712 4189 1817 4261 episcc

125 4287 267 4343 tratribus
281 4287 425 4354 invitatus,
444 4303 481 4343 ne
503 4286 655 4343 videamur
667 4287 789 4359 januam
803 4285 949 4342 charitatis
998 4299 1049 4354 pos
1062 4283 1234 4352 habueruut,
1248 4288 1298 4340 aut
1312 4286 1336 4339 si
1352 4301 1408 4357 qua
1420 4289 1480 4340 tam
1493 4285 1631 4358 populosa
1651 4287 1693 4339 est
1707 4282 1816 4352 civitas,

134 4381 278 4437 claudere.
998 4375 1044 4430 vel
1059 4377 1138 4432 locus
1151 4376 1201 4449 qui
1213 4383 1357 4434 mereatur
1372 4377 1481 4434 habere
1494 4379 1668 4450 episcopum.
1685 4375 1817 4448 Synodus

170 4476 213 4529 lll.
229 4473 313 4530 Osius
327 4473 476 4546 episcopus
489 4472 794 4530 dixit2Providendum
807 4474 850 4528 est
863 4473 949 4528 etiarn
959 4487 990 4561 D
999 4469 1149 4540 respoudit
1162 4486 1169 4524 :
1183 4471 1286 4526 Placet.

138 4573 167 4623 ut
188 4570 210 4623 si
232 4568 262 4623 in
285 4567 381 4640 aliqua
404 4567 551 4640 provincia
575 4567 650 4624 forte
672 4566 774 4639 aliquis
800 4566 951 4640 episcopus
1037 4563 1090 4619 Vll.
1107 4562 1188 4618 Osius
1211 4562 1360 4636 episcopus
1382 4564 1474 4622 dixit:
1490 4565 1524 4619 Et
1543 4564 1598 4619 hoc
1619 4562 1737 4634 placuit,
1750 4566 1783 4617 ut
1795 4562 1820 4618 si

138 4662 363 4718 contrafratrem
383 4677 467 4717 suum
486 4661 652 4733 episcopum
664 4660 744 4716 litem
756 4659 900 4728 babuerit,
914 4675 952 4716 ue
1001 4657 1149 4728 episcopus
1170 4660 1316 4712 accusatus
1336 4658 1431 4726 luerit,
1452 4659 1481 4712 et
1503 4673 1605 4712 omnes
1625 4655 1819 4728 judicaverint

138 4772 237 4812 unuse
252 4756 363 4812 duobus
378 4773 412 4812 ex
426 4755 482 4812 alia
500 4754 644 4828 provincia
663 4753 782 4809 advocet
803 4753 951 4826 episcopos
1001 4750 1168 4821 congregati
1184 4749 1309 4822 episcopi
1321 4750 1448 4822 regionis
1460 4749 1558 4823 ipsius,
1570 4754 1598 4806 et
1612 4749 1647 4805 de
1659 4751 1753 4821 gradu
1765 4765 1818 4806 suo

138 4848 334 4919 adjudicium.
1001 4842 1137 4914 ejecerint
1148 4858 1226 4913 eum,
1243 4844 1267 4898 si
1280 4843 1467 4915 appellaverit
1487 4844 1537 4916 qui
1554 4844 1681 4915 dejectus
1694 4843 1817 4914 videtur,
1862 4892 1879 4910 ,

170 4944 213 4998 lV.
230 4942 312 4999 Osius
333 4942 483 5015 episcopus
510 4942 604 4998 dixit:
621 4941 704 5008 Quod
720 4940 744 4995 si
766 4940 869 5012 aliquis
891 4941 950 5012 epi·
1001 4940 1030 4991 et
1057 4935 1220 5008 contugerit
1243 4936 1281 5014 ad
1302 4935 1501 4991 beatissimum
1525 4937 1664 4993 Romane
1686 4937 1818 4993 Ecclesia

137 5051 236 5108 scopus
248 5031 426 5108 adjudicatus
439 5035 564 5091 fueritin
575 5035 669 5108 aliqua
679 5051 772 5099 causa,
787 5038 816 5088 et
825 5036 908 5105 putat
921 5050 951 5089 se
1001 5029 1178 5103 episcopum,
1189 5033 1218 5086 et
1227 5029 1350 5085 voluerit
1358 5046 1388 5085 se
1397 5030 1499 5098 audiri,
1510 5030 1535 5085 si
1543 5031 1654 5102 justum
1664 5031 1816 5104 putaverit,

136 5129 237 5186 bonnm
261 5147 373 5185 (ausam
395 5130 510 5199 habere,
538 5129 693 5186 utiterum
714 5127 856 5199 judicium
869 5144 952 5184 reno
1001 5128 1032 5180 ut
1046 5126 1211 5192 renovetur,
1231 5139 1350 5180 examen
1374 5124 1496 5179 scribere
1520 5124 1660 5196 episcopis
1681 5126 1818 5197 dignetur

136 5231 224 5291 vetur,
245 5224 269 5278 si
282 5224 361 5279 vebis
382 5225 482 5296 placet,
496 5223 587 5278 sancti
606 5223 680 5280 Petri
700 5220 819 5294 apostoli
842 5237 949 5277 memo·
1001 5217 1147 5272 Romanus
1165 5216 1316 5289 episcopus
1336 5218 1382 5274 bis
1404 5217 1505 5289 quiin
1526 5216 1816 5289 finitimaetpropiu·

137 5316 204 5372 nam
220 5317 408 5385 honoremus,
425 5320 456 5373 ut
470 5316 619 5383 scribatur,
641 5316 686 5371 vel
707 5315 743 5371 ab
763 5314 808 5371 his
820 5314 869 5387 qui
882 5330 949 5369 cau·
1002 5325 1055 5380 qua
1069 5310 1318 5381 alteraprovincia
1330 5316 1406 5378 suut,
1428 5314 1460 5365 ut
1481 5310 1535 5381 ipsi
1552 5310 1706 5382 diligenter
1718 5309 1816 5365 omnia
1929 5376 1933 5381 .

136 5425 194 5465 sam
213 5411 458 5476 examinaverunt,
477 5410 520 5465 vel
542 5409 629 5465 etiam
650 5408 686 5464 ab
713 5408 777 5464 aliis
800 5406 948 5479 episcopis,
1000 5401 1159 5474 requirant,
1174 5407 1203 5458 et
1216 5404 1296 5475 juxta
1315 5403 1404 5459 fldem
1416 5404 1542 5458 veritatis
1555 5403 1652 5458 omnia
1666 5403 1815 5468 deliniunt,

138 5505 182 5572 qui
205 5504 236 5559 in
263 5503 426 5575 provincia,
453 5503 616 5575 propinqua
642 5504 794 5558 morantur
823 5500 950 5555 Romano
1000 5495 1123 5568 quodsi
1148 5496 1173 5551 is
1195 5496 1245 5568 qui
1264 5500 1347 5568 rogat
1367 5513 1486 5552 causam
1505 5512 1589 5552 suam
1606 5496 1712 5552 iterum
1725 5494 1818 5551 audiri

138 5598 277 5669 episcopo.
286 5597 347 5653 Etsi
352 5595 725 5667 judicaveritrenovandum
732 5593 949 5665 essejudicium,
1002 5587 1205 5660 deprecatione
1218 5605 1271 5645 sua
1285 5589 1408 5647 moverit
1423 5589 1588 5662 episcopum
1599 5589 1772 5658 Romanum,
1785 5592 1818 5644 ut

139 5694 283 5746 revocetur
298 5695 327 5746 et
341 5690 391 5746 det
399 5689 519 5761 judices.
536 5690 565 5746 Si
578 5692 673 5745 autem
687 5686 850 5760 probaverit
862 5687 950 5743 talem
999 5686 1036 5744 de
1055 5688 1146 5750 latere
1167 5704 1220 5744 suo
1242 5688 1424 5760 presbyteros
1441 5687 1547 5755 mittat,
1566 5687 1622 5744 erit
1633 5687 1664 5743 in
1678 5690 1817 5760 potestate

140 5795 260 5851 causam,
273 5790 305 5841 ιι
317 5801 352 5841 ea
364 5799 423 5841 non
437 5783 609 5840 refricentur
629 5798 694 5856 quae
716 5787 778 5840 acu
795 5783 871 5853 sunt,
885 5795 950 5854 que
999 5779 1088 5852 ipsius
1105 5780 1176 5855 quid
1197 5781 1274 5854 velit,
1290 5781 1404 5857 etquid
1424 5780 1561 5851 mutuet,
1574 5784 1607 5838 et
1623 5781 1833 5838 sinceraverit
