3870 6150
119 250 153 306 tlt
712 224 951 283 ltutlttltlattttlt
971 218 1163 277 costaalta.

144 352 202 409 uti.
217 346 427 405 subdiaconem
441 358 506 400 eum
520 340 647 398 ordinari
667 355 725 394 non
741 337 845 392 debere
860 334 909 407 qui
922 348 950 420 ,q
961 327 1308 393 dehere‚nisiintirmitate
1319 325 1508 400 compellente
1519 323 1644 397 coegerit
1653 325 1724 380 ratio
1733 327 1776 379 vel

120 442 330 507 hadolascentia
342 457 393 495 sua
407 438 492 493 tuerit
505 436 671 501 moechatus,
686 448 719 486 eo
738 431 814 503 qnod
832 434 908 501 post·
960 425 1036 480 socio
1052 421 1202 477 subvenire
1218 422 1398 492 periclitanti,
1415 421 1457 475 vel
1475 419 1594 491 gratiam
1610 420 1775 491 postulanti.

121 526 909 608 modumpersubscriptionemadaltioremgradumnon
996 518 1073 574 mar.
1104 518 1224 570 Pravam
1254 515 1463 570 iustitutionem
1493 513 1641 569 emendari
1672 513 1778 584 placuit

122 639 148 694 a
157 628 403 706 promovendus3si
414 631 508 681 autem
520 623 607 695 aliqui
618 629 684 677 sunt
693 621 722 674 iu
733 618 911 692 praeteritum
957 613 1040 684 juxta
1061 611 1257 665 alectoritatem
1280 610 1504 680 Scripturarum,
1529 613 1560 662 ut
1582 607 1676 662 cuncti
1702 606 1778 662 diem

1724 217 1775 273 lta
1859 270 1862 275 .

124 726 231 795 ordinati,
252 724 446 778 amoveantur.

150 821 217 877 llll.
232 818 432 873 Adulescentes
454 815 502 887 qui
519 816 583 885 post
601 812 688 867 tidem
710 805 814 865 lavacri
837 805 911 861 salu-

127 919 174 973 taris
192 913 296 968 luenut
318 909 462 975 maechati,
477 925 543 963 cum
567 906 703 961 duxerint
729 919 829 959 uxores
852 905 913 955 acta

127 1005 228 1076 legitima
241 1000 421 1073 paenitentia,
438 998 544 1069 placuit
561 997 596 1051 ad
615 994 850 1051 communionem
867 1007 913 1045 eos

129 1098 212 1154 admitti
224 1095 343 1150 debere.

154 1192 231 1247 ‚tltlt
248 1189 277 1244 si
291 1188 355 1260 quis
369 1187 447 1258 gravi
468 1186 550 1257 lapsu
569 1185 600 1238 in
621 1184 733 1239 ruinam
756 1181 855 1236 mortis
870 1181 914 1235 in-

132 1280 212 1347 ciderit,
225 1277 333 1350 placuit
344 1293 429 1347 agere
449 1274 648 1346 poeuiteutiam
663 1289 722 1327 non
737 1272 841 1326 dehere
854 1270 915 1324 sine

133 1373 224 1447 episcopi
238 1372 382 1439 consultu,
396 1370 443 1424 scd
458 1369 551 1440 potius
565 1368 641 1438 apud
661 1366 825 1438 episcopum
839 1368 914 1436 agat,

134 1472 222 1540 cogente
233 1470 334 1521 tamen
347 1463 521 1519 infirmitate.
539 1464 600 1517 Non
618 1466 659 1516 est
673 1461 915 1532 presbyterorum,

135 1557 538 1625 liacouomm,communionem
548 1555 651 1610 talibus
659 1557 795 1626 praestare
804 1553 916 1621 debere,

136 1655 170 1709 uis
179 1656 213 1710 eis
223 1653 340 1725 jusserit
353 1652 511 1723 episcopus.

962 707 1142 762 Pentecosles
1155 702 1346 770 celebremus;
1359 702 1437 774 quod
1447 703 1495 773 qui
1509 717 1566 756 uon
1581 701 1688 768 lecerit,
1699 701 1779 773 quasi

962 816 1064 856 novam
1077 788 1210 853 heresim
1221 797 1362 852 induxisse
1378 800 1501 851 notetur.

999 895 1085 949 XLlll.
1108 892 1238 947 Meretrix
1262 907 1327 962 cquae
1348 890 1501 962 aliquando
1522 891 1619 959 luerit,
1636 894 1665 945 et
1683 893 1780 963 postea

964 988 1096 1045 hahuerit
1119 987 1264 1054 uraritum,
1281 987 1303 1040 si
1328 985 1511 1058 postmodum
1534 985 1569 1040 ad
1585 984 1782 1040 credulitatem

964 1082 1082 1150 venerit,
1097 1081 1297 1135 incunctanter
1310 1079 1417 1151 placuit
1430 1096 1489 1135 csse
1502 1078 1709 1151 recipiendam.

1001 1176 1086 1231 lillV.
1102 1174 1156 1239 Qui
1170 1174 1323 1245 aliquando
1337 1174 1423 1228 luerit
1437 1174 1657 1228 catechumenus
1670 1190 1722 1246 per
1737 1172 1782 1228 in-

966 1271 1046 1326 tlnitu
1061 1275 1201 1340 tempora,
1213 1273 1242 1323 et
1252 1285 1399 1339 uunquam
1415 1269 1452 1323 ad
1462 1268 1610 1323 eeclesiam
1621 1268 1783 1324 accesserit:

967 1366 1070 1421 sicum
1092 1364 1127 1418 de
1151 1364 1225 1418 clero
1252 1364 1401 1436 quisquam
1427 1364 1573 1435 agnoverit
1588 1364 1709 1418 voluisse
1724 1380 1785 1418 esse

966 1463 1172 1530 Christianum,
1182 1468 1230 1518 aut
1244 1465 1329 1517 testes
1340 1462 1424 1535 aliqui
1437 1462 1594 1518 exstiterint
1607 1462 1715 1531 fideles,
1724 1462 1784 1535 pla-

968 1559 1027 1614 cuit
1040 1557 1214 1630 baptismum
1228 1557 1254 1612 ei
1267 1574 1323 1611 uon
1335 1557 1445 1628 negari,
1458 1575 1491 1612 eo
1504 1557 1578 1628 quod
1593 1556 1622 1611 in
1633 1563 1727 1613 vetere
1738 1557 1786 1612 ho

968 1653 1045 1708 mine
1062 1651 1213 1723 deliquisse
1234 1649 1375 1706 videatur.

158 1750 246 1804 lauh.
262 1748 371 1802 Placuit
387 1747 418 1800 iu
441 1749 534 1800 totum
558 1744 742 1816 praescribere
767 1741 957 1815 episcopisl}
1005 1748 1078 1802 XLV.
1104 1746 1133 1801 Si
1157 1746 1219 1818 quis
1243 1745 1334 1800 fidelis
1357 1748 1485 1818 apostata
1508 1762 1559 1817 per
1580 1746 1691 1801 infinita
1712 1746 1784 1801 tcm-

136 1843 285 1915 presbyteris
304 1841 480 1906 diaconibus,
495 1857 526 1893 ac
547 1838 766 1893 subdiaconibus
781 1837 877 1908 positis
890 1836 919 1890 in
969 1857 1039 1913 pora
1050 1841 1084 1895 ad
1096 1840 1241 1895 ecclesiam
1253 1857 1310 1894 uon
1325 1840 1484 1906 accesserit,
1496 1840 1518 1894 si
1530 1845 1625 1894 tarrmn
1635 1840 1787 1912 aliquando

137 1937 262 1992 ministerio
276 1936 419 1990 abstinere
433 1952 462 1989 se
477 1952 493 1989 a
506 1933 673 2005 conjugibus
685 1932 752 1999 suis,
762 1937 791 1986 et
800 1948 858 1986 non
874 1947 921 2002 ge·
969 1935 1056 1991 fuerit
1069 1951 1269 2001 reversr1s,ucc
1280 1933 1367 1987 luerit
1379 1933 1542 2004 idololatra,
1555 1938 1618 2005 post
1632 1933 1728 1988 decem
1740 1950 1787 1988 an-

137 2047 209 2087 nerue
220 2031 302 2086 tilios.
315 2030 396 2095 Quod
409 2030 573 2101 quicunque
587 2027 695 2095 lecerit,
704 2026 738 2081 ab
749 2027 857 2081 honore
867 2026 921 2080 cle·
971 2046 1022 2084 nos
1035 2029 1139 2100 placuit
1152 2045 1216 2083 reram
1232 2027 1462 2082 communionem
1475 2027 1612 2100 accipere.

138 2125 212 2181 riuhrs
223 2125 438 2181 exterminetur.
1008 2123 1091 2177 le'l.
1111 2121 1218 2193 Siquis
1241 2121 1331 2175 tidelis
1351 2121 1461 2176 habens
1476 2137 1604 2189 uxorem,
1620 2138 1679 2176 non
1701 2122 1787 2176 semel

161 2220 249 2274 ttttv.
274 2219 376 2273 Cereus
399 2235 449 2289 per
471 2218 548 2272 diem
575 2217 681 2288 placuit
705 2216 734 2271 in
758 2215 922 2271 caemeterio

140 2330 178 2368 nou
193 2313 310 2382 incendi,
326 2311 503 2384 inquietandi
520 2313 596 2366 enim
617 2313 783 2366 sanctorum
807 2310 922 2381 spiritus

91 2384 98 2453 i
140 2424 180 2463 non
190 2414 257 2463 suut.
273 2407 327 2473 Qut
342 2408 403 2462 ltrec
418 2423 476 2461 non
492 2405 710 2476 observaverint,
724 2410 874 2460 arceantur
887 2405 922 2458 ab

91 2500 98 2541 Γ
141 2501 461 2558 Ecclesiaecommunioue.

164 2596 241 2652 thul.
254 2595 363 2652 Placuit
379 2594 526 2668 prohiberi
542 2611 577 2650 ne
592 2595 705 2650 feminae
719 2595 746 2650 in
761 2594 924 2650 coenretcrio

972 2218 1021 2273 sed
1035 2233 1109 2288 sape
1122 2217 1211 2270 suerit
1223 2216 1392 2284 moechatus,
1408 2216 1437 2270 iu
1450 2215 1539 2270 finem
1553 2215 1653 2271 mortis
1666 2218 1709 2270 est
1721 2233 1789 2271 con-

972 2311 1139 2368 veniendus.
1151 2309 1232 2374 Quod
1247 2309 1268 2363 si
1285 2327 1313 2363 se
1328 2310 1492 2382 promiserit
1506 2313 1692 2381 cessaturum,
1708 2311 1791 2366 detur

973 2408 1000 2462 ci
1008 2405 1183 2474 commuuio;
1193 2405 1216 2459 si
1226 2404 1408 2459 resuscitatus
1419 2421 1516 2459 rursus
1528 2405 1614 2459 suerit
1624 2405 1788 2476 moechatus,

973 2501 1079 2573 placuit
1092 2499 1211 2555 ulterius
1225 2515 1282 2554 non
1298 2498 1383 2554 edere
1399 2516 1464 2554 cum
1479 2499 1513 2554 dc
1526 2499 1729 2556 communione
1740 2517 1789 2572 pa-

974 2611 1024 2652 crs.

141 2691 291 2763 eripient,
317 2708 351 2746 co
376 2691 453 2762 quod
475 2707 550 2762 saepe
573 2691 625 2745 sub
647 2691 766 2746 obtentu
789 2688 925 2744 orationis

142 2786 220 2840 scelera
231 2786 353 2841 latenter
364 2786 555 2840 committant.

166 2879 252 2936 ltili.
273 2879 381 2934 Placuit
396 2879 519 2950 picturas
532 2880 561 2934 in
578 2880 696 2935 ecclesia
716 2896 776 2934 esse
799 2896 856 2934 non
876 2879 924 2935 de·

122 3006 125 3011 ,
144 2969 198 3039 bere,
208 2991 239 3028 ne
253 2974 329 3047 quod
342 2974 444 3028 colitur
457 2977 508 3028 aut
520 2973 654 3029 adoratur
667 2974 695 3029 in
710 2974 863 3046 parietibus
876 2974 924 3028 de·

146 3074 256 3138 prugahrr.

1010 2689 1104 2745 llbllll.
1126 2689 1287 2743 Emendare
1308 2686 1423 2760 placuit,
1438 2691 1470 2742 ut
1491 2689 1520 2743 hi
1542 2689 1592 2761 qui
1613 2689 1792 2762 baptizantur

976 2783 1090 2856 (utheri
1108 2783 1223 2854 solebat)
1240 2799 1374 2838 nummos
1389 2782 1418 2837 in
1441 2784 1580 2838 concham
1600 2802 1658 2839 non
1678 2784 1794 2841 mittant

977 2896 1012 2935 ne
1037 2879 1168 2934 sacerdos
1194 2878 1272 2950 quod
1289 2877 1378 2950 gratis
1399 2878 1508 2950 accepit
1522 2879 1614 2950 pretio
1634 2878 1793 2935 distrahere

976 2973 1113 3040 videatur,
1129 2989 1222 3044 neque
1235 2970 1325 3043 pedes
1339 2988 1439 3026 eorum
1455 2972 1567 3027 lavandi
1590 2975 1657 3028 sunt
1672 2989 1792 3029 asaccr·

979 3067 1092 3124 dotibus
1101 3066 1143 3121 vel
1157 3067 1275 3121 clericis.

170 3160 265 3217 llllll.
282 3164 336 3218 Eos
350 3162 428 3236 quia
443 3162 588 3235 spiritibus
605 3164 762 3219 immundis
780 3127 967 3233 venantur,C
1014 3162 1123 3216 XLlllll.
1138 3160 1301 3215 Admonere
1316 3158 1418 3232 placuit
1433 3178 1611 3232 possessores
1624 3166 1657 3217 ut
1670 3179 1730 3218 nou
1744 3181 1794 3236 pa·

149 3250 192 3307 siin
203 3255 252 3311 hnc
265 3257 367 3312 mortis
379 3256 495 3325 fuerint,
510 3257 654 3312 constituti
669 3257 805 3328 baptizari
825 3241 942 3329 places
979 3258 1086 3312 tiantm·
1107 3259 1214 3313 fructus
1236 3274 1300 3311 suos
1324 3275 1394 3330 quos
1418 3274 1434 3310 a
1458 3258 1513 3311 lleo
1537 3257 1707 3329 percipiunt,
1731 3275 1796 3312 cum

150 3342 226 3404 Slvere
236 3350 336 3433 fideles
349 3350 466 3419 fuerint,
480 3351 603 3406 dandam
619 3351 658 3405 cis
673 3367 731 3406 esse
753 3351 930 3406 conrmuuio·
981 3352 1138 3424 gratiamur
1153 3353 1263 3407 actione
1276 3370 1292 3406 a
1304 3353 1409 3407 ludaeis
1424 3351 1562 3419 benedici,
1580 3367 1615 3404 uc
1630 3354 1797 3407 nostramet

150 3452 201 3497 utu.
211 3445 416 3501 Prohibendam
427 3445 513 3500 etiam
525 3463 560 3500 nc
570 3446 701 3501 lucernas
712 3446 825 3518 publice
835 3461 931 3501 accen·
981 3446 1123 3501 inlirmam
1135 3447 1242 3501 iaciant
1253 3446 1494 3502 benedictionem.
1512 3444 1538 3499 Si
1555 3445 1618 3516 quis
1631 3449 1694 3517 post
1706 3445 1796 3501 inter·

152 3529 195 3589 tat
208 3554 214 3593 ε
227 3540 249 3593 si
260 3540 352 3595 facere
365 3545 463 3595 contra
477 3540 661 3596 interdictum
674 3540 824 3609 voluerint,
843 3540 930 3595 ahsti·
981 3542 1087 3597 dictum
1110 3542 1205 3596 lacere
1227 3541 1413 3614 usurpaverit,
1430 3540 1542 3613 penitus
1556 3539 1591 3594 ah
1607 3541 1729 3596 Ecclesia
1747 3541 1797 3595 ah·

152 3634 456 3689 ecutaeommunione.
978 3636 1105 3708 jiciatur.

173 3722 283 3784 llllllll.
304 3730 426 3801 Peregre
454 3729 622 3802 navigantes
646 3733 695 3785 aut
717 3725 881 3801 sitfecclesia
903 3728 933 3784 in
1018 3732 1102 3786 xllx.
1119 3730 1146 3785 Si
1160 3746 1227 3786 vero
1240 3730 1342 3803 aliquis
1363 3729 1482 3785 clericus
1506 3729 1564 3784 sive
1589 3729 1681 3784 fidelis
1702 3729 1796 3798 fuerit,

91 3808 96 3843 ³
153 3822 249 3880 lerino
258 3824 420 3892 nonluerit,
428 3841 507 3895 posse
517 3824 629 3880 lidelem
638 3825 687 3897 qui
698 3826 839 3881 lavacrum
849 3841 932 3881 suum
984 3825 1032 3896 qui
1040 3842 1104 3880 cum
1112 3824 1217 3881 ludaeis
1227 3824 1322 3880 cibum
1332 3823 1495 3896 sumpserit,
1503 3822 1610 3895 placuit
1621 3840 1687 3878 eum
1698 3840 1714 3878 a
1724 3840 1801 3879 com·

152 3902 264 3987 illegrum
279 3918 376 3986 habet,
391 3935 443 3973 nec
464 3919 501 3973 sit
520 3913 661 3991 bigamus,
678 3919 822 3992 baptizare
837 3919 865 3975 iu
881 3936 933 3975 ne·
983 3919 1121 3975 munione
1135 3919 1289 3990 abstinere,
1304 3922 1335 3974 ut
1348 3919 1453 3975 debeat
1464 3917 1622 3974 emendari.

153 4010 247 4068 esitare
259 4012 432 4067 infirmitatis
444 4014 568 4084 positum
582 4015 829 4084 catechumenum,
848 4015 889 4069 ita
902 4018 935 4070 ut
1020 4014 1050 4070 L.
1066 4016 1104 4070 Ex
1123 4014 1201 4070 omni
1216 4014 1318 4069 haeresi
1336 4013 1385 4086 qui
1398 4013 1434 4069 ad
1448 4030 1501 4069 nos
1514 4013 1606 4069 tidelis
1620 4013 1731 4069 venerit
1744 4014 1798 4070 mi·

91 4098 97 4105 ’
151 4094 165 4146 ll
172 4106 343 4176 supervixerit
355 4107 392 4162 ad
405 4107 569 4180 episcopum
589 4126 657 4164 eum
675 4108 822 4181 perducat,
838 4113 868 4164 ut
883 4126 936 4181 per
985 4109 1063 4164 nime
1077 4111 1166 4166 estad
1181 4111 1288 4165 clerum
1301 4109 1522 4181 promovendus,
1533 4108 1577 4162 vel
1593 4108 1615 4162 si
1630 4109 1679 4181 qui
1692 4113 1758 4164 sunl
1771 4110 1801 4165 iu

148 4198 225 4254 mtuus
237 4201 449 4274 impositionem
464 4203 560 4274 pertici
573 4205 672 4277 possit.

168 4288 281 4350 Gentiles
293 4296 315 4350 si
330 4296 362 4351 in
373 4296 540 4352 infirmitate
558 4298 781 4354 desideraverint
802 4297 854 4354 sibi
872 4315 935 4354 ma·

139 4382 185 4476 lits
194 4388 313 4462 imponi,
326 4390 350 4444 si
363 4392 450 4446 fuerit
462 4409 562 4447 eorum
573 4409 605 4447 ex
619 4393 715 4465 aliqua
725 4397 805 4465 parte
816 4394 938 4448 honesta

129 4563 239 4634 ‘fiscos

138 4741 144 4753 ⁸
158 4662 258 4730 buu.
270 4675 380 4732 Placuit
392 4676 548 4748 prohiberi,
561 4683 591 4735 ut
605 4695 670 4734 cum
684 4680 808 4735 rationes
818 4696 882 4734 suas
894 4696 937 4734 ac-

91 4790 93 4803 =
122 4752 417 4840 e'ittuntpossessores
426 4772 562 4845 quidquid
570 4774 605 4829 ad
613 4773 830 4829 idolumdatum
841 4774 936 4841 fucrit,

121 4846 270 4933 'saeptum
283 4881 344 4921 non
358 4866 494 4922 inferant.
505 4867 533 4922 si
546 4884 614 4923 vero
631 4872 693 4939 post
706 4868 912 4922 interdictuml
928 4898 939 4908 ·

121 4941 224 5043 (friat,
239 4975 290 5030 per
311 4959 500 5032 quinquennii
520 4961 611 5034 spatia
632 4963 768 5034 temporis
780 4978 795 5016 a
809 4978 938 5017 commu-

122 5034 213 5106 1¹¹(irre
231 5069 292 5110 esse
306 5055 457 5112 arcendos.

165 5139 214 5201 ut.
222 5148 383 5205 Admonere
393 5150 497 5222 placuit
509 5151 617 5219 fideles,
626 5157 659 5208 ut
669 5152 809 5224 qnantum
823 5154 941 5223 possunt

126 5226 309 5312 teutiscam,
325 5259 361 5300 ue
379 5244 459 5325 'idola
482 5245 512 5301 in
534 5247 665 5302 domibus
683 5247 741 5301 suis
758 5247 890 5301 habeant.
912 5245 941 5301 Si

128 5322 197 5389 'tro
211 5336 266 5392 vim
281 5342 415 5394 metuunt
426 5356 583 5410 servorum,
598 5341 642 5396 vel
656 5342 761 5413 seipsos
775 5358 860 5413 puros
873 5357 940 5396 con·

131 5418 249 5567 :Errant
262 5432 292 5489 Si
308 5448 367 5489 non
380 5433 510 5506 fecerint,
524 5435 609 5491 alieni
632 5435 668 5490 ab
683 5435 805 5490 Ecclesia
818 5435 943 5491 habean-

165 5535 187 5578 r.

169 5616 227 5681 tu.
243 5625 298 5682 Eos
313 5624 363 5699 qui
382 5627 417 5682 ad
441 5627 565 5700 primam
589 5629 762 5684 credulitatis
784 5628 871 5684 fidem
899 5646 944 5684 ac-

137 5713 234 5774 salunt
249 5721 282 5791 (si
306 5720 391 5777 bonae
412 5721 521 5804 fuerint
536 5722 767 5795 conversationis)
781 5722 856 5778 intra
870 5723 947 5778 bicu-

139 5804 210 5870 1liure
224 5816 371 5891 temperis,
378 5816 485 5889 placuit
500 5815 538 5872 ad
551 5816 684 5888 baptismi
697 5818 819 5890 gratiam
833 5817 948 5873 admitti

334 5904 473 5973 Parnes.
497 5904 612 5972 CXXX.

984 4205 1162 4277 praeteritum
1178 4204 1310 4275 ordinati,
1328 4204 1389 4259 sine
1403 4203 1489 4259 dubio
1505 4203 1693 4275 deponentur.

1023 4301 1065 4354 Ll.
1079 4300 1107 4355 Si
1120 4300 1169 4372 qui
1181 4299 1288 4355 inventi
1312 4299 1418 4354 fuerint
1437 4298 1544 4353 libellos
1565 4298 1688 4354 famosos
1708 4299 1739 4355 in
1760 4317 1804 4356 cc·

988 4396 1072 4451 clesia
1095 4393 1514 4466 poneresanathematizentur.

134 4472 192 4550 ma,
213 4485 317 4557 placuit
347 4485 387 4540 eis
411 4502 529 4542 manum
560 4487 681 4559 imponi,
707 4493 736 4542 et
762 4487 823 4543 heri
854 4488 977 4586 Chri-D
1025 4490 1078 4544 l.ll.
1110 4489 1216 4544 Placuit
1247 4487 1371 4558 cunctis,
1393 4490 1426 4542 ut
1456 4487 1490 4541 ab
1517 4503 1550 4542 eo
1578 4484 1710 4559 episcopo
1741 4488 1804 4562 quis

988 4583 1105 4654 recipiat
1122 4584 1363 4649 communionem,
1377 4600 1393 4636 a
1407 4598 1464 4654 quo
1477 4580 1622 4652 abstentus
1640 4582 1670 4636 in
1684 4581 1804 4639 crimine

987 4679 1082 4751 ulique
1096 4678 1191 4733 fuerit.
1205 4678 1285 4742 Quod
1298 4677 1323 4732 si
1337 4676 1439 4747 aliquis
1453 4674 1602 4748 episcopus
1613 4693 1803 4752 praesumpse—

987 4773 1026 4831 rit
1047 4789 1113 4827 curn
1132 4771 1283 4826 admittere
1305 4770 1353 4825 illo
1376 4770 1470 4825 adhuc
1491 4770 1612 4826 minime
1635 4772 1741 4828 sciente
1762 4775 1806 4829 vcl

989 4867 1184 4924 consentiente
1208 4883 1224 4921 a
1247 4882 1304 4938 quo
1327 4864 1419 4920 iuerat
1444 4864 1647 4922 communione
1670 4867 1805 4940 privatus,

990 4961 1061 5017 sciat
1084 4978 1113 5017 se
1135 4959 1297 5033 hujusmodi
1322 4975 1419 5014 causas
1439 4957 1515 5014 inter
1536 4958 1640 5016 iratres
1657 4977 1717 5017 esse
1741 4978 1806 5019 cum

990 5058 1080 5112 status
1093 5056 1136 5111 sui
1149 5055 1276 5127 periculo
1289 5055 1502 5127 praestaturum.

1027 5150 1092 5210 tlh.
1107 5151 1137 5208 Si
1151 5150 1200 5223 qui
1212 5154 1345 5223 parentes
1355 5149 1441 5204 tidem
1453 5147 1593 5221 fregerint
1601 5149 1808 5222 sponsaliorum

992 5247 1107 5307 triennii
1129 5251 1273 5317 tempore,
1288 5243 1449 5300 abstineant
1463 5260 1493 5298 se
1512 5261 1528 5298 a
1550 5244 1758 5300 communione.
1781 5244 1808 5300 si

993 5347 1087 5399 tamen
1110 5338 1197 5396 iidem
1214 5356 1332 5413 sponsus
1345 5339 1389 5393 vel
1413 5354 1517 5411 sponsa
1539 5338 1567 5393 iu
1590 5338 1669 5411 gravi
1689 5338 1808 5394 crimina

994 5435 1102 5493 fuerint
1115 5433 1293 5508 deprehensi,
1310 5433 1432 5488 excusati
1445 5434 1531 5488 crunt
1545 5433 1685 5503 parentes.
1699 5431 1729 5487 Si
1742 5448 1808 5488 vero

995 5531 1025 5586 in
1037 5530 1138 5587 eodem
1150 5527 1217 5585 vitio
1232 5532 1261 5584 et
1273 5527 1426 5600 polluerint
1448 5543 1477 5581 se
1498 5525 1711 5595 consentiendo,
1725 5543 1808 5601 supe·

996 5627 1056 5682 rior
1068 5623 1207 5680 sententia
1223 5625 1361 5678 servetur.

1033 5721 1098 5776 htv.
1113 5718 1279 5776 Sacerdotes
1299 5717 1349 5789 qui
1364 5718 1477 5771 tantum
1499 5713 1717 5772 sacrificantium
1731 5733 1811 5776 coro·

999 5833 1066 5872 nam
1081 5817 1204 5889 portant,
1217 5829 1268 5867 uec
1283 5810 1451 5879 sacrificant,
1466 5823 1518 5865 nec
1533 5807 1567 5863 de
1582 5809 1641 5865 suis
1652 5815 1828 5887 sumptxbus

1594 5905 1638 5966 bh
