3870 6150
124 245 178 304 563
571 244 712 303 manno.
732 245 777 301 Al)
795 243 874 303 SAEC.
895 246 939 302 lll.
954 272 988 290 α
1007 245 1129 304 lsmonl
1146 244 1358 305 macaronls
1765 248 1829 312 ub

122 359 171 410 tur
184 355 215 409 in
231 352 354 422 sedibus,
370 352 462 409 adfuit
474 351 552 409 idam
572 351 705 426 princeps
717 352 802 425 pleno
816 353 885 411 fidei
896 370 942 411 ar·
954 367 983 443 Α
993 355 1260 428 referam,quon1m
1272 353 1476 412 redhibitiones
1490 355 1580 412 tantis
1592 354 1760 413 debitorum
1772 374 1830 417 en.

124 448 195 504 dore
207 446 356 516 subnixus,
370 450 400 501 et
421 445 592 502 humilitatis
605 446 696 519 gratia
721 446 880 517 decoratus,
894 447 944 521 qni
993 448 1347 519 mulisincrevemut,utsi
1358 448 1724 523 exigipenitusjubeantur
1733 455 1819 510 etsu-

124 541 233 613 synodo
244 540 454 597 deliberationis
467 557 526 596 suae
540 544 607 597 veta
618 541 831 612 commendans,
848 546 881 599 ut
892 558 944 614 pro
992 547 1039 598 tus
1051 543 1206 600 subruatur
1220 542 1348 598 uruditus
1362 542 1544 616 populorum,
1558 548 1587 600 et
1600 543 1748 617 fragmine
1761 547 1813 604 col„

124 651 154 690 sa
177 634 266 690 Deum
293 634 499 691 instantissime
526 635 730 705 deprecaretur
752 636 942 708 expostulans,
994 636 1102 692 lisionis
1116 652 1218 694 eorum
1232 637 1365 694 ultimum
1379 641 1465 694 terra
1477 639 1603 694 sentient
1615 638 1743 711 propria
1757 655 1809 711 pro

124 730 180 786 boc
192 728 354 801 pracsertim
369 732 413 785 est
427 729 565 784 allocutus
579 727 733 785 sufficienti
746 729 945 786 exhortatione
993 731 1129 803 lapsionis
1142 731 1307 787 excidium?
1320 731 1400 788 Unde
1415 731 1519 787 talibus
1533 748 1593 788 nou
1616 732 1713 788 solum
1726 732 1803 806 prin·

124 823 286 891 concilium,
294 826 325 878 nt
335 822 532 879 ecclesiasticae
542 821 698 894 discipliuae
708 839 773 894 quus
782 828 945 895 congruunt
994 824 1040 894 tis,
1050 825 1099 881 sed
1114 825 1201 880 etiam
1215 825 1358 881 fiscalibus
1374 825 1461 881 serris
1474 824 1598 882 remedia
1615 825 1733 899 pietatis
1744 844 1803 899 pra·

125 923 153 974 et
165 916 343 990 corrigendis
358 916 489 973 moribus
503 932 567 988 quae
586 917 761 973 conveniunt
773 922 879 973 tractus
891 934 943 974 no·
995 922 1097 989 optans
1110 923 1210 974 nostra
1220 919 1309 989 gloria
1322 918 1472 976 affluenter
1484 919 1666 993 impendere,
1677 926 1711 976 ut
1720 936 1804 977 omnes

125 1011 176 1067 stri
189 1010 332 1068 euidentia
341 1010 644 1067 sancirentur.lieinde
654 1010 793 1083 religiosis
804 1011 877 1068 votis
886 1026 945 1068 sure
994 1011 1168 1068 tributorum
1182 1012 1343 1068 exactiones
1364 1029 1430 1085 qum
1444 1013 1518 1085 apud
1533 1013 1595 1068 illos
1619 1013 1655 1069 de
1670 1017 1804 1072 retroactis

123 1105 296 1175 clementia,
313 1105 417 1176 quibus
437 1104 667 1160 subveniendum
681 1105 792 1162 miseris
806 1105 944 1174 delinivit,
995 1105 1172 1178 temporibus
1180 1106 1321 1178 adjacent,
1331 1123 1422 1179 usque
1432 1107 1467 1162 ad
1480 1107 1607 1179 primum
1619 1123 1730 1163 annum
1740 1096 1804 1165 man·

125 1199 256 1271 synodali
276 1203 418 1254 conventu
436 1199 633 1254 confirmanda
653 1199 803 1269 commisit,
825 1200 947 1257 offerens
996 1201 1115 1256 suetudo
1129 1207 1226 1256 nostra
1240 1200 1293 1256 illis
1308 1201 1497 1256 remittendas
1509 1201 1622 1272 laxavit,
1631 1205 1660 1257 et
1669 1202 1743 1274 stylo
1751 1218 1801 1275 pro-

125 1292 258 1348 videlicet
270 1293 358 1348 sacris
371 1292 552 1364 pontificibus
566 1298 690 1361 tomum,
707 1293 858 1351 obsecrans
872 1294 947 1368 pari·
995 1294 1066 1365 prim
1078 1295 1256 1350 auctoritatis
1273 1311 1354 1350 sacro
1366 1298 1464 1350 sancto
1477 1295 1563 1350 coetni
1575 1298 1676 1351 nostru
1689 1295 1804 1368 relegen-

127 1391 179 1455 ter,
195 1389 223 1441 et
235 1391 408 1458 contestans,
425 1389 457 1443 ut
469 1387 607 1459 quidquid
618 1387 674 1443 illic
687 1387 858 1444 venustioris
873 1392 947 1444 esset
997 1388 1046 1443 das
1057 1388 1154 1461 elegit.
1171 1388 1242 1444 lllud
1259 1404 1376 1461 quoque
1389 1388 1524 1461 adjiciens
1537 1389 1643 1462 loquar
1656 1390 1735 1463 quod
1747 1391 1804 1446 votis

128 1479 231 1536 calami
249 1481 430 1552 respersione
443 1486 620 1553 congestum,
644 1481 788 1555 synodalis
809 1482 947 1554 potentia
997 1482 1100 1537 uostris
1120 1482 1256 1537 horribile
1270 1485 1299 1538 et
1313 1482 1418 1538 animis
1433 1482 1607 1539 exsecrabile
1630 1486 1675 1539 est
1696 1500 1803 1557 semper.

127 1575 299 1631 conderetur
312 1575 414 1631 ordine
426 1575 586 1631 titulorum.
597 1576 674 1632 Tune
687 1593 739 1632 uos
751 1592 803 1648 pro
816 1579 947 1650 suscepto
997 1574 1186 1646 ignobilitatis
1207 1575 1332 1631 conditio
1353 1575 1525 1631 libertorum
1547 1576 1591 1631 vel
1617 1593 1770 1647 serrorum,
1783 1581 1806 1633 et

127 1685 143 1722 a
156 1668 285 1741 principa
295 1673 375 1725 toruo
386 1670 507 1742 gloriam
517 1669 860 1741 dedimuslieo,eteidem
871 1669 948 1744 prin·
998 1667 1147 1741 adaequata
1160 1669 1253 1741 gentis
1267 1674 1373 1726 nostra
1388 1675 1493 1726 statum
1504 1669 1673 1741 degenerat,
1686 1671 1722 1727 ob
1734 1688 1806 1744 quan

128 1762 185 1834 cipi
213 1762 414 1820 benediximus
441 1764 574 1836 glorioso.
595 1764 674 1821 ldem
696 1768 794 1822 tamen
817 1746 986 1838 princepali
998 1778 1059 1818 rem
1074 1764 1127 1817 hoc
1140 1765 1244 1818 nostrae
1257 1763 1471 1835 glorioeaniruis
1484 1762 1589 1836 placet,
1601 1765 1806 1837 ntexceptisfls

18 1846 21 1853 ’
127 1861 278 1930 postquam
287 1862 420 1914 votorum
434 1876 552 1916 suorum
568 1860 710 1916 actionem
723 1861 845 1933 peregit,
855 1877 872 1915 a
881 1875 947 1915 eon·
997 1857 1103 1912 calibus
1116 1856 1203 1912 servis
1213 1859 1255 1913 vel
1269 1856 1387 1925 libertis,
1399 1857 1501 1912 abrasa
1514 1857 1651 1932 deinceps
1664 1859 1749 1930 hujus
1759 1875 1807 1915 nra·

126 1953 214 2006 ventu
229 1951 340 2008 concilii
351 1953 493 2024 gratiosus
508 1954 602 2010 exivit.
616 1955 694 2009 Tune
708 1958 774 2026 post
785 1953 946 2025 prasentia
995 1951 1030 2005 la
1046 1950 1279 2023 presumptionis
1300 1951 1425 2018 licentia,
1439 1951 1535 2006 nullus
1548 1951 1598 2023 qui
1623 1969 1661 2007 ex
1686 1955 1806 2009 servitute

126 2044 295 2116 principalis
308 2045 481 2116 abscessum,
492 2047 585 2102 hocin
596 2047 947 2120 tomiipsiusallegatione
996 2044 1192 2117 quorumlibet
1201 2061 1299 2100 servus
1313 2045 1351 2100 sit
1363 2045 1406 2101 vel
1416 2045 1536 2101 libertus
1546 2046 1583 2101 ad
1593 2046 1808 2118 palatinaollicia

128 2138 288 2209 reperimus
302 2144 459 2195 exaratum.
997 2143 1133 2194 transeat.
1142 2138 1221 2204 Quod
1230 2139 1253 2193 si
1261 2138 1360 2195 fecerit
1369 2138 1429 2194 illie
1436 2138 1611 2195 serviturum
1619 2141 1722 2214 procul
1732 2141 1807 2196 dubio

164 2232 196 2286 lu
209 2233 327 2288 nomine
340 2233 455 2289 Domini
468 2235 579 2290 Flavius
589 2234 721 2306 Eringins
736 2251 795 2302 rex,
810 2235 949 2292 sanctissi·
997 2231 1810 2307 recludendumsenoverit,exquoautconditionispropria

130 2324 184 2379 mis
207 2324 335 2381 Patribus
360 2327 389 2382 in
409 2328 462 2383 hae
486 2332 583 2384 sancta
606 2328 714 2401 synodo
746 2329 946 2386 residentibus.
998 2325 1139 2396 originem
1155 2322 1286 2398 sumpsit,
1302 2329 1351 2381 aut
1363 2325 1499 2381 libertatis
1512 2326 1631 2383 tilulum
1654 2328 1808 2400 reportarit.

129 2419 210 2485 Ecce,
227 2419 396 2476 sanctissimi
406 2422 541 2494 religiosa
554 2422 660 2495 pietate
673 2422 820 2478 excolendi
833 2423 947 2494 pontill-
998 2419 1046 2473 llis
1058 2424 1191 2475 votorum
1202 2434 1333 2476 meorum
1344 2419 1585 2476 insinuationibus
1596 2422 1816 2494 allegatisquar·

129 2527 175 2566 ces
192 2517 221 2568 et
234 2512 322 2569 dirini
339 2515 432 2572 cultus
456 2516 655 2574 instantissimi
676 2521 836 2586 sectatores,
850 2534 947 2575 coram
999 2529 1029 2566 su
1042 2517 1074 2568 ut
1087 2512 1170 2569 tortia
1180 2512 1363 2586 paternitatis
1373 2517 1473 2568 vestrm
1486 2513 1630 2586 adjutoria
1642 2516 1812 2587 praerogetis.

130 2609 217 2660 coetus
230 2606 318 2661 vestri
329 2609 488 2665 reverentia
511 2611 625 2666 humilis
638 2610 811 2684 devotusque
823 2616 948 2683 proster·
998 2607 1071 2662 Lince
1085 2605 1161 2661 enim
1172 2607 1273 2662 elutius
1283 2609 1403 2675 conatui,
1414 2607 1491 2678 quod
1501 2608 1671 2680 aggregatio
1683 2625 1814 2665 metuun-

81 2715 88 2729 ·
130 2715 192 2756 uer.
212 2700 333 2769 Reclivis
355 2702 463 2773 assisto,
489 2707 640 2777 promptus
659 2705 807 2777 astipulor,
822 2706 948 2776 primum
999 2705 1042 2754 cta
1055 2701 1223 2772 pontificum
1237 2700 1376 2773 quidquid
1390 2701 1534 2756 censuerit
1546 2700 1756 2758 observandum
1764 2717 1813 2775 per

131 2793 168 2848 de
190 2798 347 2851 convontus
367 2798 453 2853 vestri
475 2799 681 2871 aggregatione
708 2799 783 2854 Patri
806 2798 947 2855 luminum
998 2794 1810 2869 sanctiSpiritusdonumomninoestadaeternitatemprn·

131 2887 288 2957 gratiarum
304 2889 416 2962 copiam
431 2891 664 2959 solvens,deinde
674 2894 805 2946 votorum
816 2908 949 2949 meorum
998 2887 1431 2944 lixumEtideouniversitatem
1440 2888 1619 2960 paternitatis
1627 2894 1728 2946 vestrae
1737 2894 1808 2964 atque

131 2980 225 3036 studia
243 2982 344 3038 vestris
364 2984 480 3056 judiciis
503 2984 665 3041 dirimenda
687 2985 881 3042 committens.
894 2987 950 3042 Nec
1001 2981 1097 3056 138
1111 2981 1276 3037 sublimium
1289 2982 1419 3039 vivorum
1434 2982 1627 3054 nobilitatem,
1639 2985 1688 3057 qui
1701 3002 1735 3041 ex
1748 2983 1804 3040 anta

131 3075 208 3130 enim
222 3076 265 3131 fas
278 3081 321 3132 est
335 3094 521 3151 quemquam,
536 3080 622 3135 etiam
645 3079 792 3134 sibonum
816 3079 853 3135 sit
866 3097 948 3152 opus,
1000 3076 1104 3148 regalis
1116 3076 1210 3131 officio
1223 3075 1252 3130 in
1276 3076 1329 3132 hac
1350 3079 1448 3132 sancta
1472 3078 1579 3149 synodo
1595 3077 1745 3134 nobiscum
1760 3094 1802 3134 ses

130 3168 192 3224 sine
202 3171 322 3242 collegio
335 3189 432 3245 agere,
441 3189 507 3228 cum
521 3174 610 3229 multa
619 3176 715 3230 tanreu
724 3119 987 3245 permissitlleusC
1000 3170 1059 3226 suri
1074 3169 1217 3243 praeelecti
1232 3173 1298 3225 sunt
1312 3187 1319 3238 ;
1333 3169 1459 3226 obtestor
1472 3170 1581 3242 pariter
1604 3173 1635 3226 ct
1648 3172 1762 3245 conjuro
1771 3173 1798 3226 at

131 3261 204 3317 bona
226 3266 425 3321 cumconsilio
446 3266 588 3322 bonorum
603 3267 706 3340 egisse,
722 3266 798 3323 unde
820 3271 852 3323 nt
871 3268 951 3324 brevi
1000 3280 1055 3336 que
1070 3279 1122 3335 per
1134 3262 1279 3319 ineffabile
1298 3263 1370 3320 illud
1396 3268 1607 3320 sacramentum
1624 3265 1768 3335 convenio,
1779 3265 1799 3318 ut

131 3356 329 3414 exhortatione
339 3366 554 3431 perorem,vota
565 3377 630 3417 mea
643 3360 746 3434 quibus
755 3363 884 3419 remedia
894 3362 951 3435 pie·
1001 3357 1129 3430 quisquis
1141 3356 1171 3411 in
1191 3357 1286 3413 medio
1306 3358 1393 3414 vestri
1415 3375 1445 3413 se
1464 3358 1655 3429 judicandum
1673 3361 1718 3416 vel
1730 3363 1796 3415 retu·

130 3452 223 3507 tatum
248 3468 381 3509 exercere
405 3454 532 3512 delector
553 3455 682 3512 sensibus
702 3456 880 3527 paternitatis
904 3474 948 3513 ve·
1001 3453 1133 3508 ctandunr
1156 3451 1303 3522 invexerit,
1319 3455 1380 3507 tam
1394 3468 1459 3525 qua
1482 3468 1534 3523 per
1556 3470 1609 3508 nos
1632 3454 1717 3524 dicta,
1733 3466 1795 3526 qum

132 3549 197 3599 strae
222 3549 402 3617 agnoscenda
424 3548 524 3605 innuo.
541 3552 609 3615 Quae
626 3553 727 3604 tamen
751 3566 787 3605 ue
811 3550 950 3607 oblivione
1001 3547 1085 3600 utinm
1100 3551 1200 3601 cutura
1220 3561 1283 3617 quin
1308 3546 1407 3601 vestris
1432 3545 1576 3602 auditibus
1598 3563 1629 3602 se
1652 3543 1795 3621 ingesserint

131 3639 259 3710 quedam
272 3641 441 3697 memoriam
455 3643 578 3714 fugiant,
588 3648 616 3699 ot
625 3642 758 3699 relationi
771 3643 895 3716 propriae
905 3661 951 3700 cu·
1001 3639 1144 3694 audienda
1158 3639 1305 3695 communi
1318 3638 1415 3711 vigore
1421 3639 1541 3711 justitia
1554 3643 1583 3696 et
1593 3641 1793 3714 temperamento

130 3748 229 3788 rarum
240 3733 422 3807 intercapedo
431 3735 618 3806 subducat‚in
627 3737 713 3808 hujus
722 3737 950 3811 tomicomplica·
1001 3733 1201 3788 misericordia
1229 3733 1364 3788 dirimere
1386 3733 1554 3806 procuretis,
1568 3750 1627 3806 quo
1651 3751 1716 3791 cum
1737 3728 1791 3790 ond

130 3825 208 3883 tione
222 3827 341 3902 aecipite
354 3834 500 3886 muctam
517 3831 588 3887 lllud
602 3831 728 3903 primum
744 3831 865 3888 volventi
879 3831 950 3888 mihi
1001 3826 1161 3882 reverentia
1174 3831 1287 3898 patrum
1302 3826 1527 3899 praecedentium
1543 3828 1653 3900 regulis
1664 3828 1792 3885 subditiu

131 3922 243 3978 miseris
264 3939 390 3994 parcere,
406 3924 540 3981 convenit
554 3924 697 3994 iutimare,
712 3925 789 3998 quod
812 3925 951 3981 divulsam
1000 3922 1055 3975 tius
1068 3920 1265 3976 unanimitatis
1275 3925 1374 3976 vestrae
1388 3922 1529 3977 sententia
1538 3938 1597 3978 non
1606 3922 1719 3979 aliunde
1729 3931 1791 3994 qum

131 4030 182 4086 per
195 4016 375 4087 tyrannidem
389 4017 480 4074 nostri
494 4018 619 4090 corporis
632 4023 743 4089 partem
767 4019 796 4074 iu
811 4020 952 4075 societatis
1002 4030 1034 4068 eu
1049 4013 1176 4068 imitatis
1190 4013 1270 4069 toute
1285 4014 1432 4085 procedat·
1449 4014 1552 4087 Sitque
1566 4019 1595 4070 et
1608 4014 1654 4071 his
1667 4031 1728 4088 qun
1740 4024 1790 4087 pm

133 4113 237 4163 nostrae
246 4110 389 4180 gremium
398 4128 536 4167 conamur
544 4113 691 4168 reducere.
700 4112 814 4168 Etenim
827 4118 949 4168 retroac·
1002 4106 1086 4162 missu
1101 4110 1168 4162 sunt
1181 4107 1304 4163 solidum
1316 4106 1527 4164 deliberationis
1546 4108 1653 4181 stylum
1666 4104 1791 4182 promitit·

132 4201 169 4256 tis
190 4200 262 4256 divae
275 4205 421 4259 memoria
447 4205 624 4275 praecessoris
639 4206 728 4261 nostri
748 4206 863 4261 Uamboe
876 4207 953 4277 regis
1002 4201 1072 4257 sime
1089 4200 1250 4274 apponatis,
1276 4206 1304 4257 et
1324 4201 1434 4273 reliqua
1457 4201 1552 4257 adhuc
1575 4218 1642 4274 qum
1665 4195 1793 4259 necesarii

132 4294 324 4366 temporibus,
359 4313 424 4368 quas
455 4297 485 4353 in
510 4299 741 4370 profanatoribus
764 4300 878 4372 patria,
904 4299 954 4373 qui
1002 4298 1069 4350 sunt
1080 4294 1109 4350 in
1124 4294 1295 4367 peragendis
1307 4294 1502 4350 ecclesiastieae
1511 4295 1620 4368 regulae
1630 4292 1793 4369 disciplinisd

133 4388 444 4463 cumPauloquoudam
453 4391 639 4465 tyrannidem
649 4393 954 4466 assumpserunt,illata
1002 4388 1164 4445 dirimenda
1178 4388 1313 4457 tractetis,
1328 4393 1357 4444 et
1370 4388 1513 4460 dirempta
1523 4389 1745 4462 religiosioribus
1755 4381 1795 4443 lii·

133 4488 176 4539 est
187 4484 331 4541 sententia
346 4485 497 4555 ultionum,
513 4487 563 4559 qui
587 4503 640 4560 per
657 4486 760 4561 judicii
783 4487 991 4565 universalisl)
1003 4487 1103 4554 genter
1117 4482 1309 4550 conscribatis,
1321 4481 1446 4554 qualiter
1457 4481 1526 4538 dum
1542 4483 1703 4540 doctrinam
1716 4483 1796 4555 dispar

133 4576 257 4636 edictum
269 4579 430 4636 amiserunt
443 4580 653 4652 testimonium,
669 4581 812 4655 rebusque
829 4581 951 4655 propriis
1001 4576 1069 4647 gitis
1082 4575 1237 4631 salutarem
1252 4575 1283 4631 in
1308 4575 1433 4648 pupulis,
1447 4575 1594 4633 Christum
1616 4570 1795 4643 Dumiuuutl

132 4678 480 4748 caruerunt,quaecuncta
490 4680 590 4731 vestra
603 4675 786 4733 sanctitudini
796 4680 864 4731 nota
874 4679 950 4745 sunt,
1002 4669 1174 4724 cumulando
1190 4669 1310 4740 iustiliae
1332 4669 1426 4725 fructu
1443 4670 1571 4742 cuntulit,
1583 4675 1615 4727 ut
1627 4672 1707 4729 tubis
1717 4663 1795 4745 prati
1833 4712 1837 4761 j

133 4781 204 4836 quos
217 4769 316 4823 tamen
329 4772 358 4824 et
369 4769 400 4824 iu
410 4769 528 4843 collegio
542 4770 684 4826 societatis
696 4773 803 4826 nostrae
813 4770 950 4842 recipere,
1001 4763 1130 4819 cantibus
1143 4766 1172 4818 et
1183 4763 1377 4834 implentibus,
1384 4765 1484 4836 etqua
1494 4762 1597 4820 divinis
1604 4766 1693 4821 oculis
1702 4759 1795 4836 cond*

134 4864 163 4913 et
174 4858 259 4915 rebus
273 4861 377 4933 quibus
389 4864 434 4919 fas
446 4864 532 4921 fuerit
542 4864 708 4921 devovimus
719 4864 867 4920 devestire.
878 4864 951 4919 Nam
1002 4859 1094 4924 ceant,
1109 4860 1137 4912 tl
1151 4873 1215 4929 (11¹ae
1229 4857 1311 4912 ¹¹⁰bi⁸
1325 4856 1475 4929 Pt⁰fl⁰i³¹¹l
1489 4873 1608 4930 temler
1626 4875 1712 4931 utem
1725 4856 1793 4914 '⁸¹⁰⁸'

134 4956 163 5007 et
177 4953 212 5008 de
225 4955 364 5010 accusatis
378 4956 496 5012 modum
507 4957 639 5014 volumus
659 4974 766 5031 ponere
786 4957 952 5030 justissima
1002 4969 1076 5008 mus.
1092 4951 1134 5007 Sit
1146 4951 1273 5024 utrisque
1282 4950 1448 5022 parentibus
1462 4950 1493 5006 in
1503 4950 1557 5007 hoc
1570 4954 1687 5023 seculo,
1699 4952 1795 5009 deluit

134 5047 356 5119 perquisitionis,
371 5067 428 5122 quo
443 5051 500 5106 sive
524 5052 560 5107 de
584 5051 735 5124 religiosis,
751 5053 808 5107 sive
827 5052 862 5107 de
875 5051 953 5107 laicis
1002 5043 1312 5101 animaruminetfabile
1324 5044 1796 5119 gaudium,etinluturodspeuu
1834 5078 1837 5119 5

134 5142 255 5215 quisque
269 5143 461 5200 accusationes
476 5145 645 5218 cujusquam
662 5145 757 5202 studio
777 5146 862 5201 fuerit
886 5162 951 5217 pro·
1002 5140 1080 5196 tione
1094 5138 1260 5195 aeternitatis
1273 5138 1420 5210 premium
1432 5138 1643 5195 inconvulsum.
1655 5129 1796 5196 natumst
1835 5132 1837 5159 ³

133 5236 261 5307 pulsatus
275 5252 334 5291 nou
347 5237 464 5292 occultis
481 5238 639 5310 fraudibus,
654 5240 697 5294 rel
719 5239 860 5295 violentiis
873 5254 951 5294 eom·
1003 5233 1049 5289 die
1066 5232 1165 5305 quinto
1179 5233 1273 5287 Nonas
1286 5231 1461 5299 Novembris,
1478 5248 1554 5288 anuo
1579 5233 1701 5291 feliciter
1720 5230 1798 5309 quuu

134 5329 287 5402 primatur,
303 5344 358 5386 nee
372 5330 445 5386 elam
467 5330 642 5404 professione
656 5330 796 5389 violenter
809 5337 951 5404 arceatur,
1004 5325 1197 5400 regnigloriae
1210 5325 1359 5383 nostruin
1374 5325 1423 5382 liei
1438 5324 1565 5398 nomine,
1576 5326 1686 5385 Toleto.
1698 5324 1800 5384 Partem

134 5422 225 5479 sedin
238 5425 384 5481 communi
406 5425 536 5481 omnium
556 5426 689 5482 examine
710 5424 865 5498 judicetur,
884 5441 952 5498 quo,
1004 5438 1075 5494 ergo
1095 5437 1190 5476 coram
1212 5420 1322 5477 cunctis
1345 5420 1427 5500 Tomi
1448 5420 1616 5477 necessariae
1639 5415 1803 5480 institutionis

134 5517 292 5574 secuudum
310 5517 431 5590 publicae
453 5519 635 5591 professionis
658 5536 716 5573 snae
740 5523 879 5587 tenorem,
904 5523 954 5574 aut
1004 5532 1117 5584 exorsu,
1132 5515 1211 5586 prius
1224 5514 1260 5570 de
1275 5514 1331 5570 tide
1353 5516 1460 5570 sauctae
1481 5513 1627 5572 Trinitatis
1649 5514 1805 5575 sermodut·

135 5609 301 5667 offensibilis
314 5611 425 5668 debitas
437 5612 628 5669 damnationis
649 5629 746 5686 poeuas
760 5612 892 5684 excipiat,
904 5616 955 5668 ant
1004 5610 1089 5666 tionis
1102 5614 1207 5666 nostra
1220 5608 1305 5682 coepit
1317 5624 1377 5664 esse
1392 5607 1578 5682 principium,
1594 5608 1808 5683 protitentaepa·

133 5702 271 5759 innocens
285 5721 320 5762 ex
330 5706 439 5778 judicio
453 5707 584 5763 omniurn
598 5707 797 5781 comprobatus
809 5706 953 5764 clarescat.
1004 5704 1114 5761 ritaret
1127 5703 1274 5760 credentes
1288 5717 1320 5758 ea
1335 5718 1399 5777 quae
1414 5702 1450 5759 de
1467 5702 1522 5759 bac
1534 5707 1636 5762 sancta
1646 5700 1813 5763 lbiniutaat

74 5767 82 5782 ’
116 5790 192 5848 nam
204 5797 351 5870 quiajam
364 5801 402 5858 ds
418 5801 593 5863 tributorum
609 5801 750 5863 fiscalium
763 5799 954 5860 exactionibus
1006 5798 1159 5870 Evangelia
1182 5797 1310 5865 mount,
1324 5797 1560 5870 etapostolorum
1572 5796 1818 5859 mausum
