3870 6150
120 223 172 281 Ire
319 255 320 258 κ
565 213 708 272 urano.
729 215 773 272 ιι)
791 216 872 274 sno.
893 216 937 272 ιιι.
952 245 986 257 -
1006 200 1128 275 rsrooiu
1147 217 1358 278 macareus

156 330 189 386 V.
205 327 233 385 Si
256 339 313 400 qua
336 325 453 393 femina,
472 325 568 380 lurore
592 325 645 380 celi
666 340 791 393 accensa,
813 324 937 396 flagellis
947 337 1080 412 Aneque
1093 325 1234 382 haereticis
1254 327 1323 383 dare
1345 325 1463 399 placuit,
1475 341 1510 380 co
1525 323 1602 397 quod
1622 320 1696 379 nulle

120 420 310 479 verberaverit
332 419 466 474 ancillam
486 435 577 487 suam,
601 417 642 473 ita
664 421 697 473 ut
719 417 795 473 intra
821 418 938 473 tertium
987 435 1048 475 esse
1067 420 1184 475 societas
1197 419 1290 476 fidelis
1302 437 1368 476 cnm
1382 417 1503 475 infideli.
1517 417 1547 474 Si
1562 421 1665 474 contra
1685 415 1696 471 i

121 516 198 574 dtem
212 515 340 570 colmam
350 529 416 569 cnm
427 512 554 568 cruciatu
568 511 707 582 effundat,
716 527 751 566 co
761 497 939 583 quod'incer·
987 518 1064 568 ctum
1076 512 1204 583 fecerint,
1214 517 1348 586 parentes
1361 513 1505 571 abstinere
1513 527 1566 585 per
1574 510 1696 584 quinque

121 613 183 665 tum
203 609 249 677 sit,
265 609 419 679 voluntate,
433 623 470 662 an
492 622 560 663 caso
583 603 728 673 occiderit,
745 604 769 659 si
783 605 937 673 voluntate,
986 607 1090 678 placet.

121 704 188 776 post
206 704 318 775 septem
338 717 444 768 annos;
459 699 483 755 si
497 715 574 767 casu,
588 704 640 772 per
655 696 781 770 quiuque
794 712 938 753 annorum
1023 700 1100 757 XVII.
1124 701 1152 757 Si
1176 702 1226 775 qui
1250 702 1323 759 torte
1343 701 1539 759 sacerdotibus
1563 699 1696 755 idoloruu

123 790 939 868 tempora,actalegitimapoenItentia,adcommunioncm
988 809 1052 848 snus
1071 794 1230 866 junxerint,
1244 796 1351 868 placuit
1374 795 1477 852 necin
1499 794 1588 850 finem
1611 791 1654 848 eis
1677 789 1696 848 d

121 889 229 962 placuit
252 888 365 945 admitti
372 906 381 959 3
398 887 475 960 quod
499 886 522 941 si
547 885 623 941 intra
644 887 774 957 tempora
787 884 940 941 consiltuta
988 887 1233 945 communionem.

121 982 210 1038 luerit
223 980 378 1051 infirmata,
391 979 511 1052 accipiat
523 977 768 1035 communionem.
1024 983 1112 1037 XVIII.
1127 981 1267 1055 Episcopi,
1281 980 1453 1056 presbyteri,
1468 981 1611 1051 diacones,
1625 978 1696 1036 siin

157 1075 202 1132 VI.
219 1075 324 1148 Siquis
339 1090 408 1130 vero
421 1072 562 1129 maleficio
582 1071 733 1128 Interficiat
757 1072 891 1141 alterum,
905 1087 938 1127 eo
990 1074 1075 1131 sterio
1097 1076 1193 1148 positi,
1218 1076 1323 1133 detecti
1342 1077 1460 1144 luerint,
1481 1074 1559 1148 quod
1581 1073 1639 1130 sint
1659 1089 1696 1129 ma

123 1168 199 1244 quod
213 1168 273 1224 sine
285 1165 443 1223 idololatria
455 1165 592 1240 perticere
603 1166 694 1221 scelus
703 1181 763 1221 non
773 1165 875 1236 potuit,
886 1180 939 1220 nec
989 1169 1106 1242 placuit,
1115 1171 1144 1224 et
1152 1173 1271 1241 propter
1284 1169 1466 1236 scandalum,
1479 1174 1508 1225 et
1519 1171 1637 1240 propter
1648 1166 1696 1223 net

122 1262 255 1319 inilnem
267 1259 491 1334 impartiendam
511 1276 573 1316 esse
586 1257 626 1315 illi
641 1258 886 1315 communionem.
990 1260 1108 1330 crimen,
1121 1277 1174 1317 nec
1195 1262 1225 1318 in
1246 1262 1335 1318 finem
1357 1279 1407 1318 eos
1429 1260 1696 1318 communionema

159 1354 215 1412 Vll.
236 1353 265 1412 si
290 1352 354 1427 quis
377 1354 451 1410 forte
471 1353 560 1409 tidelis
583 1356 648 1424 post
671 1352 785 1424 lapsum
811 1350 940 1407 moechiae
990 1355 1104 1412 debere.

123 1451 190 1522 post
221 1451 353 1520 tempora
385 1445 539 1503 constituta
568 1451 629 1502 acta
655 1443 820 1518 punitentia
846 1443 940 1499 denuo
1025 1449 1088 1504 XIX.
1114 1449 1254 1522 Episcopi,
1277 1449 1446 1522 presbyteri,
1469 1453 1498 1505 et
1528 1447 1652 1518 diaconi,
1674 1447 1696 1504 d

125 1541 211 1599 luerit
233 1541 398 1610 fornicatus,
414 1541 520 1613 placuiI
532 1556 598 1596 eum
613 1538 710 1596 necin
731 1537 820 1594 linem
834 1537 941 1593 habere
991 1541 1049 1596 suis
1067 1541 1234 1614 negotiandi
1253 1559 1337 1599 causa
1357 1559 1416 1598 non
1440 1541 1596 1610 dIsccdant,
1610 1556 1666 1597 nec
1685 1557 1696 1597 c

125 1635 368 1693 communionem.
992 1637 1094 1690 euntes
1117 1635 1275 1707 provincias
1295 1641 1471 1709 quaestuosas
1492 1634 1634 1691 nundinas
1655 1649 1696 1691 sca

160 1731 226 1787 VIII.
240 1731 312 1785 Item
330 1727 447 1784 feminae
469 1743 534 1801 quae
554 1723 635 1783 nulla
656 1725 835 1799 praecedente
860 1706 981 1780 carrsess
993 1728 1065 1785 Sanc
1080 1727 1118 1784 ad
1132 1729 1237 1786 victum
1259 1729 1312 1785 sibi
1333 1728 1560 1803 conquirendum
1574 1731 1623 1783 aut
1641 1725 1696 1783 tilia

125 1822 303 1896 reliquerunt
314 1820 389 1878 viros
412 1837 488 1892 suos,
503 1825 532 1877 et
554 1819 650 1876 alteris
671 1835 701 1875 se
728 1818 941 1890 copulaverunt,
992 1821 1137 1893 libertum,
1153 1820 1639 1893 autmercenarium,autamicum,
1651 1823 1696 1876 aut

126 1930 180 1973 uec
193 1917 222 1973 In
233 1915 322 1973 finem
336 1913 481 1987 accipiant
493 1912 736 1970 communionem.
992 1915 1063 1970 libet
1074 1915 1202 1989 mittant,
1213 1921 1242 1972 et
1256 1916 1280 1972 si
1293 1916 1436 1972 volueriut
1447 1915 1600 1988 negotiari,
1609 1915 1690 1970 intra

161 2011 204 2067 lX.
218 2012 289 2066 Item
303 2009 395 2066 tidelis
407 2008 517 2065 femina
537 2022 600 2079 quae
620 2006 787 2062 adulterum
807 2002 944 2061 maritum
992 2010 1068 2065 ciam
1082 2009 1278 2082 negotientur.

125 2102 275 2178 reliquerit
295 2101 418 2170 fidelem,
435 2106 464 2158 et
475 2101 599 2157 alterum
622 2099 744 2170 duxerit,
758 2098 944 2172 prohibeatur
1027 2103 1079 2159 XX.
1094 2102 1124 2159 Si
1136 2103 1200 2176 quis
1214 2102 1383 2160 clericorum
1397 2101 1510 2159 deditus
1523 2103 1611 2159 fuerit
1621 2116 1696 2158 usur

125 2215 163 2255 ne
176 2197 275 2266 ducat;
291 2196 315 2250 si
327 2189 424 2251 antem
439 2191 562 2261 donent,
578 2209 637 2249 non
649 2193 729 2266 prius
743 2191 861 2265 accipiet
870 2207 944 2247 com·
993 2212 1072 2268 pere,
1085 2197 1194 2269 placuit
1214 2196 1375 2269 degradari,
1389 2201 1418 2253 et
1432 2196 1578 2253 abstineri.
1592 2196 1622 2252 Si
1644 2194 1696 2268 qni

126 2286 304 2358 munionem,
329 2301 416 2361 quam
442 2285 467 2343 is
492 2302 578 2360 quem
603 2284 752 2359 reliquerIt
778 2285 812 2341 de
839 2285 943 2341 saeculo
993 2289 1083 2345 lutcus
1113 2290 1256 2363 accepisse
1287 2290 1424 2363 probetur
1454 2306 1563 2359 usuras,
1588 2293 1618 2344 et
1647 2303 1696 2361 pre

127 2382 237 2454 cuerit,
248 2382 303 2438 nisi
312 2381 464 2438 necessitas
477 2379 629 2436 infirmatis
643 2380 713 2435 dare
726 2377 905 2450 compulerit.
994 2386 1143 2455 correptus
1152 2384 1215 2455 jam
1233 2390 1419 2452 cessaturum,
1433 2400 1486 2439 nec
1499 2381 1619 2439 ulterius
1634 2398 1696 2439 exa<

163 2477 192 2532 X.
214 2476 243 2533 Si
266 2492 301 2531 ea
323 2491 411 2548 qnam
436 2474 655 2530 catechumenus
679 2471 806 2546 reIIquit,
831 2471 946 2528 duxerit
993 2477 1089 2549 placet
1113 2476 1140 2532 ei
1158 2476 1271 2533 veniam
1289 2477 1386 2532 tribu.
1411 2477 1441 2533 Si
1460 2492 1525 2532 vero
1544 2476 1575 2531 in
1599 2493 1633 2532 ca
1656 2475 1696 2531 ini

127 2570 274 2638 meritum,
288 2571 382 2642 potest
397 2568 433 2624 ad
456 2568 567 2624 fontem
589 2565 695 2623 lavacri
710 2564 832 2635 admiIti,
847 2565 901 2622 hoc
917 2568 946 2620 et
995 2555 1149 2640 duraverit,
1164 2569 1200 2626 ab
1214 2570 1332 2626 ecclesia
1347 2570 1418 2625 sciat
1429 2586 1459 2625 aa
1474 2585 1534 2625 esse
1546 2570 1696 2642 projiciens

128 2655 849 2720 circaleminascatechumenaaeritobservandnm.
863 2656 945 2722 Quod
1030 2663 1096 2719 XXI.
1115 2661 1145 2719 Si
1166 2661 1230 2735 quis
1251 2663 1283 2719 in
1303 2663 1416 2720 civitate
1436 2662 1555 2734 positus,
1572 2665 1629 2718 tres
1653 2663 1696 2719 Do

128 2756 259 2825 siluerit,
274 2772 339 2829 quae
352 2755 464 2810 ducitur
476 2754 512 2809 ab
525 2770 559 2809 eo
572 2752 622 2825 qui
635 2767 756 2808 uxorem
770 2751 946 2824 inculpatam
996 2755 1141 2812 ecclesiam
1149 2773 1207 2812 non
1215 2756 1375 2827 accesserit,
1385 2773 1474 2828 pauco
1483 2761 1613 2828 tempore
1625 2755 1697 2814 abati

128 2848 254 2922 reliquiI,
269 2851 300 2904 et
320 2863 386 2904 cum
410 2846 505 2903 scierit
525 2846 608 2902 illum
622 2842 658 2901 ab
673 2861 763 2901 uxore
783 2859 870 2917 quam
885 2844 946 2901 siue
997 2852 1031 2904 nt
1042 2855 1188 2921 correptus
1207 2865 1267 2905 esse
1280 2848 1417 2905 videatur.

129 2960 214 3000 causa
225 2941 352 3014 reliquit,
361 2940 468 3013 placuit
479 2938 780 3010 hujusmodimflnem
794 2937 947 2994 darccom·
1031 2944 1110 2999 XXII.
1124 2942 1154 2998 Si
1171 2943 1235 3016 quis
1254 2943 1289 2999 de
1310 2943 1447 2999 catholica
1470 2943 1594 3000 Ecclesia
1615 2942 1652 2998 ad
1676 2942 1696 2998 h

129 3037 308 3094 munionem.
955 3075 983 3150 C
996 3036 1147 3092 transitum
1168 3036 1277 3105 IaceriI,
1301 3052 1457 3109 rursusque
1477 3037 1513 3093 ad
1536 3035 1690 3092 Ecclesiam

165 3126 488 3202 Xl.lntraquinquennii
498 3130 594 3184 antem
604 3125 946 3200 temporecatechumena
996 3130 1074 3201 rerit,
1089 3130 1196 3202 placuIt
1208 3129 1275 3186 huie
1298 3131 1493 3203 paenitentiam
1508 3148 1566 3187 non
1581 3147 1641 3186 esse
1663 3129 1696 3187 de

131 3222 153 3281 si
163 3220 381 3298 graviterfuerit
392 3222 548 3292 infirmata,
557 3219 721 3278 addendum
734 3220 760 3276 ei
769 3217 945 3292 baptismum
996 3223 1074 3292 dam,
1083 3239 1116 3279 eo
1126 3223 1204 3297 qood
1214 3222 1382 3296 cognoverit
1393 3230 1543 3296 peecatum
1556 3240 1650 3294 suum,
1666 3240 1696 3296 qv

130 3319 234 3391 placuit
247 3334 305 3374 non
319 3317 466 3390 denegari.
996 3316 1094 3372 decern
1119 3316 1201 3372 annis
1233 3320 1299 3388 agat
1325 3317 1530 3389 paenitentiam,
1554 3318 1599 3373 cui
1623 3319 1688 3389 poet

165 3413 219 3468 Xll.
232 3413 313 3468 Pater
324 3411 368 3466 vel
382 3426 486 3483 parens
498 3410 543 3465 vel
557 3405 692 3481 qualibet
712 3403 804 3463 fidelis
822 3404 846 3462 si
863 3406 945 3462 leno·
996 3425 1087 3465 annos
1108 3410 1237 3482 prestari
1261 3411 1426 3466 communio
1450 3410 1543 3466 debet.
1558 3411 1586 3467 Si
1598 3426 1665 3466 vero
1688 3408 1697 3465 i

130 3506 237 3562 ciuium
270 3504 439 3572 exercuerit,
464 3520 497 3560 eo
526 3501 603 3576 quod
634 3501 759 3557 alienum
783 3493 947 3556 vendiderit
996 3502 1103 3559 fuerint
1122 3503 1280 3559 transducti
1295 3503 1371 3576 quod
1386 3520 1444 3560 non
1466 3520 1518 3559 suo
1536 3503 1603 3560 vitio
1623 3519 1696 3577 pecc

131 3600 291 3673 corpusvel
317 3597 412 3672 potius
426 3610 521 3667 suurn,
536 3591 642 3670 placuit
661 3611 726 3651 eam
747 3591 844 3650 necin
858 3592 947 3650 finem
996 3596 1196 3652 incunctanter
1208 3596 1297 3669 recipi
1310 3596 1442 3653 debeant.

130 3691 257 3766 accipere
268 3691 516 3749 communionem.
1032 3691 1118 3746 XXIII.
1149 3690 1255 3763 Iejunii
1285 3707 1369 3763 super
1401 3689 1582 3746 abstinentias
1608 3705 1660 3762 per
1686 3707 1696 3745 s

166 3789 235 3845 Xlll.
250 3785 380 3860 Virgines
404 3801 469 3859 quae
492 3801 521 3840 se
545 3782 603 3840 ileo
631 3781 842 3851 dedicaverunt,
857 3780 880 3836 si
896 3797 945 3852 pa·
997 3800 1111 3840 menses
1132 3782 1237 3856 placuit
1262 3784 1397 3840 celebrari
1425 3783 1550 3857 exceptis
1571 3783 1696 3839 diebus«

131 3885 210 3940 ctum
224 3879 406 3955 perdiderint
419 3871 601 3951 virgInitatis,
618 3880 702 3949 atque
718 3875 827 3932 eaedem
835 3870 948 3930 libidini
999 3877 1141 3933 mensium
1161 3876 1227 3934 Iulli
1246 3879 1275 3933 et
1294 3877 1415 3950 Augusti
1435 3877 1471 3932 ob
1495 3875 1665 3933 eorumdem
1690 3877 1696 3932 i

132 3975 290 4044 servierint,
302 3989 361 4030 non
373 3971 567 4044 intelligentes
579 3968 658 4043 quod
671 3968 830 4038 amiserint,
842 3967 948 4039 placuit
996 3974 1095 4027 tatem.

131 4069 226 4127 necin
239 4069 296 4123 line
311 4067 439 4122 dandam
454 4065 495 4121 eis
508 4080 567 4119 esse
580 4059 947 4132 communionem3quodsi
1034 4062 1119 4120 XXIV.
1145 4063 1252 4120 Omnes
1274 4065 1324 4138 qui
1343 4079 1463 4137 peregre
1485 4064 1591 4121 fueriut
1613 4063 1696 4137 bapti,

132 4162 299 4235 semetipsas
321 4157 517 4231 poenituerint,
530 4156 607 4229 quod
628 4153 797 4210 infirmitate
820 4153 948 4225 corporis
997 4157 1073 4230 qnod
1088 4173 1187 4213 eorum
1199 4158 1318 4216 miuime
1330 4159 1366 4214 sit
1379 4160 1492 4232 cognita
1504 4159 1570 4228 vita,
1583 4158 1693 4232 placuit

132 4256 220 4328 lapsae
233 4253 350 4321 fuerint,
365 4251 452 4307 etiam
473 4255 603 4320 tempore
620 4245 685 4303 vitas
705 4264 764 4303 sure
783 4244 949 4319 hujusmodi
996 4267 1062 4306 rum
1073 4267 1131 4307 non
1144 4266 1203 4308 esse
1216 4254 1423 4324 promovendos
1434 4252 1465 4308 in
1478 4253 1580 4309 alienis
1594 4251 1696 4325 provin

134 4348 250 4405 feminae
273 4344 386 4418 egerint
408 4341 621 4416 poenltentiam,
637 4345 666 4397 et
684 4336 873 4397 abstinuerint
887 4356 949 4395 sea
1032 4343 1107 4401 XXV.
1139 4344 1239 4400 Omnis
1262 4346 1312 4417 qui
1338 4346 1467 4401 attulerit
1491 4346 1597 4402 litteras
1624 4346 1696 4403 conl

134 4442 221 4512 coitu,
235 4456 269 4498 eo
285 4439 361 4513 quod
384 4440 471 4509 lapsae
488 4435 582 4510 potius
601 4433 762 4504 videantur,
775 4431 881 4507 placuit
901 4449 988 4524 easD
999 4438 1461 4508 sublatonomIneconfessoris,eo
1475 4439 1552 4512 quod
1562 4439 1696 4496 subhacr

134 4536 165 4593 ln
178 4534 237 4591 dne
250 4532 485 4591 communionem
499 4529 628 4602 accipere
641 4528 755 4585 debere.
1000 4531 1090 4604 glorie
1116 4531 1221 4605 partim
1251 4533 1415 4589 concutiant
1440 4532 1592 4606 simplices,
1618 4549 1696 4590 corun

170 4630 236 4686 XIV.
250 4627 382 4700 Virpp'ues
396 4641 461 4698 quae
475 4621 668 4696 virginitatem
682 4639 762 4678 suam
776 4638 834 4678 non
853 4625 949 4678 custo·
999 4624 1079 4680 toriae
1093 4624 1120 4680 ei
1133 4622 1237 4680 dandae
1250 4630 1318 4684 sunt
1329 4627 1443 4682 littera.

135 4719 252 4793 dierint,
266 4720 290 4776 si
303 4721 417 4777 eosdem
432 4719 481 4790 qui
502 4733 550 4773 ees
570 4716 747 4773 violaverunt
772 4712 904 4772 duxerint
922 4719 950 4771 et
1035 4719 1122 4775 XXVI.
1137 4716 1268 4776 Errorem
1291 4721 1398 4793 placuit
1416 4719 1530 4790 corrigI,
1545 4723 1579 4775 ut
1600 4719 1681 4777 omni

134 4811 283 4873 tenuerint
294 4813 423 4880 maritos,
432 4827 466 4866 eo
475 4809 550 4883 quod
562 4810 635 4866 solus
647 4809 762 4883 nuptias
772 4807 948 4880 violaverint,
1000 4810 1046 4867 die
1057 4811 1201 4884 jejunium
1215 4829 1301 4885 super
1315 4813 1487 4886 positionem
1502 4813 1689 4871 celebremus.

135 4912 202 4984 post
216 4920 326 4965 annum
341 4901 403 4962 sine
417 4903 584 4975 poenitentia
597 4901 774 4960 reconciliari
795 4900 948 4970 debebunt,
1036 4901 1131 4979 100
1144 4903 1242 4962 XXVII.
1257 4908 1410 4980 Episcopus
1421 4908 1465 4963 vel
1475 4905 1594 4981 quilibet
1605 4909 1696 4965 clerici

135 5004 180 5059 vel
198 5002 222 5058 si
238 5001 308 5056 alios
329 4993 516 5071 cognoverint
537 4996 622 5067 vicos,
637 5011 671 5051 eo
696 4994 774 5067 quod
800 4994 949 5051 moechatae
1000 5002 1049 5055 aut
1064 5014 1201 5069 sororem,
1216 5003 1266 5055 ant
1285 5001 1375 5056 liliam
1388 5002 1529 5073 vlrginem
1542 5000 1665 5058 dicatam
1680 5003 1696 5058 ll

136 5096 203 5164 sint,
216 5094 323 5168 placuit
335 5108 386 5164 per
400 5088 591 5164 quinquennii
603 5094 736 5160 tempora
751 5086 950 5160 actalegitima
999 5093 1062 5147 tum
1073 5108 1170 5148 secum
1183 5092 1296 5161 habeat,
1312 5098 1478 5151 extraneam
1494 5111 1560 5150 vero
1575 5110 1696 5168 nequaqv

136 5189 303 5262 poenitentia
316 5184 429 5241 admitti
442 5200 489 5240 aas
502 5182 539 5239 ad
552 5181 793 5238 communionem.
999 5201 1065 5241 cnm
1079 5186 1193 5243 habeat.

171 5284 225 5340 XV.
237 5284 355 5353 Propter
367 5277 479 5350 copiam
491 5276 653 5349 puellarum
666 5272 820 5346 gentilibus
831 5273 949 5330 minime
1034 5277 1144 5336 XXVIII.
1168 5278 1338 5354 Episcopum
1358 5283 1464 5356 placuit
1484 5283 1519 5339 ab
1544 5300 1578 5341 eo
1601 5283 1652 5357 qui
1665 5301 1696 5341 n<

136 5378 166 5433 iu
187 5373 404 5433 matrimonium
427 5370 529 5426 dandae
554 5371 621 5426 sunt
634 5368 759 5440 virgines
772 5366 948 5437 Christianae,
1000 5372 1135 5444 municat,
1151 5390 1271 5432 munera
1285 5377 1413 5449 achpere
1428 5394 1486 5434 nou
1503 5377 1617 5434 debere.

137 5487 174 5526 ue
194 5474 264 5526 aetas
283 5468 314 5524 in
338 5467 408 5521 llere
432 5468 548 5519 tumens
573 5461 602 5517 in
626 5460 766 5517 adulterio
792 5461 950 5517 resolvatur
1034 5464 1118 5523 XXIX.
1131 5465 1367 5543 Energumenurn
1381 5471 1430 5543 qui
1446 5472 1481 5527 ab
1496 5471 1617 5529 erratico
1631 5471 1696 5545 spiri

136 5563 252 5618 animae.
999 5559 1117 5631 gitatur,
1127 5560 1328 5634 hujusnomen
1339 5580 1432 5637 neque
1443 5563 1481 5620 ad
1490 5564 1578 5622 alure
1593 5581 1660 5621 eum
1674 5565 1696 5623 ol

172 5653 235 5709 XVI.
246 5650 391 5708 Ilaercticis
401 5649 451 5723 qui
462 5648 560 5706 errant
569 5645 605 5702 ab
615 5645 740 5703 Ecclesia
750 5645 887 5707 catholica
897 5665 949 5707 nec
999 5668 1060 5708 esse
1073 5653 1262 5726 recitandum,
1277 5673 1370 5730 neque
1383 5655 1610 5729 permittendum
1624 5662 1696 5716 utsn

137 5745 205 5818 ipsis
219 5743 371 5802 catholicas
386 5742 495 5801 dandas
514 5741 632 5815 puellas,
648 5741 697 5799 sed
718 5754 812 5815 neque
833 5742 947 5818 tudaeis,
999 5747 1029 5802 iu
1043 5748 1160 5804 ecclesia
1180 5749 1332 5808 ministret.
