<?xml version="1.0" encoding="UTF-8"?>
<!DOCTYPE html PUBLIC "-//W3C//DTD XHTML 1.0 Transitional//EN"
    "http://www.w3.org/TR/xhtml1/DTD/xhtml1-transitional.dtd">
<html xmlns="http://www.w3.org/1999/xhtml" xml:lang="en" lang="en">
 <head>
  <title>
</title>
<meta http-equiv="Content-Type" content="text/html;charset=utf-8" />
  <meta name='ocr-system' content='tesseract 3.04.00' />
  <meta name='ocr-capabilities' content='ocr_page ocr_carea ocr_par ocr_line ocrx_word'/>
</head>
<body>
  <div class='ocr_page' id='page_1' title='image "./patrologiaecurs03unkngoog_0401.png"; bbox 0 0 3870 6150; ppageno 0'>
   <div class='ocr_carea' id='block_1_1' title="bbox 136 258 1813 326">
    <p class='ocr_par' dir='ltr' id='par_1_1' title="bbox 136 258 1813 326">
     <span class='ocr_line' id='line_1_1' title="bbox 136 258 1813 326; baseline -0.006 -1"><span class='ocrx_word' id='word_1_1' title='bbox 136 268 186 326; x_wconf 76' lang='lat' dir='ltr'>tlt</span> <span class='ocrx_word' id='word_1_2' title='bbox 220 284 222 287; x_wconf 88' lang='grc'><strong><em>·</em></strong></span> <span class='ocrx_word' id='word_1_3' title='bbox 574 261 715 317; x_wconf 76' lang='grc' dir='ltr'><strong>ᾸΡΡΕΝΙ).</strong></span> <span class='ocrx_word' id='word_1_4' title='bbox 734 260 779 317; x_wconf 80' lang='lat' dir='ltr'>no</span> <span class='ocrx_word' id='word_1_5' title='bbox 798 262 878 316; x_wconf 79' lang='lat' dir='ltr'>SAEC.</span> <span class='ocrx_word' id='word_1_6' title='bbox 900 259 943 315; x_wconf 82' lang='lat' dir='ltr'>tx.</span> <span class='ocrx_word' id='word_1_7' title='bbox 959 287 993 300; x_wconf 89' lang='lat'>·-·</span> <span class='ocrx_word' id='word_1_8' title='bbox 1013 258 1138 315; x_wconf 83' lang='lat' dir='ltr'>lsluohl</span> <span class='ocrx_word' id='word_1_9' title='bbox 1157 260 1369 316; x_wconf 76' lang='lat' dir='ltr'><strong>MERCATORIS</strong></span> <span class='ocrx_word' id='word_1_10' title='bbox 1488 264 1492 286; x_wconf 90' lang='lat'>&#39;</span> <span class='ocrx_word' id='word_1_11' title='bbox 1762 261 1813 315; x_wconf 73' lang='grc'>748</span> 
     </span>
    </p>
   </div>
   <div class='ocr_carea' id='block_1_2' title="bbox 64 364 1832 5117">
    <p class='ocr_par' dir='ltr' id='par_1_2' title="bbox 133 364 1814 812">
     <span class='ocr_line' id='line_1_2' title="bbox 133 364 1813 450; baseline -0.004 -22"><span class='ocrx_word' id='word_1_12' title='bbox 133 371 273 445; x_wconf 88' lang='lat' dir='ltr'>judicium</span> <span class='ocrx_word' id='word_1_13' title='bbox 287 367 468 426; x_wconf 90' lang='lat' dir='ltr'>dilationibus</span> <span class='ocrx_word' id='word_1_14' title='bbox 478 371 569 441; x_wconf 89' lang='lat' dir='ltr'>putat.</span> <span class='ocrx_word' id='word_1_15' title='bbox 579 368 783 424; x_wconf 86' lang='lat' dir='ltr'>Veniettamen</span> <span class='ocrx_word' id='word_1_16' title='bbox 797 367 950 440; x_wconf 88' lang='lat' dir='ltr'>aliqnando</span> <span class='ocrx_word' id='word_1_17' title='bbox 960 379 990 450; x_wconf 70' lang='grc' dir='ltr'><strong>Α</strong></span> <span class='ocrx_word' id='word_1_18' title='bbox 1000 366 1153 423; x_wconf 88' lang='lat' dir='ltr'>constituto</span> <span class='ocrx_word' id='word_1_19' title='bbox 1172 369 1345 439; x_wconf 75' lang='lat' dir='ltr'>presentare</span> <span class='ocrx_word' id='word_1_20' title='bbox 1361 364 1480 437; x_wconf 85' lang='lat' dir='ltr'>judicio.</span> <span class='ocrx_word' id='word_1_21' title='bbox 1494 364 1642 437; x_wconf 78' lang='lat' dir='ltr'>Quidquid</span> <span class='ocrx_word' id='word_1_22' title='bbox 1657 367 1755 420; x_wconf 88' lang='lat' dir='ltr'>autern</span> <span class='ocrx_word' id='word_1_23' title='bbox 1768 383 1813 421; x_wconf 81' lang='lat' dir='ltr'>ve·</span> 
     </span>
     <span class='ocr_line' id='line_1_3' title="bbox 136 459 1812 534; baseline -0.004 -14"><span class='ocrx_word' id='word_1_24' title='bbox 136 467 183 520; x_wconf 89' lang='lat' dir='ltr'>ille</span> <span class='ocrx_word' id='word_1_25' title='bbox 199 465 247 534; x_wconf 92' lang='lat' dir='ltr'>qui</span> <span class='ocrx_word' id='word_1_26' title='bbox 262 465 326 516; x_wconf 90' lang='lat' dir='ltr'>talis</span> <span class='ocrx_word' id='word_1_27' title='bbox 339 462 502 534; x_wconf 73' lang='lat' dir='ltr'>perhibetur</span> <span class='ocrx_word' id='word_1_28' title='bbox 519 463 549 516; x_wconf 94' lang='lat' dir='ltr'>in</span> <span class='ocrx_word' id='word_1_29' title='bbox 566 461 703 529; x_wconf 88' lang='lat' dir='ltr'>medium,</span> <span class='ocrx_word' id='word_1_30' title='bbox 717 479 769 516; x_wconf 92' lang='lat' dir='ltr'>nec</span> <span class='ocrx_word' id='word_1_31' title='bbox 783 462 897 533; x_wconf 88' lang='lat' dir='ltr'>prodest</span> <span class='ocrx_word' id='word_1_32' title='bbox 911 460 952 515; x_wconf 94' lang='lat' dir='ltr'>illi</span> <span class='ocrx_word' id='word_1_33' title='bbox 1001 465 1058 515; x_wconf 88' lang='lat' dir='ltr'>stra</span> <span class='ocrx_word' id='word_1_34' title='bbox 1068 460 1232 516; x_wconf 85' lang='lat' dir='ltr'>charitaede</span> <span class='ocrx_word' id='word_1_35' title='bbox 1243 459 1741 524; x_wconf 81' lang='lat' dir='ltr'>haccausaduxeritdeceruendum,</span> <span class='ocrx_word' id='word_1_36' title='bbox 1752 477 1812 514; x_wconf 89' lang='lat' dir='ltr'>cum</span> 
     </span>
     <span class='ocr_line' id='line_1_4' title="bbox 137 552 1814 627; baseline -0.001 -19"><span class='ocrx_word' id='word_1_37' title='bbox 137 558 221 611; x_wconf 87' lang='lat' dir='ltr'>toties</span> <span class='ocrx_word' id='word_1_38' title='bbox 236 555 360 623; x_wconf 88' lang='lat' dir='ltr'>latuisse,</span> <span class='ocrx_word' id='word_1_39' title='bbox 372 555 453 610; x_wconf 88' lang='lat' dir='ltr'>toties</span> <span class='ocrx_word' id='word_1_40' title='bbox 467 554 682 627; x_wconf 79' lang='lat' dir='ltr'>subterfugisse,</span> <span class='ocrx_word' id='word_1_41' title='bbox 693 572 779 626; x_wconf 90' lang='lat' dir='ltr'>quem</span> <span class='ocrx_word' id='word_1_42' title='bbox 790 556 833 609; x_wconf 92' lang='lat' dir='ltr'>sui</span> <span class='ocrx_word' id='word_1_43' title='bbox 845 558 951 610; x_wconf 89' lang='lat' dir='ltr'>actuse</span> <span class='ocrx_word' id='word_1_44' title='bbox 1000 555 1036 610; x_wconf 91' lang='lat' dir='ltr'>ad</span> <span class='ocrx_word' id='word_1_45' title='bbox 1047 571 1098 609; x_wconf 88' lang='lat' dir='ltr'>nos</span> <span class='ocrx_word' id='word_1_46' title='bbox 1108 555 1335 622; x_wconf 88' lang='lat' dir='ltr'>relatumfuerit,</span> <span class='ocrx_word' id='word_1_47' title='bbox 1343 559 1441 609; x_wconf 87' lang='lat' dir='ltr'>nostra</span> <span class='ocrx_word' id='word_1_48' title='bbox 1453 559 1486 609; x_wconf 89' lang='lat' dir='ltr'>ut</span> <span class='ocrx_word' id='word_1_49' title='bbox 1497 552 1636 608; x_wconf 87' lang='lat' dir='ltr'>coudecet</span> <span class='ocrx_word' id='word_1_50' title='bbox 1649 568 1768 608; x_wconf 88' lang='lat' dir='ltr'>necesse</span> <span class='ocrx_word' id='word_1_51' title='bbox 1777 557 1814 607; x_wconf 88' lang='lat' dir='ltr'>est</span> 
     </span>
     <span class='ocr_line' id='line_1_5' title="bbox 137 646 1811 719; baseline -0.001 -17"><span class='ocrx_word' id='word_1_52' title='bbox 137 647 949 719; x_wconf 83' lang='lat' dir='ltr'>cornmissa,quocumquefugerit,eaquoeobjiciunturilli,</span> <span class='ocrx_word' id='word_1_53' title='bbox 1002 648 1168 703; x_wconf 87' lang='lat' dir='ltr'>auctoritate</span> <span class='ocrx_word' id='word_1_54' title='bbox 1190 648 1351 703; x_wconf 87' lang='lat' dir='ltr'>firmentur.</span> <span class='ocrx_word' id='word_1_55' title='bbox 1376 649 1447 703; x_wconf 86' lang='lat' dir='ltr'>Data</span> <span class='ocrx_word' id='word_1_56' title='bbox 1472 647 1523 702; x_wconf 86' lang='lat' dir='ltr'>sub</span> <span class='ocrx_word' id='word_1_57' title='bbox 1548 646 1594 703; x_wconf 85' lang='lat' dir='ltr'>die</span> <span class='ocrx_word' id='word_1_58' title='bbox 1619 647 1687 703; x_wconf 87' lang='lat' dir='ltr'>ldus</span> <span class='ocrx_word' id='word_1_59' title='bbox 1710 647 1811 716; x_wconf 83' lang='lat' dir='ltr'>lunias,</span> 
     </span>
     <span class='ocr_line' id='line_1_6' title="bbox 137 738 1349 812; baseline 0.003 -20"><span class='ocrx_word' id='word_1_60' title='bbox 137 738 828 811; x_wconf 84' lang='lat' dir='ltr'>siverasuntcrimina,persequuntur.llebueram</span> <span class='ocrx_word' id='word_1_61' title='bbox 835 740 951 812; x_wconf 89' lang='lat' dir='ltr'>quidem</span> <span class='ocrx_word' id='word_1_62' title='bbox 1000 740 1124 796; x_wconf 85' lang='lat' dir='ltr'>lfouario</span> <span class='ocrx_word' id='word_1_63' title='bbox 1140 742 1163 796; x_wconf 95' lang='lat' dir='ltr'>ll</span> <span class='ocrx_word' id='word_1_64' title='bbox 1177 741 1206 796; x_wconf 88' lang='lat' dir='ltr'>C.</span> <span class='ocrx_word' id='word_1_65' title='bbox 1223 740 1349 796; x_wconf 91' lang='lat' dir='ltr'>consule.</span> 
     </span>
    </p>

    <p class='ocr_par' dir='ltr' id='par_1_3' title="bbox 64 832 1832 5117">
     <span class='ocr_line' id='line_1_7' title="bbox 134 832 1809 906; baseline 0.003 -21"><span class='ocrx_word' id='word_1_66' title='bbox 134 833 196 903; x_wconf 77' lang='lat' dir='ltr'>jani</span> <span class='ocrx_word' id='word_1_67' title='bbox 216 849 291 888; x_wconf 92' lang='lat' dir='ltr'>nunc</span> <span class='ocrx_word' id='word_1_68' title='bbox 314 832 430 903; x_wconf 88' lang='lat' dir='ltr'>dignam</span> <span class='ocrx_word' id='word_1_69' title='bbox 449 849 501 903; x_wconf 92' lang='lat' dir='ltr'>pro</span> <span class='ocrx_word' id='word_1_70' title='bbox 521 833 582 904; x_wconf 86' lang='lat' dir='ltr'>ejus</span> <span class='ocrx_word' id='word_1_71' title='bbox 600 834 735 888; x_wconf 90' lang='lat' dir='ltr'>accusatis</span> <span class='ocrx_word' id='word_1_72' title='bbox 750 834 780 888; x_wconf 90' lang='lat' dir='ltr'>in</span> <span class='ocrx_word' id='word_1_73' title='bbox 796 833 950 904; x_wconf 90' lang='lat' dir='ltr'>nostroju-</span> <span class='ocrx_word' id='word_1_74' title='bbox 1004 837 1038 890; x_wconf 87' lang='lat' dir='ltr'>Ut</span> <span class='ocrx_word' id='word_1_75' title='bbox 1046 835 1138 890; x_wconf 84' lang='lat' dir='ltr'>nullas</span> <span class='ocrx_word' id='word_1_76' title='bbox 1146 836 1505 906; x_wconf 83' lang='lat' dir='ltr'>contemptometropolttooo</span> <span class='ocrx_word' id='word_1_77' title='bbox 1513 835 1659 890; x_wconf 83' lang='lat' dir='ltr'>ordinetur</span> <span class='ocrx_word' id='word_1_78' title='bbox 1668 838 1809 906; x_wconf 81' lang='lat' dir='ltr'>episcopas.</span> 
     </span>
     <span class='ocr_line' id='line_1_8' title="bbox 75 925 1812 1000; baseline 0.002 -21"><span class='ocrx_word' id='word_1_79' title='bbox 75 991 77 994; x_wconf 7' lang='grc' dir='ltr'><em>Α</em></span> <span class='ocrx_word' id='word_1_80' title='bbox 138 925 211 979; x_wconf 87' lang='lat' dir='ltr'>dicio</span> <span class='ocrx_word' id='word_1_81' title='bbox 226 926 335 980; x_wconf 90' lang='lat' dir='ltr'>actibus</span> <span class='ocrx_word' id='word_1_82' title='bbox 348 926 395 996; x_wconf 95' lang='lat' dir='ltr'>qui</span> <span class='ocrx_word' id='word_1_83' title='bbox 409 926 600 996; x_wconf 89' lang='lat' dir='ltr'>cognitionem</span> <span class='ocrx_word' id='word_1_84' title='bbox 617 931 644 982; x_wconf 91' lang='lat' dir='ltr'>et</span> <span class='ocrx_word' id='word_1_85' title='bbox 657 928 803 983; x_wconf 90' lang='lat' dir='ltr'>decretum</span> <span class='ocrx_word' id='word_1_86' title='bbox 812 927 952 998; x_wconf 87' lang='lat' dir='ltr'>judicium</span> <span class='ocrx_word' id='word_1_87' title='bbox 1038 929 1211 997; x_wconf 83' lang='lat' dir='ltr'>Bnuuacrus,</span> <span class='ocrx_word' id='word_1_88' title='bbox 1228 928 1376 999; x_wconf 87' lang='lat' dir='ltr'>episcopus</span> <span class='ocrx_word' id='word_1_89' title='bbox 1396 929 1475 983; x_wconf 86' lang='lat' dir='ltr'>urhis</span> <span class='ocrx_word' id='word_1_90' title='bbox 1496 930 1606 997; x_wconf 76' lang='lat' dir='ltr'>Romae,</span> <span class='ocrx_word' id='word_1_91' title='bbox 1623 930 1748 995; x_wconf 79' lang='lat' dir='ltr'>litmaro,</span> <span class='ocrx_word' id='word_1_92' title='bbox 1763 930 1812 1000; x_wconf 90' lang='lat' dir='ltr'>epi·</span> 
     </span>
     <span class='ocr_line' id='line_1_9' title="bbox 138 1018 1809 1094; baseline 0.004 -23"><span class='ocrx_word' id='word_1_93' title='bbox 138 1019 212 1089; x_wconf 73' lang='lat' dir='ltr'>saepe</span> <span class='ocrx_word' id='word_1_94' title='bbox 226 1018 395 1073; x_wconf 87' lang='lat' dir='ltr'>declinando</span> <span class='ocrx_word' id='word_1_95' title='bbox 411 1019 531 1073; x_wconf 90' lang='lat' dir='ltr'>credidit</span> <span class='ocrx_word' id='word_1_96' title='bbox 545 1019 733 1088; x_wconf 89' lang='lat' dir='ltr'>illudendum,</span> <span class='ocrx_word' id='word_1_97' title='bbox 748 1021 822 1076; x_wconf 88' lang='lat' dir='ltr'>ferre</span> <span class='ocrx_word' id='word_1_98' title='bbox 836 1025 950 1075; x_wconf 90' lang='lat' dir='ltr'>senten·</span> <span class='ocrx_word' id='word_1_99' title='bbox 1002 1038 1086 1093; x_wconf 90' lang='lat' dir='ltr'>scopo</span> <span class='ocrx_word' id='word_1_100' title='bbox 1105 1021 1293 1089; x_wconf 83' lang='lat' dir='ltr'>Narbonensi,</span> <span class='ocrx_word' id='word_1_101' title='bbox 1309 1022 1442 1076; x_wconf 88' lang='lat' dir='ltr'>salutern.</span> <span class='ocrx_word' id='word_1_102' title='bbox 1463 1022 1580 1077; x_wconf 81' lang='lat' dir='ltr'>Difficile</span> <span class='ocrx_word' id='word_1_103' title='bbox 1598 1023 1719 1094; x_wconf 90' lang='lat' dir='ltr'>quidem</span> <span class='ocrx_word' id='word_1_104' title='bbox 1736 1023 1809 1077; x_wconf 87' lang='lat' dir='ltr'>fidem</span> 
     </span>
     <span class='ocr_line' id='line_1_10' title="bbox 136 1111 1808 1187; baseline 0.002 -21"><span class='ocrx_word' id='word_1_105' title='bbox 136 1112 218 1167; x_wconf 90' lang='lat' dir='ltr'>tiam.</span> <span class='ocrx_word' id='word_1_106' title='bbox 236 1112 313 1166; x_wconf 91' lang='lat' dir='ltr'>llanc</span> <span class='ocrx_word' id='word_1_107' title='bbox 327 1128 363 1164; x_wconf 92' lang='lat' dir='ltr'>ne</span> <span class='ocrx_word' id='word_1_108' title='bbox 375 1111 478 1183; x_wconf 90' lang='lat' dir='ltr'>aliquis</span> <span class='ocrx_word' id='word_1_109' title='bbox 493 1128 587 1182; x_wconf 68' lang='lat' dir='ltr'>praeco</span> <span class='ocrx_word' id='word_1_110' title='bbox 604 1113 631 1167; x_wconf 91' lang='lat' dir='ltr'>ei</span> <span class='ocrx_word' id='word_1_111' title='bbox 648 1129 732 1184; x_wconf 85' lang='lat' dir='ltr'>quem</span> <span class='ocrx_word' id='word_1_112' title='bbox 745 1114 864 1169; x_wconf 81' lang='lat' dir='ltr'><strong>forsitan</strong></span> <span class='ocrx_word' id='word_1_113' title='bbox 873 1112 950 1184; x_wconf 86' lang='lat' dir='ltr'>judi·</span> <span class='ocrx_word' id='word_1_114' title='bbox 1002 1115 1190 1187; x_wconf 85' lang='lat' dir='ltr'>querimoniis</span> <span class='ocrx_word' id='word_1_115' title='bbox 1207 1116 1431 1185; x_wconf 79' lang='lat' dir='ltr'>commodamus,</span> <span class='ocrx_word' id='word_1_116' title='bbox 1448 1132 1570 1186; x_wconf 90' lang='lat' dir='ltr'>quarum</span> <span class='ocrx_word' id='word_1_117' title='bbox 1587 1117 1749 1170; x_wconf 87' lang='lat' dir='ltr'>sacerdotes</span> <span class='ocrx_word' id='word_1_118' title='bbox 1764 1117 1808 1170; x_wconf 85' lang='lat' dir='ltr'>uo-</span> 
     </span>
     <span class='ocr_line' id='line_1_11' title="bbox 138 1204 1808 1281; baseline 0.004 -24"><span class='ocrx_word' id='word_1_119' title='bbox 138 1207 224 1274; x_wconf 91' lang='lat' dir='ltr'>caret,</span> <span class='ocrx_word' id='word_1_120' title='bbox 245 1207 274 1259; x_wconf 91' lang='lat' dir='ltr'>et</span> <span class='ocrx_word' id='word_1_121' title='bbox 295 1204 348 1259; x_wconf 93' lang='lat' dir='ltr'>sibi</span> <span class='ocrx_word' id='word_1_122' title='bbox 370 1204 419 1276; x_wconf 93' lang='lat' dir='ltr'>qui</span> <span class='ocrx_word' id='word_1_123' title='bbox 442 1204 544 1260; x_wconf 86' lang='lat' dir='ltr'>absens</span> <span class='ocrx_word' id='word_1_124' title='bbox 565 1209 616 1271; x_wconf 92' lang='lat' dir='ltr'>est,</span> <span class='ocrx_word' id='word_1_125' title='bbox 639 1205 704 1262; x_wconf 87' lang='lat' dir='ltr'>licet</span> <span class='ocrx_word' id='word_1_126' title='bbox 726 1207 762 1262; x_wconf 87' lang='lat' dir='ltr'>sit</span> <span class='ocrx_word' id='word_1_127' title='bbox 784 1207 953 1278; x_wconf 75' lang='lat' dir='ltr'>quaesitusa</span> <span class='ocrx_word' id='word_1_128' title='bbox 1002 1209 1073 1263; x_wconf 93' lang='lat' dir='ltr'>mini</span> <span class='ocrx_word' id='word_1_129' title='bbox 1094 1209 1186 1280; x_wconf 90' lang='lat' dir='ltr'>pulsat</span> <span class='ocrx_word' id='word_1_130' title='bbox 1208 1209 1339 1278; x_wconf 91' lang='lat' dir='ltr'>intentio,</span> <span class='ocrx_word' id='word_1_131' title='bbox 1363 1209 1487 1263; x_wconf 85' lang='lat' dir='ltr'>maxime</span> <span class='ocrx_word' id='word_1_132' title='bbox 1508 1225 1573 1264; x_wconf 85' lang='lat' dir='ltr'>cunr</span> <span class='ocrx_word' id='word_1_133' title='bbox 1600 1226 1649 1264; x_wconf 90' lang='lat' dir='ltr'>eos</span> <span class='ocrx_word' id='word_1_134' title='bbox 1672 1209 1808 1281; x_wconf 78' lang='lat' dir='ltr'>quidpiam</span> 
     </span>
     <span class='ocr_line' id='line_1_12' title="bbox 137 1297 1808 1374; baseline 0.004 -22"><span class='ocrx_word' id='word_1_135' title='bbox 137 1297 220 1353; x_wconf 91' lang='lat' dir='ltr'>uobis</span> <span class='ocrx_word' id='word_1_136' title='bbox 232 1301 406 1353; x_wconf 87' lang='lat' dir='ltr'>reservatum</span> <span class='ocrx_word' id='word_1_137' title='bbox 420 1315 480 1352; x_wconf 91' lang='lat' dir='ltr'>esse</span> <span class='ocrx_word' id='word_1_138' title='bbox 493 1298 564 1353; x_wconf 93' lang='lat' dir='ltr'>nihil</span> <span class='ocrx_word' id='word_1_139' title='bbox 575 1299 690 1365; x_wconf 88' lang='lat' dir='ltr'>diceret,</span> <span class='ocrx_word' id='word_1_140' title='bbox 698 1300 852 1355; x_wconf 89' lang='lat' dir='ltr'>maluimus</span> <span class='ocrx_word' id='word_1_141' title='bbox 862 1300 951 1355; x_wconf 88' lang='lat' dir='ltr'>iuter-</span> <span class='ocrx_word' id='word_1_142' title='bbox 1002 1307 1100 1358; x_wconf 89' lang='lat' dir='ltr'>contra</span> <span class='ocrx_word' id='word_1_143' title='bbox 1119 1304 1236 1357; x_wconf 89' lang='lat' dir='ltr'>Patrum</span> <span class='ocrx_word' id='word_1_144' title='bbox 1257 1307 1361 1357; x_wconf 88' lang='lat' dir='ltr'>statuta</span> <span class='ocrx_word' id='word_1_145' title='bbox 1378 1306 1513 1369; x_wconf 75' lang='lat' dir='ltr'><strong>tentasse,</strong></span> <span class='ocrx_word' id='word_1_146' title='bbox 1528 1303 1576 1358; x_wconf 91' lang='lat' dir='ltr'>sed</span> <span class='ocrx_word' id='word_1_147' title='bbox 1589 1304 1760 1374; x_wconf 85' lang='lat' dir='ltr'>frequenter</span> <span class='ocrx_word' id='word_1_148' title='bbox 1770 1305 1808 1358; x_wconf 82' lang='lat' dir='ltr'>has</span> 
     </span>
     <span class='ocr_line' id='line_1_13' title="bbox 138 1391 1806 1466; baseline 0.005 -21"><span class='ocrx_word' id='word_1_149' title='bbox 138 1391 275 1463; x_wconf 81' lang='lat' dir='ltr'>capedine</span> <span class='ocrx_word' id='word_1_150' title='bbox 289 1392 429 1463; x_wconf 89' lang='lat' dir='ltr'>temporis</span> <span class='ocrx_word' id='word_1_151' title='bbox 439 1392 505 1447; x_wconf 88' lang='lat' dir='ltr'>data</span> <span class='ocrx_word' id='word_1_152' title='bbox 515 1392 628 1447; x_wconf 89' lang='lat' dir='ltr'>deferri.</span> <span class='ocrx_word' id='word_1_153' title='bbox 641 1394 711 1448; x_wconf 86' lang='lat' dir='ltr'>Cum</span> <span class='ocrx_word' id='word_1_154' title='bbox 726 1394 779 1449; x_wconf 91' lang='lat' dir='ltr'>hoc</span> <span class='ocrx_word' id='word_1_155' title='bbox 792 1393 877 1448; x_wconf 88' lang='lat' dir='ltr'>etiam</span> <span class='ocrx_word' id='word_1_156' title='bbox 892 1394 953 1464; x_wconf 88' lang='lat' dir='ltr'>ejus</span> <span class='ocrx_word' id='word_1_157' title='bbox 1001 1397 1110 1464; x_wconf 91' lang='lat' dir='ltr'>asserit,</span> <span class='ocrx_word' id='word_1_158' title='bbox 1122 1397 1277 1451; x_wconf 90' lang='lat' dir='ltr'>sicutnunc</span> <span class='ocrx_word' id='word_1_159' title='bbox 1287 1395 1638 1451; x_wconf 89' lang='lat' dir='ltr'>multitudocausantinm.</span> <span class='ocrx_word' id='word_1_160' title='bbox 1650 1398 1724 1452; x_wconf 87' lang='lat' dir='ltr'>Ecce</span> <span class='ocrx_word' id='word_1_161' title='bbox 1733 1398 1806 1466; x_wconf 76' lang='lat' dir='ltr'>cirin,</span> 
     </span>
     <span class='ocr_line' id='line_1_14' title="bbox 138 1486 1808 1560; baseline 0.004 -22"><span class='ocrx_word' id='word_1_162' title='bbox 138 1489 313 1540; x_wconf 74' lang='lat' dir='ltr'>accusatores</span> <span class='ocrx_word' id='word_1_163' title='bbox 326 1491 495 1553; x_wconf 81' lang='lat' dir='ltr'>assererent,</span> <span class='ocrx_word' id='word_1_164' title='bbox 509 1486 544 1541; x_wconf 93' lang='lat' dir='ltr'>de</span> <span class='ocrx_word' id='word_1_165' title='bbox 564 1502 686 1557; x_wconf 87' lang='lat' dir='ltr'>quorum</span> <span class='ocrx_word' id='word_1_166' title='bbox 705 1487 911 1542; x_wconf 89' lang='lat' dir='ltr'>intentionibus</span> <span class='ocrx_word' id='word_1_167' title='bbox 925 1489 954 1542; x_wconf 87' lang='lat' dir='ltr'>et</span> <span class='ocrx_word' id='word_1_168' title='bbox 1002 1493 1034 1544; x_wconf 90' lang='lat' dir='ltr'>ul</span> <span class='ocrx_word' id='word_1_169' title='bbox 1046 1490 1169 1545; x_wconf 87' lang='lat' dir='ltr'>charitas</span> <span class='ocrx_word' id='word_1_170' title='bbox 1189 1492 1239 1544; x_wconf 87' lang='lat' dir='ltr'>tua</span> <span class='ocrx_word' id='word_1_171' title='bbox 1258 1490 1446 1560; x_wconf 85' lang='lat' dir='ltr'>recognoscit,</span> <span class='ocrx_word' id='word_1_172' title='bbox 1463 1506 1497 1543; x_wconf 83' lang='lat' dir='ltr'>ex</span> <span class='ocrx_word' id='word_1_173' title='bbox 1510 1490 1632 1545; x_wconf 89' lang='lat' dir='ltr'>subditis</span> <span class='ocrx_word' id='word_1_174' title='bbox 1646 1490 1808 1545; x_wconf 80' lang='lat' dir='ltr'>Lucnbensis</span> 
     </span>
     <span class='ocr_line' id='line_1_15' title="bbox 137 1579 1807 1654; baseline 0.005 -21"><span class='ocrx_word' id='word_1_175' title='bbox 137 1579 263 1634; x_wconf 92' lang='lat' dir='ltr'>moribus</span> <span class='ocrx_word' id='word_1_176' title='bbox 287 1579 323 1634; x_wconf 87' lang='lat' dir='ltr'>sit</span> <span class='ocrx_word' id='word_1_177' title='bbox 344 1595 476 1634; x_wconf 90' lang='lat' dir='ltr'>securum</span> <span class='ocrx_word' id='word_1_178' title='bbox 497 1579 651 1634; x_wconf 87' lang='lat' dir='ltr'>maximum</span> <span class='ocrx_word' id='word_1_179' title='bbox 671 1584 751 1635; x_wconf 91' lang='lat' dir='ltr'>tanto</span> <span class='ocrx_word' id='word_1_180' title='bbox 772 1581 863 1651; x_wconf 89' lang='lat' dir='ltr'>magis</span> <span class='ocrx_word' id='word_1_181' title='bbox 875 1581 953 1635; x_wconf 90' lang='lat' dir='ltr'>dam·</span> <span class='ocrx_word' id='word_1_182' title='bbox 1001 1583 1143 1652; x_wconf 78' lang='lat' dir='ltr'>Ecclesiae,</span> <span class='ocrx_word' id='word_1_183' title='bbox 1162 1583 1257 1637; x_wconf 81' lang='lat' dir='ltr'>clerici</span> <span class='ocrx_word' id='word_1_184' title='bbox 1280 1582 1350 1637; x_wconf 93' lang='lat' dir='ltr'>ordo</span> <span class='ocrx_word' id='word_1_185' title='bbox 1373 1583 1416 1637; x_wconf 84' lang='lat' dir='ltr'>vel</span> <span class='ocrx_word' id='word_1_186' title='bbox 1440 1582 1531 1653; x_wconf 91' lang='lat' dir='ltr'>plebis</span> <span class='ocrx_word' id='word_1_187' title='bbox 1550 1599 1654 1654; x_wconf 86' lang='lat' dir='ltr'>preces</span> <span class='ocrx_word' id='word_1_188' title='bbox 1679 1601 1755 1653; x_wconf 89' lang='lat' dir='ltr'>suas,</span> <span class='ocrx_word' id='word_1_189' title='bbox 1774 1584 1807 1641; x_wconf 82' lang='lat' dir='ltr'>rel</span> 
     </span>
     <span class='ocr_line' id='line_1_16' title="bbox 139 1673 1807 1749; baseline 0.004 -22"><span class='ocrx_word' id='word_1_190' title='bbox 139 1673 233 1727; x_wconf 90' lang='lat' dir='ltr'>nanda</span> <span class='ocrx_word' id='word_1_191' title='bbox 245 1673 436 1741; x_wconf 86' lang='lat' dir='ltr'>committere,</span> <span class='ocrx_word' id='word_1_192' title='bbox 452 1678 557 1745; x_wconf 90' lang='lat' dir='ltr'>quanto</span> <span class='ocrx_word' id='word_1_193' title='bbox 570 1673 678 1728; x_wconf 90' lang='lat' dir='ltr'>tardius</span> <span class='ocrx_word' id='word_1_194' title='bbox 698 1691 728 1728; x_wconf 92' lang='lat' dir='ltr'>se</span> <span class='ocrx_word' id='word_1_195' title='bbox 747 1674 954 1744; x_wconf 87' lang='lat' dir='ltr'>constitutoju·</span> <span class='ocrx_word' id='word_1_196' title='bbox 1002 1678 1141 1748; x_wconf 90' lang='lat' dir='ltr'>lacrymas</span> <span class='ocrx_word' id='word_1_197' title='bbox 1165 1677 1201 1730; x_wconf 89' lang='lat' dir='ltr'>ad</span> <span class='ocrx_word' id='word_1_198' title='bbox 1224 1693 1286 1745; x_wconf 92' lang='lat' dir='ltr'>nos,</span> <span class='ocrx_word' id='word_1_199' title='bbox 1305 1681 1444 1747; x_wconf 90' lang='lat' dir='ltr'>quantum</span> <span class='ocrx_word' id='word_1_200' title='bbox 1464 1677 1547 1734; x_wconf 91' lang='lat' dir='ltr'>datur</span> <span class='ocrx_word' id='word_1_201' title='bbox 1570 1676 1698 1749; x_wconf 82' lang='lat' dir='ltr'>intelligi</span> <span class='ocrx_word' id='word_1_202' title='bbox 1719 1694 1807 1749; x_wconf 87' lang='lat' dir='ltr'>magno</span> 
     </span>
     <span class='ocr_line' id='line_1_17' title="bbox 137 1742 1807 1843; baseline 0.004 -23"><span class='ocrx_word' id='word_1_203' title='bbox 137 1765 211 1820; x_wconf 92' lang='lat' dir='ltr'>dicio</span> <span class='ocrx_word' id='word_1_204' title='bbox 233 1765 420 1837; x_wconf 73' lang='lat' dir='ltr'>praesentarit.</span> <span class='ocrx_word' id='word_1_205' title='bbox 441 1766 533 1831; x_wconf 84' lang='lat' dir='ltr'>Quem</span> <span class='ocrx_word' id='word_1_206' title='bbox 555 1767 773 1822; x_wconf 80' lang='lat' dir='ltr'>Manichaeoram</span> <span class='ocrx_word' id='word_1_207' title='bbox 791 1767 951 1822; x_wconf 86' lang='lat' dir='ltr'>involutum</span> <span class='ocrx_word' id='word_1_208' title='bbox 962 1742 990 1815; x_wconf 83' lang='lat' dir='ltr'>B</span> <span class='ocrx_word' id='word_1_209' title='bbox 1002 1788 1068 1826; x_wconf 87' lang='lat' dir='ltr'>cum</span> <span class='ocrx_word' id='word_1_210' title='bbox 1086 1770 1185 1825; x_wconf 90' lang='lat' dir='ltr'>dolore</span> <span class='ocrx_word' id='word_1_211' title='bbox 1199 1770 1349 1836; x_wconf 89' lang='lat' dir='ltr'>miseruut,</span> <span class='ocrx_word' id='word_1_212' title='bbox 1365 1769 1490 1824; x_wconf 87' lang='lat' dir='ltr'>dicentes</span> <span class='ocrx_word' id='word_1_213' title='bbox 1503 1770 1675 1843; x_wconf 90' lang='lat' dir='ltr'>episcopum</span> <span class='ocrx_word' id='word_1_214' title='bbox 1694 1776 1807 1826; x_wconf 90' lang='lat' dir='ltr'>nostmn</span> 
     </span>
     <span class='ocr_line' id='line_1_18' title="bbox 137 1860 1807 1934; baseline 0.004 -21"><span class='ocrx_word' id='word_1_215' title='bbox 137 1860 258 1931; x_wconf 87' lang='lat' dir='ltr'>caligine</span> <span class='ocrx_word' id='word_1_216' title='bbox 279 1863 404 1932; x_wconf 89' lang='lat' dir='ltr'>arguunt</span> <span class='ocrx_word' id='word_1_217' title='bbox 419 1860 511 1932; x_wconf 88' lang='lat' dir='ltr'>turpis</span> <span class='ocrx_word' id='word_1_218' title='bbox 525 1865 618 1928; x_wconf 76' lang='lat' dir='ltr'>sectae,</span> <span class='ocrx_word' id='word_1_219' title='bbox 630 1860 700 1914; x_wconf 92' lang='lat' dir='ltr'>olim</span> <span class='ocrx_word' id='word_1_220' title='bbox 714 1861 752 1915; x_wconf 86' lang='lat' dir='ltr'>ita</span> <span class='ocrx_word' id='word_1_221' title='bbox 765 1876 801 1915; x_wconf 90' lang='lat' dir='ltr'>ne</span> <span class='ocrx_word' id='word_1_222' title='bbox 815 1877 880 1916; x_wconf 90' lang='lat' dir='ltr'>enm</span> <span class='ocrx_word' id='word_1_223' title='bbox 893 1877 954 1931; x_wconf 90' lang='lat' dir='ltr'>pos·</span> <span class='ocrx_word' id='word_1_224' title='bbox 1002 1865 1162 1921; x_wconf 84' lang='lat' dir='ltr'>Patroclum</span> <span class='ocrx_word' id='word_1_225' title='bbox 1173 1879 1223 1918; x_wconf 87' lang='lat' dir='ltr'>sua</span> <span class='ocrx_word' id='word_1_226' title='bbox 1230 1864 1367 1934; x_wconf 90' lang='lat' dir='ltr'>petitione</span> <span class='ocrx_word' id='word_1_227' title='bbox 1381 1865 1517 1932; x_wconf 88' lang='lat' dir='ltr'>cessante,</span> <span class='ocrx_word' id='word_1_228' title='bbox 1531 1864 1674 1919; x_wconf 89' lang='lat' dir='ltr'>inlocum</span> <span class='ocrx_word' id='word_1_229' title='bbox 1688 1865 1807 1920; x_wconf 85' lang='lat' dir='ltr'>deceden-</span> 
     </span>
     <span class='ocr_line' id='line_1_19' title="bbox 137 1953 1805 2030; baseline 0.004 -23"><span class='ocrx_word' id='word_1_230' title='bbox 137 1958 180 2009; x_wconf 89' lang='lat' dir='ltr'>set</span> <span class='ocrx_word' id='word_1_231' title='bbox 193 1953 309 2009; x_wconf 87' lang='lat' dir='ltr'>abluere</span> <span class='ocrx_word' id='word_1_232' title='bbox 321 1953 449 2008; x_wconf 89' lang='lat' dir='ltr'>animum</span> <span class='ocrx_word' id='word_1_233' title='bbox 463 1954 623 2008; x_wconf 86' lang='lat' dir='ltr'>sordidasse</span> <span class='ocrx_word' id='word_1_234' title='bbox 642 1954 670 2008; x_wconf 93' lang='lat' dir='ltr'>in</span> <span class='ocrx_word' id='word_1_235' title='bbox 690 1954 889 2025; x_wconf 78' lang='lat' dir='ltr'>probationem</span> <span class='ocrx_word' id='word_1_236' title='bbox 906 1955 954 2009; x_wconf 90' lang='lat' dir='ltr'>ob-</span> <span class='ocrx_word' id='word_1_237' title='bbox 1002 1959 1038 2013; x_wconf 91' lang='lat' dir='ltr'>tis</span> <span class='ocrx_word' id='word_1_238' title='bbox 1049 1958 1181 2029; x_wconf 89' lang='lat' dir='ltr'>episcopi,</span> <span class='ocrx_word' id='word_1_239' title='bbox 1192 1957 1285 2012; x_wconf 88' lang='lat' dir='ltr'>nescio</span> <span class='ocrx_word' id='word_1_240' title='bbox 1298 1973 1385 2028; x_wconf 88' lang='lat' dir='ltr'>quem</span> <span class='ocrx_word' id='word_1_241' title='bbox 1396 1956 1425 2011; x_wconf 94' lang='lat' dir='ltr'>in</span> <span class='ocrx_word' id='word_1_242' title='bbox 1437 1957 1532 2011; x_wconf 88' lang='lat' dir='ltr'>aliena</span> <span class='ocrx_word' id='word_1_243' title='bbox 1546 1958 1700 2028; x_wconf 87' lang='lat' dir='ltr'>provincia</span> <span class='ocrx_word' id='word_1_244' title='bbox 1710 1964 1805 2030; x_wconf 78' lang='lat' dir='ltr'>prater-</span> 
     </span>
     <span class='ocr_line' id='line_1_20' title="bbox 134 2047 1807 2122; baseline 0.002 -19"><span class='ocrx_word' id='word_1_245' title='bbox 134 2048 217 2118; x_wconf 84' lang='lat' dir='ltr'>jcctae</span> <span class='ocrx_word' id='word_1_246' title='bbox 232 2047 272 2101; x_wconf 89' lang='lat' dir='ltr'>rei</span> <span class='ocrx_word' id='word_1_247' title='bbox 289 2050 368 2118; x_wconf 88' lang='lat' dir='ltr'>gesta</span> <span class='ocrx_word' id='word_1_248' title='bbox 382 2048 529 2118; x_wconf 86' lang='lat' dir='ltr'>synodalia</span> <span class='ocrx_word' id='word_1_249' title='bbox 547 2047 735 2119; x_wconf 86' lang='lat' dir='ltr'>proferentes,</span> <span class='ocrx_word' id='word_1_250' title='bbox 751 2052 778 2102; x_wconf 89' lang='lat' dir='ltr'>et</span> <span class='ocrx_word' id='word_1_251' title='bbox 796 2047 954 2102; x_wconf 88' lang='lat' dir='ltr'>commissis</span> <span class='ocrx_word' id='word_1_252' title='bbox 1003 2052 1089 2107; x_wconf 89' lang='lat' dir='ltr'>misso</span> <span class='ocrx_word' id='word_1_253' title='bbox 1106 2051 1335 2122; x_wconf 88' lang='lat' dir='ltr'>metropolitano,</span> <span class='ocrx_word' id='word_1_254' title='bbox 1351 2056 1451 2105; x_wconf 90' lang='lat' dir='ltr'>contra</span> <span class='ocrx_word' id='word_1_255' title='bbox 1472 2052 1590 2106; x_wconf 87' lang='lat' dir='ltr'>Petrum</span> <span class='ocrx_word' id='word_1_256' title='bbox 1612 2053 1730 2122; x_wconf 91' lang='lat' dir='ltr'>regulas</span> <span class='ocrx_word' id='word_1_257' title='bbox 1746 2052 1807 2107; x_wconf 90' lang='lat' dir='ltr'>ordi·</span> 
     </span>
     <span class='ocr_line' id='line_1_21' title="bbox 138 2139 1832 2217; baseline 0.002 -22"><span class='ocrx_word' id='word_1_258' title='bbox 138 2141 299 2195; x_wconf 84' lang='lat' dir='ltr'>involutum</span> <span class='ocrx_word' id='word_1_259' title='bbox 313 2139 430 2212; x_wconf 89' lang='lat' dir='ltr'>indique</span> <span class='ocrx_word' id='word_1_260' title='bbox 440 2140 555 2210; x_wconf 87' lang='lat' dir='ltr'>flagitiis</span> <span class='ocrx_word' id='word_1_261' title='bbox 568 2139 679 2195; x_wconf 92' lang='lat' dir='ltr'>nullum</span> <span class='ocrx_word' id='word_1_262' title='bbox 694 2157 760 2195; x_wconf 88' lang='lat' dir='ltr'>eum</span> <span class='ocrx_word' id='word_1_263' title='bbox 771 2140 900 2196; x_wconf 90' lang='lat' dir='ltr'>sanitatis</span> <span class='ocrx_word' id='word_1_264' title='bbox 908 2142 955 2196; x_wconf 90' lang='lat' dir='ltr'>ha·</span> <span class='ocrx_word' id='word_1_265' title='bbox 1004 2160 1096 2200; x_wconf 88' lang='lat' dir='ltr'>nasse.</span> <span class='ocrx_word' id='word_1_266' title='bbox 1113 2143 1195 2210; x_wconf 84' lang='lat' dir='ltr'>Quod</span> <span class='ocrx_word' id='word_1_267' title='bbox 1211 2160 1392 2216; x_wconf 88' lang='lat' dir='ltr'>nequaquam</span> <span class='ocrx_word' id='word_1_268' title='bbox 1413 2144 1653 2215; x_wconf 88' lang='lat' dir='ltr'>possumusferre</span> <span class='ocrx_word' id='word_1_269' title='bbox 1664 2147 1803 2217; x_wconf 63' lang='lat' dir='ltr'>patientem</span> <span class='ocrx_word' id='word_1_270' title='bbox 1829 2185 1832 2189; x_wconf 73' lang='lat'><strong>·</strong></span> 
     </span>
     <span class='ocr_line' id='line_1_22' title="bbox 137 2233 1805 2310; baseline 0.002 -22"><span class='ocrx_word' id='word_1_271' title='bbox 137 2234 231 2288; x_wconf 89' lang='lat' dir='ltr'>huisse</span> <span class='ocrx_word' id='word_1_272' title='bbox 245 2237 416 2304; x_wconf 89' lang='lat' dir='ltr'>respectum,</span> <span class='ocrx_word' id='word_1_273' title='bbox 433 2233 623 2306; x_wconf 84' lang='lat' dir='ltr'>quemiurore</span> <span class='ocrx_word' id='word_1_274' title='bbox 636 2250 686 2288; x_wconf 91' lang='lat' dir='ltr'>suo</span> <span class='ocrx_word' id='word_1_275' title='bbox 698 2237 726 2288; x_wconf 89' lang='lat' dir='ltr'>et</span> <span class='ocrx_word' id='word_1_276' title='bbox 738 2234 954 2290; x_wconf 91' lang='lat' dir='ltr'>insanatemeri-</span> <span class='ocrx_word' id='word_1_277' title='bbox 1004 2239 1070 2310; x_wconf 88' lang='lat' dir='ltr'>quia</span> <span class='ocrx_word' id='word_1_278' title='bbox 1084 2237 1215 2292; x_wconf 79' lang='lat' dir='ltr'>convenit</span> <span class='ocrx_word' id='word_1_279' title='bbox 1227 2254 1280 2292; x_wconf 94' lang='lat' dir='ltr'>nos</span> <span class='ocrx_word' id='word_1_280' title='bbox 1294 2242 1479 2308; x_wconf 77' lang='lat' dir='ltr'>paternarum</span> <span class='ocrx_word' id='word_1_281' title='bbox 1494 2238 1678 2293; x_wconf 89' lang='lat' dir='ltr'>sanctionum</span> <span class='ocrx_word' id='word_1_282' title='bbox 1693 2254 1748 2294; x_wconf 84' lang='lat' dir='ltr'>esse</span> <span class='ocrx_word' id='word_1_283' title='bbox 1759 2238 1805 2292; x_wconf 81' lang='lat' dir='ltr'>dili</span> 
     </span>
     <span class='ocr_line' id='line_1_23' title="bbox 138 2327 1804 2404; baseline 0.003 -23"><span class='ocrx_word' id='word_1_284' title='bbox 138 2330 197 2382; x_wconf 89' lang='lat' dir='ltr'>tate</span> <span class='ocrx_word' id='word_1_285' title='bbox 212 2327 249 2381; x_wconf 89' lang='lat' dir='ltr'>ad</span> <span class='ocrx_word' id='word_1_286' title='bbox 264 2327 441 2382; x_wconf 83' lang='lat' dir='ltr'>saecularium</span> <span class='ocrx_word' id='word_1_287' title='bbox 456 2343 569 2399; x_wconf 89' lang='lat' dir='ltr'>quoque</span> <span class='ocrx_word' id='word_1_288' title='bbox 581 2327 712 2398; x_wconf 87' lang='lat' dir='ltr'>judicum</span> <span class='ocrx_word' id='word_1_289' title='bbox 724 2327 875 2383; x_wconf 90' lang='lat' dir='ltr'>tribunalia</span> <span class='ocrx_word' id='word_1_290' title='bbox 887 2329 954 2383; x_wconf 91' lang='lat' dir='ltr'>sub·</span> <span class='ocrx_word' id='word_1_291' title='bbox 1005 2337 1103 2404; x_wconf 85' lang='lat' dir='ltr'>gentes</span> <span class='ocrx_word' id='word_1_292' title='bbox 1132 2333 1271 2386; x_wconf 89' lang='lat' dir='ltr'>custodes.</span> <span class='ocrx_word' id='word_1_293' title='bbox 1298 2330 1373 2386; x_wconf 91' lang='lat' dir='ltr'>Nulli</span> <span class='ocrx_word' id='word_1_294' title='bbox 1400 2331 1507 2385; x_wconf 87' lang='lat' dir='ltr'>etenim</span> <span class='ocrx_word' id='word_1_295' title='bbox 1534 2332 1648 2387; x_wconf 85' lang='lat' dir='ltr'>ridetur</span> <span class='ocrx_word' id='word_1_296' title='bbox 1677 2332 1804 2403; x_wconf 82' lang='lat' dir='ltr'>incognita</span> 
     </span>
     <span class='ocr_line' id='line_1_24' title="bbox 138 2420 1803 2498; baseline 0.003 -23"><span class='ocrx_word' id='word_1_297' title='bbox 138 2421 231 2476; x_wconf 90' lang='lat' dir='ltr'>ditum</span> <span class='ocrx_word' id='word_1_298' title='bbox 248 2420 409 2492; x_wconf 89' lang='lat' dir='ltr'>quaestioni,</span> <span class='ocrx_word' id='word_1_299' title='bbox 425 2421 500 2492; x_wconf 91' lang='lat' dir='ltr'>quod</span> <span class='ocrx_word' id='word_1_300' title='bbox 521 2421 550 2475; x_wconf 92' lang='lat' dir='ltr'>in</span> <span class='ocrx_word' id='word_1_301' title='bbox 570 2421 616 2475; x_wconf 91' lang='lat' dir='ltr'>vili</span> <span class='ocrx_word' id='word_1_302' title='bbox 633 2437 746 2493; x_wconf 89' lang='lat' dir='ltr'>quoque</span> <span class='ocrx_word' id='word_1_303' title='bbox 760 2437 879 2493; x_wconf 86' lang='lat' dir='ltr'>persona</span> <span class='ocrx_word' id='word_1_304' title='bbox 894 2425 953 2476; x_wconf 90' lang='lat' dir='ltr'>tur·</span> <span class='ocrx_word' id='word_1_305' title='bbox 1004 2426 1104 2498; x_wconf 85' lang='lat' dir='ltr'>synodi</span> <span class='ocrx_word' id='word_1_306' title='bbox 1118 2425 1281 2481; x_wconf 86' lang='lat' dir='ltr'>constitutio</span> <span class='ocrx_word' id='word_1_307' title='bbox 1297 2425 1428 2494; x_wconf 79' lang='lat' dir='ltr'>Nioaenae,</span> <span class='ocrx_word' id='word_1_308' title='bbox 1441 2441 1506 2495; x_wconf 79' lang='lat' dir='ltr'>qun</span> <span class='ocrx_word' id='word_1_309' title='bbox 1519 2424 1558 2479; x_wconf 90' lang='lat' dir='ltr'>ita</span> <span class='ocrx_word' id='word_1_310' title='bbox 1571 2426 1719 2497; x_wconf 70' lang='lat' dir='ltr'>precepit,</span> <span class='ocrx_word' id='word_1_311' title='bbox 1732 2430 1760 2480; x_wconf 88' lang='lat' dir='ltr'>ut</span> <span class='ocrx_word' id='word_1_312' title='bbox 1770 2442 1803 2480; x_wconf 78' lang='lat' dir='ltr'>oa</span> 
     </span>
     <span class='ocr_line' id='line_1_25' title="bbox 138 2514 1803 2591; baseline 0.003 -22"><span class='ocrx_word' id='word_1_313' title='bbox 138 2514 288 2587; x_wconf 89' lang='lat' dir='ltr'>pissimum</span> <span class='ocrx_word' id='word_1_314' title='bbox 315 2519 357 2570; x_wconf 91' lang='lat' dir='ltr'>est</span> <span class='ocrx_word' id='word_1_315' title='bbox 380 2514 537 2584; x_wconf 87' lang='lat' dir='ltr'>objicerent</span> <span class='ocrx_word' id='word_1_316' title='bbox 560 2514 729 2586; x_wconf 89' lang='lat' dir='ltr'>pervenisse,</span> <span class='ocrx_word' id='word_1_317' title='bbox 757 2517 787 2569; x_wconf 91' lang='lat' dir='ltr'>et</span> <span class='ocrx_word' id='word_1_318' title='bbox 807 2514 955 2570; x_wconf 92' lang='lat' dir='ltr'>homicidii</span> <span class='ocrx_word' id='word_1_319' title='bbox 1005 2519 1070 2575; x_wconf 87' lang='lat' dir='ltr'>dem</span> <span class='ocrx_word' id='word_1_320' title='bbox 1081 2519 1194 2590; x_wconf 89' lang='lat' dir='ltr'>proprie</span> <span class='ocrx_word' id='word_1_321' title='bbox 1203 2519 1445 2590; x_wconf 86' lang='lat' dir='ltr'>verhaponamus.</span> <span class='ocrx_word' id='word_1_322' title='bbox 1455 2519 1803 2591; x_wconf 84' lang='lat' dir='ltr'>Perunamquamquepro</span> 
     </span>
     <span class='ocr_line' id='line_1_26' title="bbox 139 2608 1801 2682; baseline 0.002 -19"><span class='ocrx_word' id='word_1_323' title='bbox 139 2608 308 2663; x_wconf 88' lang='lat' dir='ltr'>damnatum</span> <span class='ocrx_word' id='word_1_324' title='bbox 325 2613 465 2678; x_wconf 89' lang='lat' dir='ltr'>asserunt,</span> <span class='ocrx_word' id='word_1_325' title='bbox 481 2608 565 2679; x_wconf 89' lang='lat' dir='ltr'>gestis</span> <span class='ocrx_word' id='word_1_326' title='bbox 582 2608 702 2680; x_wconf 91' lang='lat' dir='ltr'>prolatis</span> <span class='ocrx_word' id='word_1_327' title='bbox 721 2608 749 2663; x_wconf 96' lang='lat' dir='ltr'>in</span> <span class='ocrx_word' id='word_1_328' title='bbox 766 2608 907 2663; x_wconf 92' lang='lat' dir='ltr'>modium.</span> <span class='ocrx_word' id='word_1_329' title='bbox 922 2611 956 2665; x_wconf 81' lang='lat' dir='ltr'>ut</span> <span class='ocrx_word' id='word_1_330' title='bbox 1003 2611 1126 2667; x_wconf 84' lang='lat' dir='ltr'>vinciam</span> <span class='ocrx_word' id='word_1_331' title='bbox 1142 2611 1190 2682; x_wconf 88' lang='lat' dir='ltr'>jus</span> <span class='ocrx_word' id='word_1_332' title='bbox 1204 2611 1440 2682; x_wconf 89' lang='lat' dir='ltr'>metropolitanos</span> <span class='ocrx_word' id='word_1_333' title='bbox 1450 2611 1577 2681; x_wconf 91' lang='lat' dir='ltr'>singulos</span> <span class='ocrx_word' id='word_1_334' title='bbox 1587 2611 1694 2668; x_wconf 82' lang='lat' dir='ltr'>habere</span> <span class='ocrx_word' id='word_1_335' title='bbox 1707 2612 1801 2678; x_wconf 84' lang='lat' dir='ltr'>debere,</span> 
     </span>
     <span class='ocr_line' id='line_1_27' title="bbox 138 2702 1803 2776; baseline -0.001 -18"><span class='ocrx_word' id='word_1_336' title='bbox 138 2704 215 2758; x_wconf 93' lang='lat' dir='ltr'>hunc</span> <span class='ocrx_word' id='word_1_337' title='bbox 229 2704 327 2770; x_wconf 88' lang='lat' dir='ltr'>talem,</span> <span class='ocrx_word' id='word_1_338' title='bbox 345 2706 410 2775; x_wconf 90' lang='lat' dir='ltr'>post</span> <span class='ocrx_word' id='word_1_339' title='bbox 431 2706 510 2757; x_wconf 86' lang='lat' dir='ltr'>tanta</span> <span class='ocrx_word' id='word_1_340' title='bbox 533 2702 656 2773; x_wconf 88' lang='lat' dir='ltr'>taliaque</span> <span class='ocrx_word' id='word_1_341' title='bbox 680 2702 838 2773; x_wconf 90' lang='lat' dir='ltr'>commissa,</span> <span class='ocrx_word' id='word_1_342' title='bbox 852 2703 955 2774; x_wconf 90' lang='lat' dir='ltr'>episco·</span> <span class='ocrx_word' id='word_1_343' title='bbox 1005 2722 1058 2760; x_wconf 92' lang='lat' dir='ltr'>nec</span> <span class='ocrx_word' id='word_1_344' title='bbox 1069 2705 1202 2776; x_wconf 89' lang='lat' dir='ltr'>cuiquam</span> <span class='ocrx_word' id='word_1_345' title='bbox 1213 2703 1285 2759; x_wconf 90' lang='lat' dir='ltr'>duas</span> <span class='ocrx_word' id='word_1_346' title='bbox 1292 2721 1351 2759; x_wconf 90' lang='grc' dir='ltr'>εεεε</span> <span class='ocrx_word' id='word_1_347' title='bbox 1361 2720 1443 2776; x_wconf 88' lang='lat' dir='ltr'>posse</span> <span class='ocrx_word' id='word_1_348' title='bbox 1452 2705 1601 2774; x_wconf 88' lang='lat' dir='ltr'>subjectas,</span> <span class='ocrx_word' id='word_1_349' title='bbox 1613 2706 1693 2776; x_wconf 90' lang='lat' dir='ltr'>quod</span> <span class='ocrx_word' id='word_1_350' title='bbox 1703 2705 1740 2759; x_wconf 90' lang='lat' dir='ltr'>illi</span> <span class='ocrx_word' id='word_1_351' title='bbox 1749 2704 1803 2776; x_wconf 84' lang='lat' dir='ltr'>quia</span> 
     </span>
     <span class='ocr_line' id='line_1_28' title="bbox 137 2795 1802 2870; baseline 0 -19"><span class='ocrx_word' id='word_1_352' title='bbox 137 2800 220 2869; x_wconf 91' lang='lat' dir='ltr'>patus</span> <span class='ocrx_word' id='word_1_353' title='bbox 233 2797 325 2851; x_wconf 89' lang='lat' dir='ltr'>adhuc</span> <span class='ocrx_word' id='word_1_354' title='bbox 343 2796 394 2851; x_wconf 92' lang='lat' dir='ltr'>sibi</span> <span class='ocrx_word' id='word_1_355' title='bbox 412 2813 517 2851; x_wconf 88' lang='lat' dir='ltr'>nomen</span> <span class='ocrx_word' id='word_1_356' title='bbox 535 2796 565 2850; x_wconf 92' lang='lat' dir='ltr'>in</span> <span class='ocrx_word' id='word_1_357' title='bbox 582 2795 640 2850; x_wconf 93' lang='lat' dir='ltr'>suis</span> <span class='ocrx_word' id='word_1_358' title='bbox 658 2795 781 2851; x_wconf 80' lang='lat' dir='ltr'>latibulis</span> <span class='ocrx_word' id='word_1_359' title='bbox 794 2797 953 2867; x_wconf 88' lang='lat' dir='ltr'>vendicare,</span> <span class='ocrx_word' id='word_1_360' title='bbox 1004 2799 1085 2854; x_wconf 89' lang='lat' dir='ltr'>aliter</span> <span class='ocrx_word' id='word_1_361' title='bbox 1105 2797 1281 2853; x_wconf 91' lang='lat' dir='ltr'>credendum</span> <span class='ocrx_word' id='word_1_362' title='bbox 1306 2814 1363 2852; x_wconf 94' lang='lat' dir='ltr'>non</span> <span class='ocrx_word' id='word_1_363' title='bbox 1384 2806 1435 2865; x_wconf 89' lang='lat' dir='ltr'>est,</span> <span class='ocrx_word' id='word_1_364' title='bbox 1450 2799 1633 2865; x_wconf 80' lang='lat' dir='ltr'>servandum,</span> <span class='ocrx_word' id='word_1_365' title='bbox 1650 2805 1740 2854; x_wconf 87' lang='lat' dir='ltr'>sancto</span> <span class='ocrx_word' id='word_1_366' title='bbox 1751 2797 1802 2870; x_wconf 89' lang='lat' dir='ltr'>Spi-</span> 
     </span>
     <span class='ocr_line' id='line_1_29' title="bbox 139 2889 1803 2963; baseline 0.001 -19"><span class='ocrx_word' id='word_1_367' title='bbox 139 2891 168 2944; x_wconf 91' lang='lat' dir='ltr'>in</span> <span class='ocrx_word' id='word_1_368' title='bbox 184 2889 307 2962; x_wconf 82' lang='lat' dir='ltr'>propriae</span> <span class='ocrx_word' id='word_1_369' title='bbox 322 2889 443 2945; x_wconf 84' lang='lat' dir='ltr'>civitatis</span> <span class='ocrx_word' id='word_1_370' title='bbox 458 2890 606 2945; x_wconf 82' lang='lat' dir='ltr'>infamiam</span> <span class='ocrx_word' id='word_1_371' title='bbox 621 2889 717 2944; x_wconf 89' lang='lat' dir='ltr'>nimiis</span> <span class='ocrx_word' id='word_1_372' title='bbox 731 2889 877 2945; x_wconf 91' lang='lat' dir='ltr'>doloribus</span> <span class='ocrx_word' id='word_1_373' title='bbox 892 2907 956 2945; x_wconf 91' lang='lat' dir='ltr'>con·</span> <span class='ocrx_word' id='word_1_374' title='bbox 1004 2892 1061 2948; x_wconf 90' lang='lat' dir='ltr'>ritu</span> <span class='ocrx_word' id='word_1_375' title='bbox 1080 2894 1264 2963; x_wconf 83' lang='lat' dir='ltr'>suggerente,</span> <span class='ocrx_word' id='word_1_376' title='bbox 1285 2891 1399 2945; x_wconf 86' lang='lat' dir='ltr'>sibimet</span> <span class='ocrx_word' id='word_1_377' title='bbox 1421 2895 1605 2946; x_wconf 87' lang='lat' dir='ltr'>censuerunt.</span> <span class='ocrx_word' id='word_1_378' title='bbox 1625 2892 1715 2958; x_wconf 89' lang='lat' dir='ltr'>Unde,</span> <span class='ocrx_word' id='word_1_379' title='bbox 1731 2893 1803 2948; x_wconf 85' lang='lat' dir='ltr'>frater</span> 
     </span>
     <span class='ocr_line' id='line_1_30' title="bbox 139 2983 1801 3056; baseline -0.001 -18"><span class='ocrx_word' id='word_1_380' title='bbox 139 2987 307 3056; x_wconf 86' lang='lat' dir='ltr'>querentur,</span> <span class='ocrx_word' id='word_1_381' title='bbox 324 2989 352 3038; x_wconf 90' lang='lat' dir='ltr'>ct</span> <span class='ocrx_word' id='word_1_382' title='bbox 369 2986 496 3038; x_wconf 87' lang='lat' dir='ltr'>sanctum</span> <span class='ocrx_word' id='word_1_383' title='bbox 510 3000 617 3038; x_wconf 92' lang='lat' dir='ltr'>nomen</span> <span class='ocrx_word' id='word_1_384' title='bbox 634 2983 804 3039; x_wconf 88' lang='lat' dir='ltr'>vindicando</span> <span class='ocrx_word' id='word_1_385' title='bbox 819 2983 872 3039; x_wconf 89' lang='lat' dir='ltr'>sihi</span> <span class='ocrx_word' id='word_1_386' title='bbox 886 2984 956 3039; x_wconf 88' lang='lat' dir='ltr'>velle</span> <span class='ocrx_word' id='word_1_387' title='bbox 1006 2985 1181 3053; x_wconf 91' lang='lat' dir='ltr'>charissime,</span> <span class='ocrx_word' id='word_1_388' title='bbox 1193 2985 1215 3038; x_wconf 93' lang='lat' dir='ltr'>si</span> <span class='ocrx_word' id='word_1_389' title='bbox 1226 2984 1264 3038; x_wconf 90' lang='lat' dir='ltr'>ita</span> <span class='ocrx_word' id='word_1_390' title='bbox 1275 3001 1320 3039; x_wconf 88' lang='lat' dir='ltr'>res</span> <span class='ocrx_word' id='word_1_391' title='bbox 1333 2988 1408 3051; x_wconf 92' lang='lat' dir='ltr'>sunt,</span> <span class='ocrx_word' id='word_1_392' title='bbox 1420 2988 1448 3039; x_wconf 86' lang='lat' dir='ltr'>at</span> <span class='ocrx_word' id='word_1_393' title='bbox 1458 2984 1614 3039; x_wconf 84' lang='lat' dir='ltr'>Ecclesiam</span> <span class='ocrx_word' id='word_1_394' title='bbox 1630 2985 1801 3056; x_wconf 82' lang='lat' dir='ltr'>supradictam</span> 
     </span>
     <span class='ocr_line' id='line_1_31' title="bbox 139 3077 1802 3151; baseline -0.001 -18"><span class='ocrx_word' id='word_1_395' title='bbox 139 3078 278 3151; x_wconf 84' lang='lat' dir='ltr'>polluere.</span> <span class='ocrx_word' id='word_1_396' title='bbox 291 3078 537 3149; x_wconf 86' lang='lat' dir='ltr'>ldeoqua,lratres</span> <span class='ocrx_word' id='word_1_397' title='bbox 551 3077 719 3145; x_wconf 90' lang='lat' dir='ltr'>charissimi,</span> <span class='ocrx_word' id='word_1_398' title='bbox 736 3077 786 3149; x_wconf 90' lang='lat' dir='ltr'>qui</span> <span class='ocrx_word' id='word_1_399' title='bbox 799 3077 956 3133; x_wconf 88' lang='lat' dir='ltr'>audiendus</span> <span class='ocrx_word' id='word_1_400' title='bbox 1007 3078 1159 3150; x_wconf 74' lang='lat' dir='ltr'>provinciae</span> <span class='ocrx_word' id='word_1_401' title='bbox 1183 3082 1237 3132; x_wconf 82' lang='lat' dir='ltr'>tute</span> <span class='ocrx_word' id='word_1_402' title='bbox 1264 3078 1345 3132; x_wconf 89' lang='lat' dir='ltr'>limes</span> <span class='ocrx_word' id='word_1_403' title='bbox 1367 3077 1505 3142; x_wconf 90' lang='lat' dir='ltr'>includit,</span> <span class='ocrx_word' id='word_1_404' title='bbox 1528 3081 1627 3131; x_wconf 88' lang='lat' dir='ltr'>nostra</span> <span class='ocrx_word' id='word_1_405' title='bbox 1656 3079 1802 3133; x_wconf 83' lang='lat' dir='ltr'>auctoritate</span> 
     </span>
     <span class='ocr_line' id='line_1_32' title="bbox 139 3171 1803 3243; baseline -0.002 -16"><span class='ocrx_word' id='word_1_406' title='bbox 139 3172 185 3227; x_wconf 92' lang='lat' dir='ltr'>hic</span> <span class='ocrx_word' id='word_1_407' title='bbox 203 3175 375 3243; x_wconf 86' lang='lat' dir='ltr'>praesentarc</span> <span class='ocrx_word' id='word_1_408' title='bbox 396 3187 425 3226; x_wconf 90' lang='lat' dir='ltr'>se</span> <span class='ocrx_word' id='word_1_409' title='bbox 448 3171 598 3238; x_wconf 71' lang='lat' dir='ltr'>noluitne</span> <span class='ocrx_word' id='word_1_410' title='bbox 619 3171 762 3226; x_wconf 86' lang='lat' dir='ltr'>convictus</span> <span class='ocrx_word' id='word_1_411' title='bbox 782 3171 903 3226; x_wconf 85' lang='lat' dir='ltr'>forsitan</span> <span class='ocrx_word' id='word_1_412' title='bbox 919 3171 955 3226; x_wconf 91' lang='lat' dir='ltr'>ab</span> <span class='ocrx_word' id='word_1_413' title='bbox 1006 3171 1193 3240; x_wconf 88' lang='lat' dir='ltr'>communias,</span> <span class='ocrx_word' id='word_1_414' title='bbox 1209 3171 1284 3242; x_wconf 88' lang='lat' dir='ltr'>quod</span> <span class='ocrx_word' id='word_1_415' title='bbox 1299 3171 1413 3242; x_wconf 86' lang='lat' dir='ltr'>quidem</span> <span class='ocrx_word' id='word_1_416' title='bbox 1425 3171 1518 3226; x_wconf 87' lang='lat' dir='ltr'>facere</span> <span class='ocrx_word' id='word_1_417' title='bbox 1530 3175 1633 3241; x_wconf 87' lang='lat' dir='ltr'>sponte</span> <span class='ocrx_word' id='word_1_418' title='bbox 1648 3171 1803 3226; x_wconf 79' lang='lat' dir='ltr'>deberesdc·</span> 
     </span>
     <span class='ocr_line' id='line_1_33' title="bbox 139 3261 1801 3337; baseline -0.002 -16"><span class='ocrx_word' id='word_1_419' title='bbox 139 3265 336 3321; x_wconf 88' lang='lat' dir='ltr'>accusantibus</span> <span class='ocrx_word' id='word_1_420' title='bbox 356 3282 385 3319; x_wconf 91' lang='lat' dir='ltr'>se</span> <span class='ocrx_word' id='word_1_421' title='bbox 412 3265 520 3320; x_wconf 91' lang='lat' dir='ltr'>clericis</span> <span class='ocrx_word' id='word_1_422' title='bbox 541 3268 636 3337; x_wconf 91' lang='lat' dir='ltr'>posset</span> <span class='ocrx_word' id='word_1_423' title='bbox 657 3264 745 3335; x_wconf 87' lang='lat' dir='ltr'>digna</span> <span class='ocrx_word' id='word_1_424' title='bbox 765 3263 883 3319; x_wconf 90' lang='lat' dir='ltr'>tandem</span> <span class='ocrx_word' id='word_1_425' title='bbox 903 3265 954 3319; x_wconf 86' lang='lat' dir='ltr'>afi-</span> <span class='ocrx_word' id='word_1_426' title='bbox 1006 3265 1116 3321; x_wconf 89' lang='lat' dir='ltr'>sideriis</span> <span class='ocrx_word' id='word_1_427' title='bbox 1143 3265 1365 3336; x_wconf 89' lang='lat' dir='ltr'>supplicantium</span> <span class='ocrx_word' id='word_1_428' title='bbox 1390 3269 1418 3318; x_wconf 90' lang='lat' dir='ltr'>et</span> <span class='ocrx_word' id='word_1_429' title='bbox 1443 3264 1588 3319; x_wconf 80' lang='lat' dir='ltr'>voluntate</span> <span class='ocrx_word' id='word_1_430' title='bbox 1612 3268 1745 3336; x_wconf 86' lang='lat' dir='ltr'>respecta.</span> <span class='ocrx_word' id='word_1_431' title='bbox 1770 3261 1801 3318; x_wconf 81' lang='lat' dir='ltr'>ed</span> 
     </span>
     <span class='ocr_line' id='line_1_34' title="bbox 139 3356 1802 3432; baseline -0.002 -17"><span class='ocrx_word' id='word_1_432' title='bbox 139 3360 255 3432; x_wconf 89' lang='lat' dir='ltr'>quando</span> <span class='ocrx_word' id='word_1_433' title='bbox 268 3363 457 3431; x_wconf 88' lang='lat' dir='ltr'>praesentatus</span> <span class='ocrx_word' id='word_1_434' title='bbox 469 3358 621 3430; x_wconf 90' lang='lat' dir='ltr'>episcopali</span> <span class='ocrx_word' id='word_1_435' title='bbox 627 3358 736 3429; x_wconf 90' lang='lat' dir='ltr'>judicio</span> <span class='ocrx_word' id='word_1_436' title='bbox 748 3358 957 3430; x_wconf 90' lang='lat' dir='ltr'>pronuntiatio·</span> <span class='ocrx_word' id='word_1_437' title='bbox 1007 3359 1141 3415; x_wconf 87' lang='lat' dir='ltr'>eumdem</span> <span class='ocrx_word' id='word_1_438' title='bbox 1155 3359 1249 3413; x_wconf 91' lang='lat' dir='ltr'>locum</span> <span class='ocrx_word' id='word_1_439' title='bbox 1269 3359 1299 3412; x_wconf 93' lang='lat' dir='ltr'>in</span> <span class='ocrx_word' id='word_1_440' title='bbox 1322 3374 1378 3429; x_wconf 93' lang='lat' dir='ltr'>quo</span> <span class='ocrx_word' id='word_1_441' title='bbox 1396 3357 1536 3412; x_wconf 90' lang='lat' dir='ltr'>ordinatio</span> <span class='ocrx_word' id='word_1_442' title='bbox 1549 3357 1615 3412; x_wconf 90' lang='lat' dir='ltr'>talis</span> <span class='ocrx_word' id='word_1_443' title='bbox 1629 3358 1763 3413; x_wconf 83' lang='lat' dir='ltr'>celebrata</span> <span class='ocrx_word' id='word_1_444' title='bbox 1773 3356 1802 3411; x_wconf 92' lang='lat' dir='ltr'>di·</span> 
     </span>
     <span class='ocr_line' id='line_1_35' title="bbox 140 3450 1802 3524; baseline -0.004 -15"><span class='ocrx_word' id='word_1_445' title='bbox 140 3455 183 3509; x_wconf 93' lang='lat' dir='ltr'>nis</span> <span class='ocrx_word' id='word_1_446' title='bbox 205 3470 339 3524; x_wconf 83' lang='lat' dir='ltr'>congruae</span> <span class='ocrx_word' id='word_1_447' title='bbox 362 3453 440 3508; x_wconf 86' lang='lat' dir='ltr'>feriri</span> <span class='ocrx_word' id='word_1_448' title='bbox 463 3453 612 3522; x_wconf 88' lang='lat' dir='ltr'>sententia,</span> <span class='ocrx_word' id='word_1_449' title='bbox 636 3468 810 3523; x_wconf 89' lang='lat' dir='ltr'>quamquam</span> <span class='ocrx_word' id='word_1_450' title='bbox 833 3452 873 3506; x_wconf 92' lang='lat' dir='ltr'>illi</span> <span class='ocrx_word' id='word_1_451' title='bbox 896 3453 956 3508; x_wconf 74' lang='lat' dir='ltr'>heac</span> <span class='ocrx_word' id='word_1_452' title='bbox 1007 3452 1528 3523; x_wconf 86' lang='lat' dir='ltr'>citur,mctropofitanijuremunitus</span> <span class='ocrx_word' id='word_1_453' title='bbox 1542 3450 1802 3523; x_wconf 84' lang='lat' dir='ltr'>etpraeceptionibus</span> 
     </span>
     <span class='ocr_line' id='line_1_36' title="bbox 139 3545 1800 3618; baseline -0.004 -16"><span class='ocrx_word' id='word_1_454' title='bbox 139 3549 238 3602; x_wconf 86' lang='lat' dir='ltr'>edocta</span> <span class='ocrx_word' id='word_1_455' title='bbox 248 3547 355 3602; x_wconf 87' lang='lat' dir='ltr'>fuerint</span> <span class='ocrx_word' id='word_1_456' title='bbox 369 3563 432 3618; x_wconf 83' lang='lat' dir='ltr'>quae</span> <span class='ocrx_word' id='word_1_457' title='bbox 445 3549 539 3618; x_wconf 91' lang='lat' dir='ltr'>potest</span> <span class='ocrx_word' id='word_1_458' title='bbox 547 3546 631 3617; x_wconf 85' lang='lat' dir='ltr'>hujus</span> <span class='ocrx_word' id='word_1_459' title='bbox 642 3545 767 3600; x_wconf 90' lang='lat' dir='ltr'>nominis</span> <span class='ocrx_word' id='word_1_460' title='bbox 778 3563 837 3602; x_wconf 89' lang='lat' dir='ltr'>esso</span> <span class='ocrx_word' id='word_1_461' title='bbox 845 3547 957 3617; x_wconf 86' lang='lat' dir='ltr'>jactura</span> <span class='ocrx_word' id='word_1_462' title='bbox 1006 3545 1328 3614; x_wconf 83' lang='lat' dir='ltr'>nost1·isfretus,accede</span> <span class='ocrx_word' id='word_1_463' title='bbox 1345 3545 1505 3615; x_wconf 88' lang='lat' dir='ltr'>intelligens</span> <span class='ocrx_word' id='word_1_464' title='bbox 1522 3545 1643 3600; x_wconf 86' lang='lat' dir='ltr'>arbitrio</span> <span class='ocrx_word' id='word_1_465' title='bbox 1658 3548 1706 3600; x_wconf 88' lang='lat' dir='ltr'>tuo</span> <span class='ocrx_word' id='word_1_466' title='bbox 1718 3559 1800 3599; x_wconf 89' lang='lat' dir='ltr'>sccun-</span> 
     </span>
     <span class='ocr_line' id='line_1_37' title="bbox 140 3638 1800 3713; baseline -0.004 -18"><span class='ocrx_word' id='word_1_467' title='bbox 140 3641 189 3713; x_wconf 93' lang='lat' dir='ltr'>qui</span> <span class='ocrx_word' id='word_1_468' title='bbox 202 3641 342 3712; x_wconf 89' lang='lat' dir='ltr'>pudorem</span> <span class='ocrx_word' id='word_1_469' title='bbox 357 3657 503 3712; x_wconf 90' lang='lat' dir='ltr'>nunquam</span> <span class='ocrx_word' id='word_1_470' title='bbox 516 3638 668 3694; x_wconf 89' lang='lat' dir='ltr'>sacerdotii</span> <span class='ocrx_word' id='word_1_471' title='bbox 681 3639 812 3695; x_wconf 84' lang='lat' dir='ltr'>habuisse</span> <span class='ocrx_word' id='word_1_472' title='bbox 825 3639 957 3711; x_wconf 88' lang='lat' dir='ltr'>perhibe·</span> <span class='ocrx_word' id='word_1_473' title='bbox 1007 3641 1076 3697; x_wconf 91' lang='lat' dir='ltr'>dum</span> <span class='ocrx_word' id='word_1_474' title='bbox 1098 3640 1213 3711; x_wconf 86' lang='lat' dir='ltr'>regulas</span> <span class='ocrx_word' id='word_1_475' title='bbox 1236 3641 1352 3693; x_wconf 84' lang='lat' dir='ltr'>Petrum</span> <span class='ocrx_word' id='word_1_476' title='bbox 1375 3655 1553 3709; x_wconf 73' lang='lat' dir='ltr'>quacunque</span> <span class='ocrx_word' id='word_1_477' title='bbox 1577 3639 1708 3694; x_wconf 86' lang='lat' dir='ltr'>facienda</span> <span class='ocrx_word' id='word_1_478' title='bbox 1724 3640 1800 3692; x_wconf 88' lang='lat' dir='ltr'>sunta</span> 
     </span>
     <span class='ocr_line' id='line_1_38' title="bbox 139 3732 1801 3805; baseline -0.004 -15"><span class='ocrx_word' id='word_1_479' title='bbox 139 3741 196 3804; x_wconf 88' lang='lat' dir='ltr'>tur,</span> <span class='ocrx_word' id='word_1_480' title='bbox 211 3739 239 3790; x_wconf 91' lang='lat' dir='ltr'>et</span> <span class='ocrx_word' id='word_1_481' title='bbox 253 3734 347 3789; x_wconf 89' lang='lat' dir='ltr'>locum</span> <span class='ocrx_word' id='word_1_482' title='bbox 361 3751 445 3789; x_wconf 90' lang='lat' dir='ltr'>suum</span> <span class='ocrx_word' id='word_1_483' title='bbox 455 3750 491 3788; x_wconf 93' lang='lat' dir='ltr'>ne</span> <span class='ocrx_word' id='word_1_484' title='bbox 501 3733 615 3789; x_wconf 90' lang='lat' dir='ltr'>modico</span> <span class='ocrx_word' id='word_1_485' title='bbox 633 3733 750 3805; x_wconf 89' lang='lat' dir='ltr'>quidem</span> <span class='ocrx_word' id='word_1_486' title='bbox 767 3736 893 3805; x_wconf 86' lang='lat' dir='ltr'>tempore</span> <span class='ocrx_word' id='word_1_487' title='bbox 907 3749 955 3789; x_wconf 90' lang='lat' dir='ltr'>cu·</span> <span class='ocrx_word' id='word_1_488' title='bbox 1007 3733 1088 3790; x_wconf 93' lang='lat' dir='ltr'>nobis</span> <span class='ocrx_word' id='word_1_489' title='bbox 1097 3749 1158 3789; x_wconf 89' lang='lat' dir='ltr'>esse</span> <span class='ocrx_word' id='word_1_490' title='bbox 1168 3749 1310 3799; x_wconf 88' lang='lat' dir='ltr'>concessa,</span> <span class='ocrx_word' id='word_1_491' title='bbox 1322 3732 1361 3786; x_wconf 89' lang='lat' dir='ltr'>ita</span> <span class='ocrx_word' id='word_1_492' title='bbox 1376 3735 1406 3785; x_wconf 91' lang='lat' dir='ltr'>ut</span> <span class='ocrx_word' id='word_1_493' title='bbox 1420 3732 1543 3802; x_wconf 88' lang='lat' dir='ltr'>peractis</span> <span class='ocrx_word' id='word_1_494' title='bbox 1557 3733 1701 3798; x_wconf 90' lang='lat' dir='ltr'>omnibus,</span> <span class='ocrx_word' id='word_1_495' title='bbox 1712 3735 1801 3802; x_wconf 79' lang='lat' dir='ltr'>aposto</span> 
     </span>
     <span class='ocr_line' id='line_1_39' title="bbox 140 3825 1799 3898; baseline -0.004 -15"><span class='ocrx_word' id='word_1_496' title='bbox 140 3829 266 3884; x_wconf 87' lang='lat' dir='ltr'>stodisse.</span> <span class='ocrx_word' id='word_1_497' title='bbox 279 3828 448 3883; x_wconf 87' lang='lat' dir='ltr'>Dilationem</span> <span class='ocrx_word' id='word_1_498' title='bbox 458 3831 571 3882; x_wconf 90' lang='lat' dir='ltr'>tantum</span> <span class='ocrx_word' id='word_1_499' title='bbox 583 3826 723 3897; x_wconf 89' lang='lat' dir='ltr'>dedimus,</span> <span class='ocrx_word' id='word_1_500' title='bbox 739 3830 767 3882; x_wconf 88' lang='lat' dir='ltr'>et</span> <span class='ocrx_word' id='word_1_501' title='bbox 781 3827 958 3882; x_wconf 84' lang='lat' dir='ltr'>decrevimus</span> <span class='ocrx_word' id='word_1_502' title='bbox 1006 3828 1069 3882; x_wconf 78' lang='lat' dir='ltr'>licre</span> <span class='ocrx_word' id='word_1_503' title='bbox 1082 3825 1142 3882; x_wconf 91' lang='lat' dir='ltr'>sedi</span> <span class='ocrx_word' id='word_1_504' title='bbox 1157 3825 1296 3898; x_wconf 90' lang='lat' dir='ltr'>quidquid</span> <span class='ocrx_word' id='word_1_505' title='bbox 1315 3825 1448 3879; x_wconf 86' lang='lat' dir='ltr'>statueris</span> <span class='ocrx_word' id='word_1_506' title='bbox 1468 3829 1496 3879; x_wconf 92' lang='lat' dir='ltr'>te</span> <span class='ocrx_word' id='word_1_507' title='bbox 1520 3825 1664 3880; x_wconf 84' lang='lat' dir='ltr'>referente</span> <span class='ocrx_word' id='word_1_508' title='bbox 1679 3826 1799 3887; x_wconf 83' lang='lat' dir='ltr'>clarescat,</span> 
     </span>
     <span class='ocr_line' id='line_1_40' title="bbox 139 3917 1802 3993; baseline -0.004 -19"><span class='ocrx_word' id='word_1_509' title='bbox 139 3926 265 3978; x_wconf 87' lang='lat' dir='ltr'>vestrum</span> <span class='ocrx_word' id='word_1_510' title='bbox 283 3922 387 3977; x_wconf 89' lang='lat' dir='ltr'>debere</span> <span class='ocrx_word' id='word_1_511' title='bbox 405 3921 482 3976; x_wconf 89' lang='lat' dir='ltr'>intra</span> <span class='ocrx_word' id='word_1_512' title='bbox 500 3920 675 3993; x_wconf 90' lang='lat' dir='ltr'>provinciam</span> <span class='ocrx_word' id='word_1_513' title='bbox 689 3937 750 3975; x_wconf 89' lang='lat' dir='ltr'>esse</span> <span class='ocrx_word' id='word_1_514' title='bbox 761 3920 914 3991; x_wconf 88' lang='lat' dir='ltr'>judicium,</span> <span class='ocrx_word' id='word_1_515' title='bbox 929 3923 959 3974; x_wconf 87' lang='lat' dir='ltr'>et</span> <span class='ocrx_word' id='word_1_516' title='bbox 1009 3921 1054 3977; x_wconf 88' lang='lat' dir='ltr'>cui</span> <span class='ocrx_word' id='word_1_517' title='bbox 1066 3919 1152 3974; x_wconf 89' lang='lat' dir='ltr'>totius</span> <span class='ocrx_word' id='word_1_518' title='bbox 1166 3918 1318 3990; x_wconf 73' lang='lat' dir='ltr'>provinciae</span> <span class='ocrx_word' id='word_1_519' title='bbox 1334 3917 1546 3972; x_wconf 86' lang='lat' dir='ltr'>ordinationem</span> <span class='ocrx_word' id='word_1_520' title='bbox 1563 3919 1656 3988; x_wconf 88' lang='lat' dir='ltr'>liquet</span> <span class='ocrx_word' id='word_1_521' title='bbox 1673 3929 1802 3973; x_wconf 82' lang='lat' dir='ltr'>essenon</span> 
     </span>
     <span class='ocr_line' id='line_1_41' title="bbox 140 4010 1801 4088; baseline -0.006 -17"><span class='ocrx_word' id='word_1_522' title='bbox 140 4016 311 4087; x_wconf 88' lang='lat' dir='ltr'>congregari</span> <span class='ocrx_word' id='word_1_523' title='bbox 322 4015 464 4088; x_wconf 88' lang='lat' dir='ltr'>synodum</span> <span class='ocrx_word' id='word_1_524' title='bbox 477 4014 628 4070; x_wconf 86' lang='lat' dir='ltr'>antediem</span> <span class='ocrx_word' id='word_1_525' title='bbox 639 4014 831 4069; x_wconf 84' lang='lat' dir='ltr'>Kalendarum</span> <span class='ocrx_word' id='word_1_526' title='bbox 842 4015 958 4069; x_wconf 88' lang='lat' dir='ltr'>Novem·</span> <span class='ocrx_word' id='word_1_527' title='bbox 1008 4015 1116 4069; x_wconf 88' lang='lat' dir='ltr'>datam.</span> <span class='ocrx_word' id='word_1_528' title='bbox 1124 4014 1212 4068; x_wconf 91' lang='lat' dir='ltr'>Nemo</span> <span class='ocrx_word' id='word_1_529' title='bbox 1223 4029 1292 4083; x_wconf 89' lang='lat' dir='ltr'>ergo</span> <span class='ocrx_word' id='word_1_530' title='bbox 1304 4028 1404 4067; x_wconf 89' lang='lat' dir='ltr'>eorum</span> <span class='ocrx_word' id='word_1_531' title='bbox 1418 4010 1553 4066; x_wconf 91' lang='lat' dir='ltr'>terminos</span> <span class='ocrx_word' id='word_1_532' title='bbox 1563 4012 1657 4066; x_wconf 87' lang='lat' dir='ltr'>audax</span> <span class='ocrx_word' id='word_1_533' title='bbox 1671 4013 1801 4066; x_wconf 81' lang='lat' dir='ltr'>temerator</span> 
     </span>
     <span class='ocr_line' id='line_1_42' title="bbox 140 4100 1801 4181; baseline -0.003 -17"><span class='ocrx_word' id='word_1_534' title='bbox 140 4110 246 4179; x_wconf 90' lang='lat' dir='ltr'>brium,</span> <span class='ocrx_word' id='word_1_535' title='bbox 264 4112 295 4163; x_wconf 92' lang='lat' dir='ltr'>ut</span> <span class='ocrx_word' id='word_1_536' title='bbox 308 4109 332 4162; x_wconf 91' lang='lat' dir='ltr'>si</span> <span class='ocrx_word' id='word_1_537' title='bbox 345 4109 441 4165; x_wconf 89' lang='lat' dir='ltr'>adesse</span> <span class='ocrx_word' id='word_1_538' title='bbox 456 4109 575 4164; x_wconf 78' lang='lat' dir='ltr'>voluerit</span> <span class='ocrx_word' id='word_1_539' title='bbox 587 4124 723 4181; x_wconf 69' lang='lat' dir='ltr'>praesens,</span> <span class='ocrx_word' id='word_1_540' title='bbox 738 4108 761 4161; x_wconf 89' lang='lat' dir='ltr'>si</span> <span class='ocrx_word' id='word_1_541' title='bbox 778 4107 906 4177; x_wconf 82' lang='lat' dir='ltr'>confidit,</span> <span class='ocrx_word' id='word_1_542' title='bbox 921 4107 958 4162; x_wconf 89' lang='lat' dir='ltr'>ad</span> <span class='ocrx_word' id='word_1_543' title='bbox 1008 4109 1133 4178; x_wconf 78' lang='lat' dir='ltr'>excedat,</span> <span class='ocrx_word' id='word_1_544' title='bbox 1148 4124 1200 4162; x_wconf 88' lang='lat' dir='ltr'>nec</span> <span class='ocrx_word' id='word_1_545' title='bbox 1219 4105 1325 4177; x_wconf 87' lang='lat' dir='ltr'>aliquid</span> <span class='ocrx_word' id='word_1_546' title='bbox 1346 4105 1376 4160; x_wconf 91' lang='lat' dir='ltr'>in</span> <span class='ocrx_word' id='word_1_547' title='bbox 1394 4105 1507 4159; x_wconf 92' lang='lat' dir='ltr'>illorum</span> <span class='ocrx_word' id='word_1_548' title='bbox 1522 4106 1723 4161; x_wconf 87' lang='lat' dir='ltr'>contumeliam</span> <span class='ocrx_word' id='word_1_549' title='bbox 1736 4100 1801 4176; x_wconf 68' lang='lat' dir='ltr'>parii</span> 
     </span>
     <span class='ocr_line' id='line_1_43' title="bbox 142 4196 1801 4274; baseline -0.007 -16"><span class='ocrx_word' id='word_1_550' title='bbox 142 4203 253 4272; x_wconf 86' lang='lat' dir='ltr'>objecta</span> <span class='ocrx_word' id='word_1_551' title='bbox 270 4201 450 4274; x_wconf 86' lang='lat' dir='ltr'>respondeat.</span> <span class='ocrx_word' id='word_1_552' title='bbox 466 4203 493 4258; x_wconf 89' lang='lat' dir='ltr'>Si</span> <span class='ocrx_word' id='word_1_553' title='bbox 518 4219 585 4257; x_wconf 85' lang='lat' dir='ltr'>voro</span> <span class='ocrx_word' id='word_1_554' title='bbox 600 4201 697 4256; x_wconf 88' lang='lat' dir='ltr'>adesse</span> <span class='ocrx_word' id='word_1_555' title='bbox 716 4202 877 4272; x_wconf 86' lang='lat' dir='ltr'>neglexerit</span> <span class='ocrx_word' id='word_1_556' title='bbox 893 4201 958 4257; x_wconf 89' lang='lat' dir='ltr'>dila·</span> <span class='ocrx_word' id='word_1_557' title='bbox 1007 4203 1061 4258; x_wconf 91' lang='lat' dir='ltr'>bns</span> <span class='ocrx_word' id='word_1_558' title='bbox 1074 4201 1132 4256; x_wconf 89' lang='lat' dir='ltr'>suis</span> <span class='ocrx_word' id='word_1_559' title='bbox 1146 4218 1210 4272; x_wconf 71' lang='lat' dir='ltr'>quo.¹</span> <span class='ocrx_word' id='word_1_560' title='bbox 1229 4199 1283 4254; x_wconf 90' lang='lat' dir='ltr'>sibi</span> <span class='ocrx_word' id='word_1_561' title='bbox 1303 4216 1361 4254; x_wconf 92' lang='lat' dir='ltr'>non</span> <span class='ocrx_word' id='word_1_562' title='bbox 1384 4198 1517 4253; x_wconf 80' lang='lat' dir='ltr'>ridentur</span> <span class='ocrx_word' id='word_1_563' title='bbox 1530 4215 1665 4253; x_wconf 90' lang='lat' dir='ltr'>concessa</span> <span class='ocrx_word' id='word_1_564' title='bbox 1679 4196 1801 4253; x_wconf 87' lang='lat' dir='ltr'>defendat.</span> 
     </span>
     <span class='ocr_line' id='line_1_44' title="bbox 64 4292 1803 4365; baseline -0.002 -20"><span class='ocrx_word' id='word_1_565' title='bbox 64 4340 66 4345; x_wconf 85' lang='lat'>.</span> <span class='ocrx_word' id='word_1_566' title='bbox 143 4296 252 4351; x_wconf 90' lang='lat' dir='ltr'>tionem</span> <span class='ocrx_word' id='word_1_567' title='bbox 265 4295 411 4350; x_wconf 86' lang='lat' dir='ltr'>sententiae</span> <span class='ocrx_word' id='word_1_568' title='bbox 423 4295 456 4349; x_wconf 91' lang='lat' dir='ltr'>de</span> <span class='ocrx_word' id='word_1_569' title='bbox 468 4295 596 4350; x_wconf 89' lang='lat' dir='ltr'>absentia</span> <span class='ocrx_word' id='word_1_570' title='bbox 606 4311 665 4350; x_wconf 91' lang='lat' dir='ltr'>non</span> <span class='ocrx_word' id='word_1_571' title='bbox 674 4295 809 4349; x_wconf 89' lang='lat' dir='ltr'>lucretur.</span> <span class='ocrx_word' id='word_1_572' title='bbox 820 4296 890 4350; x_wconf 88' lang='lat' dir='ltr'>Nam</span> <span class='ocrx_word' id='word_1_573' title='bbox 900 4311 959 4350; x_wconf 90' lang='lat' dir='ltr'>ma·</span> <span class='ocrx_word' id='word_1_574' title='bbox 1008 4300 1100 4354; x_wconf 87' lang='lat' dir='ltr'>Cesset</span> <span class='ocrx_word' id='word_1_575' title='bbox 1116 4293 1283 4365; x_wconf 88' lang='lat' dir='ltr'>hujusmodi</span> <span class='ocrx_word' id='word_1_576' title='bbox 1297 4292 1444 4365; x_wconf 75' lang='lat' dir='ltr'>praemissa</span> <span class='ocrx_word' id='word_1_577' title='bbox 1458 4295 1555 4346; x_wconf 91' lang='lat' dir='ltr'>nostra</span> <span class='ocrx_word' id='word_1_578' title='bbox 1572 4293 1736 4348; x_wconf 86' lang='lat' dir='ltr'>auctoritate</span> <span class='ocrx_word' id='word_1_579' title='bbox 1747 4303 1803 4360; x_wconf 74' lang='lat' dir='ltr'>pne</span> 
     </span>
     <span class='ocr_line' id='line_1_45' title="bbox 141 4379 1803 4460; baseline -0.006 -15"><span class='ocrx_word' id='word_1_580' title='bbox 141 4389 276 4445; x_wconf 88' lang='lat' dir='ltr'>nifestum</span> <span class='ocrx_word' id='word_1_581' title='bbox 290 4391 332 4444; x_wconf 89' lang='lat' dir='ltr'>est</span> <span class='ocrx_word' id='word_1_582' title='bbox 345 4388 471 4443; x_wconf 87' lang='lat' dir='ltr'>confiteri</span> <span class='ocrx_word' id='word_1_583' title='bbox 485 4405 551 4443; x_wconf 88' lang='lat' dir='ltr'>eum</span> <span class='ocrx_word' id='word_1_584' title='bbox 573 4389 607 4444; x_wconf 89' lang='lat' dir='ltr'>de</span> <span class='ocrx_word' id='word_1_585' title='bbox 628 4388 758 4458; x_wconf 90' lang='lat' dir='ltr'>crimine,</span> <span class='ocrx_word' id='word_1_586' title='bbox 773 4388 821 4459; x_wconf 86' lang='lat' dir='ltr'>qui</span> <span class='ocrx_word' id='word_1_587' title='bbox 836 4389 957 4457; x_wconf 89' lang='lat' dir='ltr'>indulto,</span> <span class='ocrx_word' id='word_1_588' title='bbox 1009 4387 1133 4460; x_wconf 88' lang='lat' dir='ltr'>sumptio</span> <span class='ocrx_word' id='word_1_589' title='bbox 1144 4404 1244 4442; x_wconf 92' lang='lat' dir='ltr'>eorum</span> <span class='ocrx_word' id='word_1_590' title='bbox 1254 4386 1303 4458; x_wconf 90' lang='lat' dir='ltr'>qui</span> <span class='ocrx_word' id='word_1_591' title='bbox 1317 4385 1543 4457; x_wconf 81' lang='lat' dir='ltr'>ultradignitatis</span> <span class='ocrx_word' id='word_1_592' title='bbox 1554 4402 1615 4440; x_wconf 71' lang='lat' dir='ltr'>snae</span> <span class='ocrx_word' id='word_1_593' title='bbox 1624 4386 1739 4441; x_wconf 82' lang='lat' dir='ltr'>limitem</span> <span class='ocrx_word' id='word_1_594' title='bbox 1748 4379 1803 4451; x_wconf 86' lang='lat' dir='ltr'>digi-</span> 
     </span>
     <span class='ocr_line' id='line_1_46' title="bbox 141 4474 1803 4555; baseline -0.008 -15"><span class='ocrx_word' id='word_1_595' title='bbox 141 4490 168 4540; x_wconf 91' lang='lat' dir='ltr'>et</span> <span class='ocrx_word' id='word_1_596' title='bbox 183 4483 267 4540; x_wconf 89' lang='lat' dir='ltr'>toties</span> <span class='ocrx_word' id='word_1_597' title='bbox 281 4482 413 4553; x_wconf 88' lang='lat' dir='ltr'>delegato</span> <span class='ocrx_word' id='word_1_598' title='bbox 423 4482 532 4554; x_wconf 88' lang='lat' dir='ltr'>judicio</span> <span class='ocrx_word' id='word_1_599' title='bbox 543 4482 687 4555; x_wconf 88' lang='lat' dir='ltr'>purgandi</span> <span class='ocrx_word' id='word_1_600' title='bbox 698 4499 727 4537; x_wconf 90' lang='lat' dir='ltr'>se</span> <span class='ocrx_word' id='word_1_601' title='bbox 739 4482 887 4537; x_wconf 90' lang='lat' dir='ltr'>occasione</span> <span class='ocrx_word' id='word_1_602' title='bbox 899 4500 957 4538; x_wconf 91' lang='lat' dir='ltr'>non</span> <span class='ocrx_word' id='word_1_603' title='bbox 967 4479 997 4552; x_wconf 89' lang='lat' dir='ltr'><strong>D</strong></span> <span class='ocrx_word' id='word_1_604' title='bbox 1008 4489 1040 4540; x_wconf 89' lang='lat' dir='ltr'>tu</span> <span class='ocrx_word' id='word_1_605' title='bbox 1067 4481 1231 4538; x_wconf 84' lang='lat' dir='ltr'>extendunt.</span> <span class='ocrx_word' id='word_1_606' title='bbox 1258 4479 1340 4545; x_wconf 85' lang='lat' dir='ltr'>Quod</span> <span class='ocrx_word' id='word_1_607' title='bbox 1364 4480 1467 4534; x_wconf 91' lang='lat' dir='ltr'>idcirco</span> <span class='ocrx_word' id='word_1_608' title='bbox 1490 4479 1622 4546; x_wconf 89' lang='lat' dir='ltr'>dicimus,</span> <span class='ocrx_word' id='word_1_609' title='bbox 1642 4482 1675 4533; x_wconf 90' lang='lat' dir='ltr'>ut</span> <span class='ocrx_word' id='word_1_610' title='bbox 1696 4474 1803 4533; x_wconf 72' lang='lat' dir='ltr'>advertat</span> 
     </span>
     <span class='ocr_line' id='line_1_47' title="bbox 142 4569 1801 4648; baseline -0.005 -15"><span class='ocrx_word' id='word_1_611' title='bbox 142 4579 242 4634; x_wconf 91' lang='lat' dir='ltr'>ulitur.</span> <span class='ocrx_word' id='word_1_612' title='bbox 259 4576 332 4632; x_wconf 88' lang='lat' dir='ltr'>Nihil</span> <span class='ocrx_word' id='word_1_613' title='bbox 347 4577 424 4632; x_wconf 89' lang='lat' dir='ltr'>enim</span> <span class='ocrx_word' id='word_1_614' title='bbox 439 4577 557 4633; x_wconf 90' lang='lat' dir='ltr'>interest</span> <span class='ocrx_word' id='word_1_615' title='bbox 571 4582 667 4632; x_wconf 90' lang='lat' dir='ltr'>utrum</span> <span class='ocrx_word' id='word_1_616' title='bbox 686 4577 716 4631; x_wconf 93' lang='lat' dir='ltr'>in</span> <span class='ocrx_word' id='word_1_617' title='bbox 739 4576 872 4648; x_wconf 80' lang='lat' dir='ltr'>praesenti</span> <span class='ocrx_word' id='word_1_618' title='bbox 889 4592 957 4631; x_wconf 82' lang='lat' dir='ltr'>exa·</span> <span class='ocrx_word' id='word_1_619' title='bbox 1007 4575 1128 4633; x_wconf 88' lang='lat' dir='ltr'>charitas</span> <span class='ocrx_word' id='word_1_620' title='bbox 1139 4579 1198 4642; x_wconf 90' lang='lat' dir='ltr'>tua,</span> <span class='ocrx_word' id='word_1_621' title='bbox 1208 4572 1279 4628; x_wconf 88' lang='lat' dir='ltr'>adeo</span> <span class='ocrx_word' id='word_1_622' title='bbox 1291 4588 1344 4628; x_wconf 92' lang='lat' dir='ltr'>nos</span> <span class='ocrx_word' id='word_1_623' title='bbox 1351 4588 1494 4627; x_wconf 89' lang='lat' dir='ltr'>canonum</span> <span class='ocrx_word' id='word_1_624' title='bbox 1505 4577 1650 4644; x_wconf 65' lang='lat' dir='ltr'>precepta</span> <span class='ocrx_word' id='word_1_625' title='bbox 1660 4585 1771 4634; x_wconf 76' lang='lat' dir='ltr'>servare,</span> <span class='ocrx_word' id='word_1_626' title='bbox 1778 4569 1801 4620; x_wconf 77' lang='lat' dir='ltr'>ui</span> 
     </span>
     <span class='ocr_line' id='line_1_48' title="bbox 141 4666 1802 4745; baseline -0.008 -18"><span class='ocrx_word' id='word_1_627' title='bbox 141 4673 219 4727; x_wconf 91' lang='lat' dir='ltr'>mine</span> <span class='ocrx_word' id='word_1_628' title='bbox 230 4671 327 4728; x_wconf 90' lang='lat' dir='ltr'>omnia</span> <span class='ocrx_word' id='word_1_629' title='bbox 338 4688 402 4743; x_wconf 80' lang='lat' dir='ltr'>quae</span> <span class='ocrx_word' id='word_1_630' title='bbox 413 4670 488 4727; x_wconf 90' lang='lat' dir='ltr'>dicta</span> <span class='ocrx_word' id='word_1_631' title='bbox 497 4675 564 4726; x_wconf 89' lang='lat' dir='ltr'>sunt</span> <span class='ocrx_word' id='word_1_632' title='bbox 573 4671 808 4745; x_wconf 88' lang='lat' dir='ltr'>comprobentur,</span> <span class='ocrx_word' id='word_1_633' title='bbox 821 4686 886 4724; x_wconf 91' lang='lat' dir='ltr'>cum</span> <span class='ocrx_word' id='word_1_634' title='bbox 898 4669 959 4743; x_wconf 89' lang='lat' dir='ltr'>ipsa</span> <span class='ocrx_word' id='word_1_635' title='bbox 1006 4671 1060 4725; x_wconf 86' lang='lat' dir='ltr'>ista</span> <span class='ocrx_word' id='word_1_636' title='bbox 1069 4668 1232 4723; x_wconf 89' lang='lat' dir='ltr'>constitutio</span> <span class='ocrx_word' id='word_1_637' title='bbox 1245 4683 1359 4738; x_wconf 90' lang='lat' dir='ltr'>quoque</span> <span class='ocrx_word' id='word_1_638' title='bbox 1372 4669 1467 4721; x_wconf 86' lang='lat' dir='ltr'>nostra</span> <span class='ocrx_word' id='word_1_639' title='bbox 1480 4666 1598 4722; x_wconf 81' lang='lat' dir='ltr'>definiat</span> <span class='ocrx_word' id='word_1_640' title='bbox 1613 4668 1748 4738; x_wconf 85' lang='lat' dir='ltr'>quatenus</span> <span class='ocrx_word' id='word_1_641' title='bbox 1758 4674 1802 4715; x_wconf 80' lang='lat' dir='ltr'>me</span> 
     </span>
     <span class='ocr_line' id='line_1_49' title="bbox 142 4755 1803 4838; baseline -0.005 -18"><span class='ocrx_word' id='word_1_642' title='bbox 142 4781 256 4838; x_wconf 88' lang='lat' dir='ltr'>quoque</span> <span class='ocrx_word' id='word_1_643' title='bbox 287 4782 338 4837; x_wconf 91' lang='lat' dir='ltr'>pro</span> <span class='ocrx_word' id='word_1_644' title='bbox 366 4765 542 4837; x_wconf 89' lang='lat' dir='ltr'>professione</span> <span class='ocrx_word' id='word_1_645' title='bbox 567 4770 719 4837; x_wconf 87' lang='lat' dir='ltr'>procurata</span> <span class='ocrx_word' id='word_1_646' title='bbox 743 4765 827 4820; x_wconf 88' lang='lat' dir='ltr'>toties</span> <span class='ocrx_word' id='word_1_647' title='bbox 850 4766 960 4818; x_wconf 87' lang='lat' dir='ltr'>constet</span> <span class='ocrx_word' id='word_1_648' title='bbox 1007 4755 1803 4834; x_wconf 73' lang='lat' dir='ltr'>tropolitanisuiunaquaequeprovinciainomnihusrebut</span> 
     </span>
     <span class='ocr_line' id='line_1_50' title="bbox 143 4850 1803 4930; baseline -0.005 -17"><span class='ocrx_word' id='word_1_649' title='bbox 143 4858 282 4914; x_wconf 87' lang='lat' dir='ltr'>absentia.</span> <span class='ocrx_word' id='word_1_650' title='bbox 297 4859 352 4913; x_wconf 89' lang='lat' dir='ltr'>Nos</span> <span class='ocrx_word' id='word_1_651' title='bbox 370 4862 464 4913; x_wconf 86' lang='lat' dir='ltr'>autem</span> <span class='ocrx_word' id='word_1_652' title='bbox 487 4876 536 4930; x_wconf 90' lang='lat' dir='ltr'>per</span> <span class='ocrx_word' id='word_1_653' title='bbox 555 4875 653 4913; x_wconf 90' lang='lat' dir='ltr'>omnes</span> <span class='ocrx_word' id='word_1_654' title='bbox 671 4857 828 4929; x_wconf 77' lang='lat' dir='ltr'>provincias</span> <span class='ocrx_word' id='word_1_655' title='bbox 850 4857 959 4912; x_wconf 90' lang='lat' dir='ltr'>litteras</span> <span class='ocrx_word' id='word_1_656' title='bbox 1007 4871 1121 4928; x_wconf 88' lang='lat' dir='ltr'>semper</span> <span class='ocrx_word' id='word_1_657' title='bbox 1134 4855 1261 4910; x_wconf 90' lang='lat' dir='ltr'>ordinem</span> <span class='ocrx_word' id='word_1_658' title='bbox 1273 4855 1424 4925; x_wconf 83' lang='lat' dir='ltr'>exspectet.</span> <span class='ocrx_word' id='word_1_659' title='bbox 1438 4854 1508 4908; x_wconf 88' lang='lat' dir='ltr'>Data</span> <span class='ocrx_word' id='word_1_660' title='bbox 1518 4869 1536 4907; x_wconf 84' lang='lat' dir='ltr'>v</span> <span class='ocrx_word' id='word_1_661' title='bbox 1547 4853 1689 4908; x_wconf 83' lang='lat' dir='ltr'>Kalendas</span> <span class='ocrx_word' id='word_1_662' title='bbox 1702 4850 1803 4907; x_wconf 76' lang='lat' dir='ltr'>lebna·</span> 
     </span>
     <span class='ocr_line' id='line_1_51' title="bbox 143 4942 1801 5024; baseline -0.007 -17"><span class='ocrx_word' id='word_1_663' title='bbox 143 4952 310 5024; x_wconf 88' lang='lat' dir='ltr'>dirigemus,</span> <span class='ocrx_word' id='word_1_664' title='bbox 321 4969 356 5007; x_wconf 90' lang='lat' dir='ltr'>ne</span> <span class='ocrx_word' id='word_1_665' title='bbox 374 4953 584 5006; x_wconf 81' lang='lat' dir='ltr'>excusationem</span> <span class='ocrx_word' id='word_1_666' title='bbox 597 4952 651 5006; x_wconf 91' lang='lat' dir='ltr'>sibi</span> <span class='ocrx_word' id='word_1_667' title='bbox 661 4951 851 5023; x_wconf 89' lang='lat' dir='ltr'>ignorationis</span> <span class='ocrx_word' id='word_1_668' title='bbox 861 4951 960 5005; x_wconf 92' lang='lat' dir='ltr'>obten-</span> <span class='ocrx_word' id='word_1_669' title='bbox 1008 4949 1053 5017; x_wconf 93' lang='lat' dir='ltr'>rii,</span> <span class='ocrx_word' id='word_1_670' title='bbox 1066 4948 1192 5004; x_wconf 87' lang='lat' dir='ltr'>lionorio</span> <span class='ocrx_word' id='word_1_671' title='bbox 1205 4948 1248 5002; x_wconf 85' lang='lat' dir='ltr'>llll</span> <span class='ocrx_word' id='word_1_672' title='bbox 1262 4950 1290 5001; x_wconf 89' lang='lat' dir='ltr'>et</span> <span class='ocrx_word' id='word_1_673' title='bbox 1303 4945 1459 5002; x_wconf 88' lang='lat' dir='ltr'>Theodosio</span> <span class='ocrx_word' id='word_1_674' title='bbox 1471 4946 1491 5000; x_wconf 84' lang='grc' dir='ltr'>Χ</span> <span class='ocrx_word' id='word_1_675' title='bbox 1502 4945 1638 5016; x_wconf 75' lang='lat' dir='ltr'>augustis</span> <span class='ocrx_word' id='word_1_676' title='bbox 1652 4942 1801 5000; x_wconf 81' lang='lat' dir='ltr'>consulibus</span> 
     </span>
     <span class='ocr_line' id='line_1_52' title="bbox 141 5040 1676 5117; baseline -0.006 -15"><span class='ocrx_word' id='word_1_677' title='bbox 141 5046 199 5114; x_wconf 89' lang='lat' dir='ltr'>dat,</span> <span class='ocrx_word' id='word_1_678' title='bbox 222 5048 254 5099; x_wconf 91' lang='lat' dir='ltr'>ut</span> <span class='ocrx_word' id='word_1_679' title='bbox 273 5045 310 5100; x_wconf 91' lang='lat' dir='ltr'>ad</span> <span class='ocrx_word' id='word_1_680' title='bbox 331 5045 507 5117; x_wconf 80' lang='lat' dir='ltr'>provinciam</span> <span class='ocrx_word' id='word_1_681' title='bbox 530 5045 626 5100; x_wconf 88' lang='lat' dir='ltr'>venire</span> <span class='ocrx_word' id='word_1_682' title='bbox 649 5048 778 5115; x_wconf 89' lang='lat' dir='ltr'>cogatur,</span> <span class='ocrx_word' id='word_1_683' title='bbox 803 5049 831 5100; x_wconf 90' lang='lat' dir='ltr'>et</span> <span class='ocrx_word' id='word_1_684' title='bbox 850 5045 908 5099; x_wconf 89' lang='lat' dir='ltr'>illio</span> <span class='ocrx_word' id='word_1_685' title='bbox 929 5060 958 5099; x_wconf 92' lang='lat' dir='ltr'>se</span> <span class='ocrx_word' id='word_1_686' title='bbox 1150 5042 1308 5112; x_wconf 78' lang='lat' dir='ltr'>Eapltciunt</span> <span class='ocrx_word' id='word_1_687' title='bbox 1320 5041 1426 5096; x_wconf 83' lang='lat' dir='ltr'>decreta</span> <span class='ocrx_word' id='word_1_688' title='bbox 1439 5040 1575 5108; x_wconf 73' lang='lat' dir='ltr'>bonifacii</span> <span class='ocrx_word' id='word_1_689' title='bbox 1581 5054 1676 5110; x_wconf 80' lang='lat' dir='ltr'>popa.</span> 
     </span>
    </p>
   </div>
   <div class='ocr_carea' id='block_1_3' title="bbox 388 5211 1589 5315">
    <p class='ocr_par' dir='ltr' id='par_1_4' title="bbox 388 5211 1589 5315">
     <span class='ocr_line' id='line_1_53' title="bbox 388 5211 1589 5315; baseline -0.01 0"><span class='ocrx_word' id='word_1_690' title='bbox 388 5221 675 5315; x_wconf 89' lang='lat' dir='ltr'>INClPlUN&#39;f</span> <span class='ocrx_word' id='word_1_691' title='bbox 722 5219 985 5312; x_wconf 78' lang='lat' dir='ltr'>uacuam</span> <span class='ocrx_word' id='word_1_692' title='bbox 1036 5214 1357 5312; x_wconf 86' lang='lat' dir='ltr'>COELESTlNl</span> <span class='ocrx_word' id='word_1_693' title='bbox 1404 5211 1589 5305; x_wconf 87' lang='lat' dir='ltr'>PAPAE.</span> 
     </span>
    </p>
   </div>
   <div class='ocr_carea' id='block_1_4' title="bbox 120 5343 1806 5970">
    <p class='ocr_par' dir='ltr' id='par_1_5' title="bbox 120 5343 1806 5970">
     <span class='ocr_line' id='line_1_54' title="bbox 178 5343 1806 5426; baseline -0.01 -18"><span class='ocrx_word' id='word_1_694' title='bbox 178 5357 203 5410; x_wconf 89' lang='lat' dir='ltr'>l.</span> <span class='ocrx_word' id='word_1_695' title='bbox 225 5355 267 5408; x_wconf 86' lang='lat' dir='ltr'>lla</span> <span class='ocrx_word' id='word_1_696' title='bbox 290 5355 426 5426; x_wconf 88' lang='lat' dir='ltr'>Prospero</span> <span class='ocrx_word' id='word_1_697' title='bbox 448 5359 476 5410; x_wconf 90' lang='lat' dir='ltr'>et</span> <span class='ocrx_word' id='word_1_698' title='bbox 504 5352 608 5408; x_wconf 82' lang='lat' dir='ltr'>llilario</span> <span class='ocrx_word' id='word_1_699' title='bbox 630 5352 678 5424; x_wconf 89' lang='lat' dir='ltr'>qui</span> <span class='ocrx_word' id='word_1_700' title='bbox 699 5350 838 5424; x_wconf 87' lang='lat' dir='ltr'>quosdam</span> <span class='ocrx_word' id='word_1_701' title='bbox 860 5349 958 5406; x_wconf 78' lang='lat' dir='ltr'>Gallias</span> <span class='ocrx_word' id='word_1_702' title='bbox 1010 5346 1209 5422; x_wconf 80' lang='lat' dir='ltr'>quam184</span> <span class='ocrx_word' id='word_1_703' title='bbox 1232 5362 1285 5419; x_wconf 90' lang='lat' dir='ltr'>per</span> <span class='ocrx_word' id='word_1_704' title='bbox 1301 5346 1425 5401; x_wconf 90' lang='lat' dir='ltr'>liberum</span> <span class='ocrx_word' id='word_1_705' title='bbox 1440 5343 1594 5399; x_wconf 86' lang='lat' dir='ltr'>arbitrium</span> <span class='ocrx_word' id='word_1_706' title='bbox 1614 5357 1696 5414; x_wconf 89' lang='lat' dir='ltr'>posse</span> <span class='ocrx_word' id='word_1_707' title='bbox 1711 5347 1806 5395; x_wconf 80' lang='lat' dir='ltr'>consur·</span> 
     </span>
     <span class='ocr_line' id='line_1_55' title="bbox 141 5432 1793 5521; baseline -0.008 -22"><span class='ocrx_word' id='word_1_708' title='bbox 141 5443 321 5516; x_wconf 83' lang='lat' dir='ltr'>presbyteros</span> <span class='ocrx_word' id='word_1_709' title='bbox 335 5447 477 5498; x_wconf 88' lang='lat' dir='ltr'>accusant.</span> <span class='ocrx_word' id='word_1_710' title='bbox 1009 5454 1076 5510; x_wconf 88' lang='lat' dir='ltr'>gere</span> <span class='ocrx_word' id='word_1_711' title='bbox 1090 5437 1144 5493; x_wconf 92' lang='lat' dir='ltr'>nisi</span> <span class='ocrx_word' id='word_1_712' title='bbox 1158 5452 1225 5492; x_wconf 87' lang='lat' dir='ltr'>eum</span> <span class='ocrx_word' id='word_1_713' title='bbox 1239 5434 1332 5508; x_wconf 90' lang='lat' dir='ltr'>gratia</span> <span class='ocrx_word' id='word_1_714' title='bbox 1347 5434 1397 5490; x_wconf 84' lang='lat' dir='ltr'>Dei</span> <span class='ocrx_word' id='word_1_715' title='bbox 1413 5432 1546 5489; x_wconf 81' lang='lat' dir='ltr'>erexerit.</span> <span class='ocrx_word' id='word_1_716' title='bbox 1788 5510 1793 5521; x_wconf 26' lang='grc' dir='ltr'><strong><em>ο</em></strong></span> 
     </span>
     <span class='ocr_line' id='line_1_56' title="bbox 176 5514 1805 5603; baseline -0.015 -13"><span class='ocrx_word' id='word_1_717' title='bbox 176 5538 203 5589; x_wconf 81' lang='grc'>2.</span> <span class='ocrx_word' id='word_1_718' title='bbox 226 5535 264 5589; x_wconf 88' lang='lat' dir='ltr'>De</span> <span class='ocrx_word' id='word_1_719' title='bbox 289 5538 387 5589; x_wconf 89' lang='lat' dir='ltr'>sancto</span> <span class='ocrx_word' id='word_1_720' title='bbox 417 5530 577 5603; x_wconf 75' lang='lat' dir='ltr'>Augustino</span> <span class='ocrx_word' id='word_1_721' title='bbox 609 5530 738 5602; x_wconf 88' lang='lat' dir='ltr'>episcopo</span> <span class='ocrx_word' id='word_1_722' title='bbox 766 5528 837 5583; x_wconf 89' lang='lat' dir='ltr'>mira</span> <span class='ocrx_word' id='word_1_723' title='bbox 864 5528 957 5584; x_wconf 90' lang='lat' dir='ltr'>laudis</span> <span class='ocrx_word' id='word_1_724' title='bbox 1043 5531 1069 5582; x_wconf 80' lang='lat'>5.</span> <span class='ocrx_word' id='word_1_725' title='bbox 1083 5522 1164 5592; x_wconf 81' lang='lat' dir='ltr'>Quod</span> <span class='ocrx_word' id='word_1_726' title='bbox 1184 5542 1270 5580; x_wconf 87' lang='lat' dir='ltr'>nemo</span> <span class='ocrx_word' id='word_1_727' title='bbox 1285 5525 1321 5580; x_wconf 85' lang='lat' dir='ltr'>sit</span> <span class='ocrx_word' id='word_1_728' title='bbox 1334 5525 1425 5579; x_wconf 92' lang='lat' dir='ltr'>bonus</span> <span class='ocrx_word' id='word_1_729' title='bbox 1442 5522 1500 5578; x_wconf 88' lang='lat' dir='ltr'>suis</span> <span class='ocrx_word' id='word_1_730' title='bbox 1514 5520 1622 5577; x_wconf 85' lang='lat' dir='ltr'>viribus</span> <span class='ocrx_word' id='word_1_731' title='bbox 1637 5519 1693 5575; x_wconf 91' lang='lat' dir='ltr'>nisi</span> <span class='ocrx_word' id='word_1_732' title='bbox 1708 5514 1805 5591; x_wconf 83' lang='lat' dir='ltr'>partia·</span> 
     </span>
     <span class='ocr_line' id='line_1_57' title="bbox 141 5612 1521 5689; baseline -0.007 -14"><span class='ocrx_word' id='word_1_733' title='bbox 141 5623 267 5677; x_wconf 81' lang='lat' dir='ltr'>assertio.</span> <span class='ocrx_word' id='word_1_734' title='bbox 1006 5617 1123 5689; x_wconf 84' lang='lat' dir='ltr'>petione</span> <span class='ocrx_word' id='word_1_735' title='bbox 1139 5615 1201 5686; x_wconf 85' lang='lat' dir='ltr'>ejus</span> <span class='ocrx_word' id='word_1_736' title='bbox 1214 5614 1263 5686; x_wconf 92' lang='lat' dir='ltr'>qni</span> <span class='ocrx_word' id='word_1_737' title='bbox 1276 5614 1352 5668; x_wconf 88' lang='lat' dir='ltr'>solus</span> <span class='ocrx_word' id='word_1_738' title='bbox 1363 5617 1405 5667; x_wconf 93' lang='lat' dir='ltr'>est</span> <span class='ocrx_word' id='word_1_739' title='bbox 1418 5612 1521 5667; x_wconf 86' lang='lat' dir='ltr'>bonus.</span> 
     </span>
     <span class='ocr_line' id='line_1_58' title="bbox 171 5689 1805 5781; baseline -0.009 -17"><span class='ocrx_word' id='word_1_740' title='bbox 171 5711 438 5770; x_wconf 57' lang='lat' dir='ltr'>&amp;Praeteritorum</span> <span class='ocrx_word' id='word_1_741' title='bbox 463 5709 538 5765; x_wconf 89' lang='lat' dir='ltr'>sedis</span> <span class='ocrx_word' id='word_1_742' title='bbox 567 5709 730 5781; x_wconf 87' lang='lat' dir='ltr'>apostolicae</span> <span class='ocrx_word' id='word_1_743' title='bbox 754 5708 955 5781; x_wconf 90' lang='lat' dir='ltr'>episcoporum</span> <span class='ocrx_word' id='word_1_744' title='bbox 1041 5709 1066 5761; x_wconf 90' lang='grc'>6.</span> <span class='ocrx_word' id='word_1_745' title='bbox 1085 5704 1166 5770; x_wconf 84' lang='lat' dir='ltr'>Quod</span> <span class='ocrx_word' id='word_1_746' title='bbox 1184 5703 1239 5758; x_wconf 91' lang='lat' dir='ltr'>nisi</span> <span class='ocrx_word' id='word_1_747' title='bbox 1258 5702 1349 5773; x_wconf 89' lang='lat' dir='ltr'>gratia</span> <span class='ocrx_word' id='word_1_748' title='bbox 1367 5700 1419 5756; x_wconf 87' lang='lat' dir='ltr'>llei</span> <span class='ocrx_word' id='word_1_749' title='bbox 1439 5699 1575 5756; x_wconf 87' lang='lat' dir='ltr'>continua</span> <span class='ocrx_word' id='word_1_750' title='bbox 1594 5699 1731 5771; x_wconf 71' lang='lat' dir='ltr'>iuvemus</span> <span class='ocrx_word' id='word_1_751' title='bbox 1750 5689 1805 5750; x_wconf 80' lang='lat' dir='ltr'>insi·</span> 
     </span>
     <span class='ocr_line' id='line_1_59' title="bbox 120 5791 1780 5881; baseline -0.004 -32"><span class='ocrx_word' id='word_1_752' title='bbox 120 5798 284 5856; x_wconf 82' lang='lat' dir='ltr'>auctoritas</span> <span class='ocrx_word' id='word_1_753' title='bbox 295 5801 332 5859; x_wconf 85' lang='lat' dir='ltr'>de</span> <span class='ocrx_word' id='word_1_754' title='bbox 347 5801 443 5875; x_wconf 91' lang='lat' dir='ltr'>gratia</span> <span class='ocrx_word' id='word_1_755' title='bbox 456 5799 510 5859; x_wconf 84' lang='lat' dir='ltr'>uei</span> <span class='ocrx_word' id='word_1_756' title='bbox 522 5803 622 5860; x_wconf 83' lang='lat' dir='ltr'>conlm</span> <span class='ocrx_word' id='word_1_757' title='bbox 633 5798 741 5874; x_wconf 90' lang='lat' dir='ltr'>Pelagii</span> <span class='ocrx_word' id='word_1_758' title='bbox 754 5801 918 5856; x_wconf 80' lang='lat' dir='ltr'>sectatores.</span> <span class='ocrx_word' id='word_1_759' title='bbox 1006 5793 1186 5852; x_wconf 90' lang='lat' dir='ltr'>diasdiaboli</span> <span class='ocrx_word' id='word_1_760' title='bbox 1200 5791 1326 5847; x_wconf 86' lang='lat' dir='ltr'>devitare</span> <span class='ocrx_word' id='word_1_761' title='bbox 1340 5807 1397 5846; x_wconf 91' lang='lat' dir='ltr'>non</span> <span class='ocrx_word' id='word_1_762' title='bbox 1412 5804 1573 5863; x_wconf 85' lang='lat' dir='ltr'>possumus.</span> <span class='ocrx_word' id='word_1_763' title='bbox 1609 5810 1612 5815; x_wconf 96' lang='lat'>·</span> <span class='ocrx_word' id='word_1_764' title='bbox 1775 5872 1780 5881; x_wconf 23' lang='grc' dir='ltr'>ἱ</span> 
     </span>
     <span class='ocr_line' id='line_1_60' title="bbox 136 5873 1805 5970; baseline -0.01 -22"><span class='ocrx_word' id='word_1_765' title='bbox 136 5883 173 5948; x_wconf 65' lang='lat'>⁴0.</span> <span class='ocrx_word' id='word_1_766' title='bbox 185 5886 273 5963; x_wconf 71' lang='lat'>0⁰06</span> <span class='ocrx_word' id='word_1_767' title='bbox 286 5891 381 5951; x_wconf 69' lang='lat' dir='ltr'>Adam</span> <span class='ocrx_word' id='word_1_768' title='bbox 393 5904 500 5959; x_wconf 70' lang='lat' dir='ltr'>omnes</span> <span class='ocrx_word' id='word_1_769' title='bbox 510 5894 657 5962; x_wconf 74' lang='lat' dir='ltr'>hominos</span> <span class='ocrx_word' id='word_1_770' title='bbox 667 5893 790 5967; x_wconf 67' lang='lat' dir='ltr'>Inserit,</span> <span class='ocrx_word' id='word_1_771' title='bbox 798 5908 854 5951; x_wconf 81' lang='lat' dir='ltr'>nec</span> <span class='ocrx_word' id='word_1_772' title='bbox 863 5904 964 5970; x_wconf 80' lang='lat' dir='ltr'>quam·</span> <span class='ocrx_word' id='word_1_773' title='bbox 1045 5883 1165 5953; x_wconf 57' lang='lat' dir='ltr'>mund</span> <span class='ocrx_word' id='word_1_774' title='bbox 1170 5879 1463 5958; x_wconf 58' lang='lat' dir='ltr'>pertimescuntur</span> <span class='ocrx_word' id='word_1_775' title='bbox 1474 5877 1548 5936; x_wconf 82' lang='lat' dir='ltr'>bene</span> <span class='ocrx_word' id='word_1_776' title='bbox 1559 5881 1678 5937; x_wconf 63' lang='lat' dir='ltr'>uumur</span> <span class='ocrx_word' id='word_1_777' title='bbox 1688 5873 1805 5935; x_wconf 77' lang='lat' dir='ltr'>ubitna</span> 
     </span>
    </p>
   </div>
   <div class='ocr_carea' id='block_1_5' title="bbox 0 0 1940 6148">
    <p class='ocr_par' dir='ltr' id='par_1_6' title="bbox 0 0 1940 6148">
     <span class='ocr_line' id='line_1_61' title="bbox 0 0 1940 6148; baseline 0 0"><span class='ocrx_word' id='word_1_778' title='bbox 0 0 1940 6148; x_wconf 95' lang='lat' dir='ltr'> </span> 
     </span>
    </p>
   </div>
  </div>
 </body>
</html>
