3870 6150
217 278 264 338 art
665 268 808 332 arranh.
828 277 872 331 ah
890 278 969 332 SAEC.
992 276 1034 330 tx.
1051 304 1084 313 -
1105 272 1229 330 lSlDOlll
1248 268 1461 330 uenationis
1856 274 1907 327 872

216 387 397 443 numerosius
410 386 438 438 in
450 385 494 439 die
504 384 668 455 Epiphaniae
679 401 766 456 quam
774 384 899 455 paschali
909 390 1037 455 tempore
1047 398 1077 467 Α
1090 384 1205 438 tinuatis
1228 387 1310 438 erunt
1333 383 1494 454 deputanda
1514 382 1604 448 festis,
1628 381 1697 451 quia
1721 379 1822 433 omnia
1844 383 1907 433 suat

216 477 1034 548 celebratis,mir0rv0svelpraecessoresrestrostamirra·
1086 478 1170 549 plena
1190 478 1342 532 miraculis.
1364 479 1467 531 Verum
1489 476 1555 546 quia
1572 474 1689 545 spiritus
1712 472 1863 543 sapientiae
1879 476 1907 527 et

217 571 383 626 tionabilem
402 571 559 625 novitatem
576 587 712 642 usurpare
727 570 860 641 potuisse,
877 574 906 622 ut
919 569 1036 623 contuso
1087 573 1256 637 intellectus,
1272 572 1312 624 ita
1331 571 1474 641 apostolos
1487 573 1515 624 et
1533 568 1620 623 totitu
1637 565 1773 622 Ecclesiae
1790 564 1906 620 erudivit

215 665 352 735 temporis
367 664 515 735 utriusque
539 664 677 735 mysterio
693 664 799 717 nullam
819 678 878 717 esse
901 662 1035 716 dilleran·
1086 665 1248 736 magistros,
1262 670 1292 718 at
1304 665 1334 718 iu
1346 663 1507 718 Christiana
1521 661 1703 716 observantia
1716 658 1792 714 nihil
1807 657 1905 713 inordi

217 760 284 812 tiam
297 758 451 813 crederetis
466 757 542 812 inter
555 757 632 811 diem
645 773 701 827 quo
713 756 846 811 adoratus
857 762 898 810 est
909 755 1036 812 Christus
1085 764 1194 820 natum,
1211 758 1281 812 nihil
1298 759 1443 827 pateretur
1456 772 1516 810 esse
1531 755 1695 818 confusum,
1710 751 1904 806 discernende

217 869 233 904 a
248 852 352 922 magis,
367 855 396 906 et
418 851 495 905 diem
519 867 576 921 quo
600 851 755 904 resurrexit
768 867 784 903 a
798 851 926 903 mortuis.
945 849 1035 912 Quam
1086 856 1169 907 erant
1183 867 1274 905 cauam
1287 850 1512 918 solemnitatum,
1522 846 1739 903 etinomnibus
1750 844 1904 900 constitutis

217 946 329 1016 culpam
344 944 521 999 nullomodo
536 943 870 1014 potuissetisincideresi
886 942 1035 997 andecan-
1084 948 1198 999 Patrum
1222 945 1443 1015 principumque
1466 947 1627 997 nostrorum
1649 938 1833 994 rationabilis
1855 955 1904 992 ser·

215 1039 402 1093 secretionem
418 1038 536 1092 honoris
547 1036 685 1107 accipitis,
700 1037 767 1090 inde
783 1037 875 1106 legem
887 1036 973 1090 totius
987 1035 1035 1088 ab·
1085 1040 1175 1092 sanda
1193 1038 1337 1093 discretio.
1354 1037 1424 1102 Quia
1437 1053 1496 1091 non
1508 1036 1591 1091 aliter
1603 1051 1680 1089 unus
1693 1049 1780 1104 grex,
1797 1037 1825 1086 et
1839 1048 1903 1086 unus

216 1131 364 1186 servantia
375 1131 534 1195 sumeretis,
547 1134 575 1185 et
585 1130 659 1184 beati
669 1130 743 1184 l'etri
753 1129 873 1200 apostoli
883 1129 962 1184 sedes
971 1144 1035 1199 quae
1086 1136 1183 1203 pastor
1192 1148 1300 1198 sumus,
1311 1131 1376 1200 nisi,
1390 1130 1636 1202 quemadmodum
1651 1126 1808 1198 spostolus
1819 1125 1901 1189 docet,

217 1225 296 1280 vobis
310 1224 492 1279 sacerdotalis
510 1227 603 1278 mater
620 1228 663 1277 est
685 1222 839 1293 diguitatis,
856 1225 929 1277 esset
946 1222 1032 1276 eccle·
1076 1224 1208 1296 ¹idipsam
1224 1225 1351 1280 dicamus
1373 1241 1483 1279 omnes.
1499 1224 1594 1278 Simus
1614 1227 1715 1276 autem
1740 1220 1859 1292 perlecti
1877 1220 1902 1272 in

216 1319 334 1374 siasticm
348 1316 612 1389 magistrationish
625 1316 761 1387 cujusvos
773 1316 880 1387 regulis
890 1315 1034 1370 recessisse
1085 1319 1183 1374 eodem
1197 1335 1292 1385 sensu,
1304 1322 1332 1372 et
1344 1318 1373 1371 in
1390 1316 1492 1372 eadem
1504 1317 1631 1370 scientia.
1648 1313 1792 1378 Quamvis
1804 1317 1902 1383 ergoet

217 1413 311 1467 minus
330 1416 423 1483 posset
447 1411 645 1483 aequanimiter
664 1409 788 1475 tolerari,
803 1409 824 1464 si
843 1410 936 1479 aliqua
955 1424 1032 1463 com·
1085 1414 1132 1467 illa
1142 1413 1248 1485 quatad
1260 1411 1575 1481 humilitatem,etqute
1583 1409 1618 1463 ad
1627 1408 1759 1479 gloriam
1769 1406 1901 1479 pertinent

216 1505 381 1561 incultionis
394 1508 498 1560 nostrae
512 1503 615 1575 pagina
629 1504 827 1574 praecessisset.
843 1504 864 1556 N
869 1518 923 1556 unc
936 1508 1033 1556 autem
1083 1508 1185 1563 Christi
1200 1508 1228 1560 iu
1245 1522 1331 1561 unum
1344 1510 1515 1577 percurrant
1532 1503 1731 1573 eamdemque
1746 1516 1899 1572 personam,

215 1601 283 1670 quia
295 1615 352 1653 non
363 1599 532 1670 desperatur
540 1597 687 1665 correctio,
697 1596 885 1651 mansuetudo
896 1595 1035 1650 servanda
1083 1605 1234 1671 totumque
1250 1599 1389 1670 quidquid
1405 1598 1435 1652 in
1448 1598 1508 1666 illo,
1523 1601 1552 1652 et
1565 1595 1682 1651 virtutis
1696 1595 1807 1650 dirinae
1820 1597 1901 1660 estet

216 1699 267 1748 est.
282 1694 315 1747 Et
337 1693 401 1747 licet
421 1692 467 1746 vix
491 1690 608 1745 ferenda
628 1690 664 1745 sit
688 1689 867 1743 sacerdotalis
889 1688 1031 1744 excusatio
1083 1694 1254 1749 infirmitatis
1273 1693 1407 1748 humanae
1428 1692 1463 1746 ad
1483 1695 1587 1745 nostrie
1603 1689 1808 1761 reparationis
1819 1686 1900 1743 tent

215 1802 278 1858 quae
286 1785 446 1857 praetendat
458 1784 648 1852 inscientiam,
660 1783 814 1837 maluimus
823 1789 920 1836 umen
931 1787 959 1836 et
968 1764 1070 1836 cen-B
1082 1788 1226 1854 effectum,
1241 1787 1354 1858 propris
1367 1791 1465 1840 tumen
1479 1785 1510 1840 in
1525 1788 1619 1839 morte
1633 1782 1783 1849 crueitixi,
1795 1781 1856 1835 etin
1865 1795 1897 1835 re

215 1896 309 1934 suram
331 1879 518 1934 necessariam
540 1884 710 1948 temperare,
725 1880 753 1930 et
771 1875 879 1930 ratione
892 1892 940 1929 ros
954 1892 1032 1946 aper·
1082 1881 1254 1936 surrectione
1265 1880 1372 1934 mortui
1383 1879 1510 1951 potentia
1520 1876 1708 1948 baptismatis
1719 1892 1827 1931 novam
1836 1889 1895 1929 crea-

216 1973 330 2028 tissima
339 1972 463 2028 veritatis
471 1972 620 2025 instruere.
631 1971 750 2040 Semper
759 1968 874 2041 quidem
885 1969 913 2023 in
924 1972 1031 2022 aterno
1081 1979 1174 2029 turum
1198 1974 1296 2029 condit
1315 1990 1350 2027 ex
1372 1973 1471 2039 reteri,
1488 1977 1519 2025 at
1539 1970 1777 2036 renascentibus,
1792 1974 1821 2023 et
1835 1983 1894 2022 mers

215 2061 1032 2134 consilioDaimansithumanigenerisincommutabiliter
1080 2059 1894 2139 Christiopereturetvita‚dicenteheatoapostolaPaula:

215 2159 404 2230 preordinata
426 2157 580 2230 reparatio,
596 2157 645 2211 sed
665 2157 733 2211 ordo
755 2172 851 2210 rerum
873 2157 1031 2226 pertesum
1083 2181 1096 2213 a
1112 2164 1155 2215 Au
1170 2161 1309 2232 ignoratis
1323 2160 1389 2231 quia
1412 2159 1577 2229 quicunque
1597 2157 1744 2228 baptizati
1764 2153 1894 2210 sumusin

215 2254 360 2308 Christum
373 2252 526 2306 hominum
540 2257 670 2305 nostrum
684 2249 878 2320 temporaliter
890 2248 1029 2320 gerenda·
1081 2255 1191 2309 christo
1204 2255 1281 2320 lesu,
1296 2254 1326 2307 in
1341 2256 1432 2307 morte
1446 2252 1534 2323 ipsius
1546 2249 1688 2321 baptizati
1704 2266 1807 2305 sumus
1816 2248 1829 2302 l
1839 2248 1895 2304 Cae

214 2364 279 2401 rum
304 2346 496 2400 incarnatione
520 2344 603 2399 Verbi
628 2343 749 2414 sumpsit
771 2341 930 2397 exordium.
952 2342 1031 2396 Unde
1081 2348 1182 2420 sepulti
1194 2349 1271 2402 enim
1284 2363 1381 2401 sumus
1394 2362 1459 2400 cum
1473 2345 1520 2399 illo
1533 2343 1823 2415 perbaptismumin
1834 2357 1894 2396 mar·

214 2440 290 2494 aliud
302 2442 415 2509 tempus
426 2444 468 2493 est
478 2454 534 2508 quo
545 2437 733 2492 annuntiante
742 2436 842 2507 angelo
851 2435 935 2489 beata
946 2434 1031 2489 idalia
1081 2445 1150 2507 tem,
1167 2447 1198 2496 ut
1219 2439 1360 2511 quomodo
1383 2437 1505 2493 surrexit
1527 2436 1657 2491 Christus
1678 2453 1698 2490 a
1718 2437 1838 2491 mortuis
1852 2448 1893 2506 per

214 2532 421 2588 fecundandam
438 2548 468 2585 se
492 2548 543 2602 per
557 2530 694 2602 Spiritum
716 2532 845 2583 sanctum
866 2527 987 2583 credidit
1003 2530 1032 2581 et
1082 2535 1202 2605 gloriam
1217 2534 1317 2599 Putris,
1333 2533 1372 2587 ita
1386 2537 1415 2587 st
1428 2549 1480 2586 uos
1498 2531 1527 2585 in
1547 2531 1675 2584 novitate
1692 2530 1761 2585 vitan
1776 2528 1889 2584 ambula·

213 2627 351 2696 concepit,
363 2625 439 2679 aliud
458 2642 515 2695 quo
535 2624 611 2678 salva
625 2622 792 2694 integritate
811 2621 938 2691 virginea
959 2637 1031 2690 puer
1081 2644 1154 2683 mus,
1171 2627 1199 2683 si
1215 2628 1292 2682 enim
1312 2625 1493 2697 complantati
1517 2623 1583 2679 facti
1602 2639 1709 2677 sumus
1728 2619 1893 2677 similitudini

215 2721 316 2787 editus,
342 2719 499 2773 exsultante
526 2717 630 2789 gaudio
653 2716 809 2771 coelestium
833 2715 1029 2768 ministrorum
1081 2720 1182 2775 mortis
1207 2721 1279 2791 ejus,
1295 2719 1381 2774 simul
1405 2723 1433 2774 et
1456 2716 1671 2773 resurrectionis
1696 2715 1891 2779 crimnisos„

214 2810 374 2884 pastoribus
387 2812 538 2876 indicatur,
548 2810 624 2865 aliud
638 2826 695 2881 quo
704 2809 799 2863 iulans
808 2808 1033 2876 circumciditur,
1081 2832 1116 2881 vr,
1131 2816 1221 2884 aiil-u
1234 2815 1267 2869 Et
1281 2818 1384 2867 catera
1399 2829 1462 2882 qaas
1475 2811 1558 2866 latius
1574 2809 1717 2880 magister
1732 2808 1855 2880 gentium
1864 2804 1891 2860 ad

215 2906 292 2960 aliud
308 2920 364 2976 quo
377 2905 468 2958 hostia
482 2920 533 2974 pro
547 2920 580 2957 eo
593 2902 732 2973 regularis
745 2901 870 2969 offertur,
881 2900 958 2955 aliud
974 2917 1030 2972 quo
1080 2907 1341 2962 commendandum
1354 2910 1565 2961 sacramentnm
1581 2903 1772 2973 baptismatis
1787 2902 1891 2973 deputa·

216 3003 273 3054 tres
284 2999 360 3069 magi
373 2997 502 3053 claritate
514 2996 580 3051 novi
593 2996 691 3050 sideris
704 2994 812 3049 incitati
826 2995 855 3047 in
867 2994 1030 3049 Bethlehem
1080 3001 1128 3069 vit,
1138 3003 1367 3071 utappareretex
1377 2997 1609 3070 hujusdoctrinae
1618 2996 1726 3066 spiritu
1737 3010 1891 3067 regeneran-

214 3092 372 3147 oboriente
395 3090 573 3162 perveniunt,
590 3095 618 3144 et
638 3090 786 3145 adoratum
805 3088 952 3158 parvulum
967 3104 1067 3207 ray-C
1081 3093 1124 3148 dis
1136 3093 1202 3148 filiis
1216 3094 1377 3162 hominum,
1392 3098 1421 3147 et
1433 3092 1463 3146 in
1480 3091 1528 3145 Dei
1543 3089 1609 3144 filiis
1631 3089 1807 3160 adoptandis
1823 3088 1888 3142 illan

215 3187 283 3241 stica
296 3200 449 3240 munerum
463 3183 606 3238 oblatione
618 3185 800 3237 venerantur.
811 3183 867 3236 Nec
877 3180 954 3235 idem
965 3186 1031 3236 suat
1081 3187 1157 3241 diem
1173 3203 1243 3256 esse,
1260 3186 1330 3241 illud
1344 3191 1456 3258 tempus
1469 3185 1602 3251 electum,
1617 3183 1647 3238 in
1663 3199 1724 3254 quo
1739 3199 1792 3254 per
1803 3180 1887 3236 simtu

214 3281 274 3335 dies
301 3279 403 3350 quibus
436 3277 523 3348 impio
555 3276 655 3332 llerodi
683 3275 815 3330 ordinata
842 3275 977 3330 divinitus
1000 3275 1029 3329 in
1080 3281 1208 3356 tudinem
1221 3275 1889 3352 mysteriieaqumranturmembrisquaeinipst

213 3375 366 3445 AEgyptum
378 3371 565 3426 translatione
579 3370 739 3425 subtractus
754 3373 807 3440 est,
822 3370 865 3423 vel
879 3370 982 3441 quibus
995 3369 1030 3424 ab
1080 3374 1169 3445 capite
1181 3379 1247 3429 sunt
1257 3379 1335 3446 gesta
1348 3387 1517 3445 congruere,
1527 3371 1597 3425 dum
1607 3367 1889 3442 baptismatisregnh

214 3470 333 3538 AEgypto
345 3466 376 3520 in
391 3465 534 3520 Galilaeam
549 3468 731 3535 persecutore
749 3467 861 3518 mortuo
882 3467 1030 3518 revocatus
1081 3485 1156 3523 mors
1170 3469 1323 3523 intervenit
1342 3465 1533 3522 interfectioni
1547 3464 1669 3535 peccati,
1685 3468 1716 3519 et
1728 3463 1886 3536 seratum

214 3564 265 3616 est.
275 3561 351 3615 luter
363 3560 413 3613 has
426 3561 523 3613 autem
535 3557 778 3628 dispensationum
791 3558 943 3613 varietates
954 3573 1030 3612 acce·
1080 3563 1239 3618 triduanam
1252 3561 1379 3617 imitatur
1391 3560 1468 3615 trina
1481 3559 1627 3625 dimersio,
1643 3560 1676 3612 et
1687 3559 1724 3613 ab
1740 3559 1822 3630 aquis
1832 3557 1887 3610 tare

215 3654 287 3708 dunt
313 3656 468 3724 augmenta
493 3667 641 3723 corporea,
664 3651 765 3705 crescit
793 3651 938 3718 Dominus,
958 3651 1031 3705 sicut
1080 3656 1119 3710 tio
1132 3655 1306 3727 insurgentis
1317 3654 1353 3708 ad
1367 3653 1457 3708 instar
1472 3658 1514 3707 est
1528 3653 1563 3707 de
1578 3651 1727 3722 sepulcro.
1742 3653 1807 3722 ipsa
1817 3649 1887 3720 igiter

215 3746 388 3818 evarigelista
398 3743 709 3816 testatur,prolectibus
721 3744 848 3799 atatiset
858 3743 968 3815 gratiae.
978 3744 1030 3798 Per
1079 3749 1173 3820 operis
1187 3749 1305 3820 qualitas
1318 3748 1401 3803 docet
1418 3745 1597 3801 celebrandae
1611 3745 1793 3814 generaliter
1805 3741 1885 3816 gratia

214 3842 274 3896 dies
292 3840 405 3894 Paschae
426 3840 455 3893 iu
470 3839 611 3909 templum
632 3854 696 3893 cum
719 3838 883 3908 parentibus
898 3837 985 3903 venit,
1002 3842 1030 3892 et
1080 3858 1145 3897 usum
1158 3859 1220 3897 esse
1235 3842 1396 3914 legitimum
1412 3840 1499 3907 diem,
1514 3840 1544 3893 ia
1555 3855 1612 3910 quo
1626 3843 1692 3893 orta
1707 3842 1762 3907 est,
1775 3843 1804 3893 ct
1816 3837 1885 3891 une

213 3950 278 3990 cum
292 3934 402 3989 abesset
414 3930 855 3998 societate‚redeuntiumsedens
864 3947 928 3985 cum
940 3930 1030 3985 senio·
1080 3936 1217 3999 muueris,
1232 3939 1260 3990 et
1273 3935 1379 4005 species
1393 3933 1520 3988 achonis.
1535 3930 1578 3987 ild
1592 3932 1678 4003 cujus
1694 3932 1738 3987 rei
1753 3929 1884 3986 confirme

214 4029 292 4084 ribus
302 4034 330 4082 et
341 4027 417 4081 inter
427 4025 600 4080 admirantes
617 4025 770 4095 magistros
783 4023 936 4092 invenitur,
946 4025 1030 4079 ratio·
1079 4031 1189 4085 tionem
1212 4029 1368 4100 plurimum
1389 4027 1463 4082 valet
1482 4025 1561 4097 quod
1583 4024 1644 4096 ipse
1665 4025 1805 4080 Dominus
1823 4024 1885 4079 les!

214 4137 337 4193 nemque
350 4119 536 4175 remansionis
556 4135 615 4172 suae
628 4118 760 4186 reddens,
776 4117 845 4188 quid
859 4123 910 4185 est,
924 4117 1027 4189 inquit,
1079 4118 1602 4195 Christus,posteaquami-esurrexita
1612 4119 1751 4186 mortuis,
1760 4113 1884 4188 discipula

214 4213 290 4287 quod
308 4229 354 4267 me
370 4211 557 4282 quaerebatis?
570 4209 742 4265 Nesciebatis
762 4210 839 4282 quod
861 4209 890 4264 in
906 4211 950 4265 his
965 4228 1029 4283 quae
1080 4217 1224 4288 inquibus
1243 4231 1342 4271 omnes
1357 4213 1541 4270 ecclesiarum
1560 4211 1704 4283 presules
1719 4212 1882 4271 dooehwtu

215 4306 305 4361 Patris
320 4305 377 4359 mei
390 4310 456 4358 sunt
468 4308 582 4375 oportet
593 4320 639 4358 me
650 4303 733 4358 esse?
746 4304 913 4374 significans
926 4304 987 4375 ejus
999 4322 1029 4359 se
1079 4318 1107 4366 et
1119 4311 1240 4365 formam
1252 4315 1281 4365 et
1290 4311 1459 4380 potestatem
1473 4305 1592 4361 tradidit
1600 4305 1780 4376 baptizandi,
1791 4305 1881 4360 dimus:

214 4416 275 4456 esse
284 4398 376 4455 lilium
390 4398 470 4469 cujus
485 4402 559 4453 esset
571 4400 599 4452 et
612 4399 763 4468 templum.
773 4399 836 4453 tam
847 4415 913 4454 vero
924 4415 989 4453 cum
999 4399 1028 4453 in
1081 4426 1095 4453 «
1112 4406 1215 4459 Euutes
1228 4419 1296 4474 ergo
1313 4419 1389 4457 nunc
1402 4400 1500 4456 docete
1512 4414 1612 4454 omnes
1627 4405 1742 4469 gentes,
1757 4397 1881 4469 baptim-

215 4495 298 4550 annis
323 4493 477 4565 ntaqoribus
502 4491 629 4563 apertius
655 4491 837 4547 declarandus
856 4492 1121 4576 baptismuthes
1136 4514 1185 4553 eos
1198 4497 1228 4551 in
1244 4496 1359 4551 nomine
1383 4494 1472 4549 Patris
1495 4497 1523 4546 et
1546 4492 1607 4546 Filii
1625 4497 1656 4547 et
1670 4492 1795 4564 Spiritus
1810 4484 1880 4544 unci

214 4588 397 4662 precursoris
418 4587 461 4641 sui
479 4585 595 4642 ioannis
613 4585 729 4657 expetiit
748 4585 817 4658 quid
838 4587 949 4641 deitatis
969 4587 1030 4658 ejus
1082 4592 1187 4660 (Multi.
1204 4607 1300 4657 nuru,
1318 4593 1371 4659 lul.
1388 4610 1401 4640 »
1416 4589 1455 4642 Do
1471 4603 1529 4659 quo
1550 4586 1650 4657 utique
1667 4603 1718 4642 eos
1735 4586 1819 4642 etiam
1832 4584 1880 4637 aaa

214 4682 349 4738 remansit
363 4679 531 4751 ambiguum
546 4680 660 4751 quando
674 4676 795 4752 Spiritus
812 4687 925 4735 sanctus
940 4680 969 4734 in
981 4697 1028 4735 eo·
1080 4685 1239 4756 passionem
1253 4684 1390 4756 potuisset
1401 4682 1553 4748 iustruere,
1567 4679 1621 4734 nisi
1634 4680 1764 4752 proprias
1774 4676 1879 4734 soluisti

215 4777 318 4830 luniboe
333 4774 425 4846 specie
435 4790 522 4845 super
531 4790 597 4829 eum
612 4773 755 4828 descendit
769 4777 798 4828 et
810 4774 923 4841 mansit,
933 4773 1030 4828 audita
1078 4777 1199 4849 intelligi
1209 4776 1436 4849 regenerationis
1447 4774 1568 4846 gratiam
1580 4789 1612 4829 ex
1625 4789 1679 4828 sua
1693 4769 1879 4828 resurrectitts

215 4871 251 4924 de
264 4869 340 4924 ecelis
362 4867 451 4923 Patris
468 4883 536 4922 voce
556 4867 676 4922 dicentis
692 4885 699 4921 ε
718 4891 731 4918 a
746 4869 786 4922 Tu
799 4885 828 4923 cs
843 4868 928 4922 Filius
948 4884 1029 4923 meus
1079 4872 1193 4944 cepisse.
1209 4871 1328 4926 Additur
1338 4886 1404 4925 sane
1418 4869 1484 4923 huic
1497 4867 1692 4922 observantias
1705 4865 1878 4922 eusmreae

213 4963 342 5029 dilectus,
357 4961 386 5017 in
400 4964 427 5015 te
443 4961 514 5015 bene
530 4961 709 5032 complacui?
724 4981 737 5012 »
754 4962 849 5032 (Marc.
862 4980 880 5031 r,
895 4960 948 5032 ll.)
960 4962 1029 5027 Quae
1079 4969 1167 5021 costes
1185 4983 1217 5019 ex
1240 4965 1362 5019 adventu
1378 4962 1497 5034 Spiritus
1510 4960 1600 5016 sancti
1615 4964 1784 5016 consecrata
1795 4957 1878 5013 solen·

214 5057 381 5113 omniaideo
391 5055 789 5128 qaantopotuimusbreritate
799 5056 1027 5128 perstrinximus,
1078 5060 1160 5129 nitas,
1177 5075 1240 5130 quoe
1253 5058 1288 5112 de
1302 5056 1440 5129 paschalis
1455 5055 1519 5110 sesti
1535 5053 1641 5126 pendet
1655 5054 1877 5122 athenaeum

215 5159 244 5207 at
257 5155 356 5206 notum
371 5150 408 5204 sit
426 5149 568 5204 dilectioni
581 5153 680 5204 vestrm
696 5150 841 5205 universos
852 5150 912 5206 dies
925 5150 1029 5205 Christi
1079 5154 1114 5208 ad
1129 5153 1198 5207 alios
1217 5152 1276 5207 dies
1295 5151 1349 5206 alia
1369 5151 1442 5205 festa
1462 5149 1637 5219 pertineant,
1653 5147 1717 5203 hec
1735 5135 1878 5217 semperti

211 5245 372 5302 innumeris
382 5248 560 5298 consecratos
575 5243 660 5298 luisse
670 5243 820 5298 virtutibus
834 5248 863 5298 et
875 5243 904 5298 in
920 5243 1028 5298 cunctis
1077 5246 1210 5301 eumdem
1221 5243 1485 5317 quiresurrectione
1494 5239 1878 5312 Dominiestinsignismessr

211 5342 272 5412 ejus
285 5339 443 5395 actionibus
457 5342 698 5393 sacramentorum
712 5337 846 5408 mysteria
856 5353 1026 5406 coruscasse,
1078 5341 1124 5409 rit,
1141 5340 1292 5411 porrigens
1306 5334 1518 5410 quodammodo
1541 5333 1712 5390 auxiliantis
1724 5331 1823 5405 gratie
1832 5341 1876 5383 nt·

211 5436 261 5491 sed
271 5435 354 5489 aliter
366 5433 454 5504 signis
467 5431 638 5498 denuntiari,
649 5430 731 5486 aliter
744 5431 828 5486 rebus
842 5431 964 5501 impleri,
976 5447 1027 5488 nec
1078 5450 1156 5502 num,
1172 5436 1203 5488 ut
1224 5433 1252 5488 hi
1272 5449 1344 5504 quos
1366 5449 1382 5486 a
1397 5431 1442 5486 die
1460 5429 1585 5497 raschae,
1603 5433 1656 5484 aut
1673 5427 1805 5484 molestia
1814 5420 1876 5481 inlr·

212 5543 391 5601 quaecttiique
416 5530 606 5581 numerantur
618 5525 646 5578 in
663 5524 796 5596 operibus
812 5525 974 5593 salvatoris,
991 5527 1028 5582 ad
1077 5527 1192 5593 mitatis,
1209 5531 1258 5581 aot
1280 5524 1473 5597 longinquitas
1498 5522 1620 5604 itineris,
1634 5527 1688 5578 aut
1708 5511 1878 5593 navigationi!

211 5629 325 5693 tempus
335 5620 478 5691 pertinere
488 5617 675 5690 baptismatis.
692 5619 760 5673 Nam
774 5619 797 5674 si
809 5619 894 5674 etiam
905 5619 953 5674 illa
963 5636 1027 5692 quat
1076 5621 1225 5676 difficultas
1239 5618 1400 5675 interclusit
1413 5617 1527 5684 inritos,
1541 5621 1594 5671 aut
1607 5615 1787 5688 quibuslibet
1798 5622 1877 5668 uate·

201 5721 268 5785 post
277 5713 358 5769 beati
367 5713 486 5769 lestinis
498 5712 643 5770 lavacrum
653 5712 687 5768 ab
698 5729 732 5768 eo
741 5719 818 5785 gesta
829 5714 1025 5786 cognovimus,
1076 5714 1206 5770 sitatibus
1219 5713 1381 5786 impeditos,
1396 5709 1531 5767 desiderii
1541 5708 1587 5764 sui
1598 5708 1736 5768 ellectum
1749 5708 1824 5766 done
1834 5700 1880 5775 Spi-

187 5807 243 5861 sah
256 5808 419 5865 indiscreto
430 5810 545 5871 tranare
560 5810 697 5887 callemus,
710 5810 811 5869 omnia
823 5813 952 5884 tempora
964 5826 1030 5865 con·
1077 5809 1150 5864 ritus
1159 5808 1246 5862 sancti
1262 5810 1482 5879 consequantur.
1498 5807 1560 5875 lpse
1575 5800 1659 5861 euim
1670 5802 1832 5879 unigenitus
1842 5793 1880 5853 Ν
