3870 6150
125 243 190 300 1203
724 237 891 294 ll’l’ENDlll
910 239 954 296 tl)
974 239 1139 301 SAECULUhl
1159 239 1202 293 lll.
1732 238 1786 291 llol

122 350 207 423 Cujus
219 349 249 405 in
261 347 342 403 initio
354 346 429 402 clare
442 345 601 418 primordia
612 345 688 401 clara
948 359 978 433 Α
1023 350 1060 403 Te
1075 348 1190 403 laudare
1203 347 1297 417 potest
1313 343 1435 417 pleniter
1451 346 1500 399 aut
1512 342 1624 399 merito.

158 443 306 500 llatthaeus
319 440 431 496 Domini
444 439 569 496 conciuit
583 455 618 496 er
631 439 742 496 Genesi.
989 444 1045 499 Ceu
1057 441 1208 515 plumbum
1216 443 1347 511 argento,
1359 455 1397 495 aes
1409 455 1490 506 auro,
1504 453 1553 494 rus
1568 437 1661 494 sidere
1674 438 1757 509 distat,

122 541 177 593 Ceu
191 536 237 592 leo
249 551 302 607 per
315 535 437 601 deserta,
452 533 550 590 tremit
563 533 677 590 deserta
691 533 830 590 minando
1025 539 1144 594 Gemma
1158 537 1241 604 vitro,
1255 534 1364 591 scandit
1376 535 1593 607 plasmatoria
1607 533 1701 590 modo.

156 635 216 687 Vox
228 633 288 699 tua,
302 631 403 699 Marce,
420 645 471 686 suo
482 628 553 685 fulto
566 643 693 701 perennc
708 629 776 684 Deo.
990 635 1064 690 Ante
1078 633 1153 688 Brito
1168 631 1274 688 stabilis
1285 630 1335 687 liet
1349 630 1392 686 vel
1406 628 1500 685 musio
1515 628 1593 684 muri

122 726 236 798 llystica
251 741 330 780 secra
342 740 430 780 sacras
442 728 536 795 partes
546 739 599 796 per
609 725 745 795 quattuor
757 721 834 778 orbis
1027 731 1079 785 Pax
1092 728 1167 785 bona
1180 742 1268 800 quam
1282 741 1389 781 nomen
1401 723 1473 780 desit
1487 724 1638 796 honosque
1659 728 1741 780 taum.

160 821 225 876 Fert
236 819 362 876 studium
375 820 457 875 hucae
470 817 540 874 lucis
553 817 589 873 ab
600 833 664 873 arce
678 817 743 889 piae.
990 827 1050 881 sam
1061 824 1123 896 jam
1135 838 1187 894 pro
1199 824 1286 889 tanto,
1303 836 1355 892 pro
1368 818 1418 876 tali
1433 834 1501 890 rege
1516 818 1648 891 profusas

122 914 164 970 ad
179 914 312 970 Genitum
325 914 416 970 Patris
430 928 516 987 super
529 912 647 981 aethera,
665 911 738 968 celse
755 912 886 977 loannes,
1027 917 1108 974 orbis
1122 922 1187 990 agat
1201 931 1317 972 meeum
1329 916 1406 970 totus
1419 913 1533 970 abunde
1554 929 1664 986 preces,

159 1008 286 1077 scandis,
300 1011 329 1063 et
341 1023 374 1064 ex
387 1007 478 1063 Verbo
491 1005 579 1062 verba
594 1005 713 1062 colenda
727 1005 813 1062 canis.
991 1015 1027 1068 Ut
1039 1012 1141 1081 valeat,
1157 1011 1263 1083 vigeat,
1280 1009 1355 1064 vivat
1367 1024 1418 1081 per
1432 1008 1536 1064 saecula
1549 1007 1630 1075 felix,

124 1101 225 1158 Eximii
238 1103 268 1157 hi
277 1102 390 1175 Jaciuut
402 1101 456 1156 late
471 1100 606 1172 mysteria
621 1099 736 1172 Christi,
1026 1108 1127 1163 Utatur
1139 1122 1220 1179 pace,
1233 1103 1425 1179 prosperitate
1438 1103 1548 1172 fruens,

159 1199 189 1251 ln
203 1212 288 1252 sensu
302 1195 386 1268 parili
402 1194 630 1267 conveniuntque
646 1193 708 1250 sibi.
991 1203 1124 1273 Regnum
1139 1200 1252 1267 habeat,
1269 1201 1373 1266 teneat,
1391 1197 1498 1262 dilatet,
1512 1196 1622 1266 fulciat,
1634 1202 1719 1264 ornet,

125 1290 223 1346 Plusve
233 1289 501 1362 minuerevelrequa
510 1288 769 1360 boent,suasicquc
778 1288 939 1346 dehiscunt.
1027 1294 1118 1350 aedas
1133 1293 1158 1349 ci
1174 1293 1240 1365 jura
1252 1292 1324 1365 legis
1336 1291 1372 1347 ab
1386 1307 1450 1347 arce
1463 1291 1521 1363 pia,

159 1388 292 1440 attamen
305 1384 419 1440 effectus
434 1399 510 1439 unus
523 1382 659 1456 utrinque
673 1398 771 1438 novus.
992 1391 1111 1461 iusuper
1124 1387 1168 1443 his
1181 1386 1286 1443 habitis
1301 1386 1439 1458 praclare
1450 1384 1481 1441 iu
1493 1390 1625 1458 tempore
1638 1385 1733 1440 mortis

125 1481 182 1534 lloc
195 1479 383 1551 Evangelium
396 1482 487 1545 sanat,
503 1477 659 1544 blanditur,
676 1477 805 1548 honorat,
1027 1484 1198 1555 Perpetuam
1211 1482 1339 1555 requiem
1351 1480 1398 1536 hic
1411 1482 1568 1537 mereatur.
1582 1482 1683 1535 Amen.

160 1572 295 1645 Castigat,
308 1572 409 1642 reficit,
424 1571 528 1640 munit,
543 1572 686 1642 honestat,
701 1571 760 1627 alit.
1362 1580 1365 1585 ’

125 1667 173 1722 llic
188 1667 291 1723 modus
310 1666 424 1738 affandi,
438 1666 483 1722 hic
500 1666 600 1734 virtus,
615 1665 661 1721 hic
677 1665 750 1721 actio
765 1666 885 1734 munda,
991 1708 1023 1761 m
1036 1705 1134 1759 ultima
1156 1703 1221 1758 libri
1261 1718 1278 1757 a
1304 1704 1345 1757 m
1370 1706 1432 1757 ame
1449 1703 1596 1769 imam
1617 1701 1693 1768 cnjus
1711 1701 1788 1754 mem

160 1761 210 1816 llic
222 1761 310 1832 cibus,
324 1761 371 1817 hic
384 1764 478 1832 polus,
493 1760 539 1816 hic
553 1759 704 1816 benedicta
716 1760 800 1816 salus.
950 1745 979 1817 B
1064 1744 1066 1749 ¹
1114 1786 1191 1852 sacta
1208 1718 1373 1838 „mnoia
1387 1781 1425 1836 ag
1434 1796 1542 1836 ,amm
1555 1781 1684 1852 ,mmm

126 1857 174 1912 llic
186 1855 251 1923 vita,
265 1855 398 1924 charitas,
411 1855 467 1924 via,
481 1871 555 1927 spes,
568 1870 734 1928 verumque,
748 1854 886 1928 fidesque,

160 1951 214 2006 Seu
229 1949 305 2006 bona
316 1953 417 2006 cuncta
426 1949 510 2004 simul
523 1948 683 2005 consociata
695 1949 802 2021 vigent.
993 1956 1057 2010 llaoo
1072 1955 1158 2009 etiam
1173 1952 1284 2025 pictura
1298 1951 1418 2008 recludit
1429 1949 1553 2025 qualiter
1566 1949 1652 2005 heros

126 2046 173 2101 llis
185 2059 312 2100 assuesce
327 2044 386 2113 diu,
403 2044 465 2099 haec
480 2043 626 2111 meditare,
638 2044 698 2098 haec
716 2043 813 2115 dilige,
830 2043 887 2098 siva
1028 2047 1118 2104 Offert
1130 2045 1264 2102 livianus
1276 2062 1342 2102 cum
1359 2061 1446 2118 grege
1460 2061 1537 2100 nune
1555 2046 1610 2101 hoc
1623 2059 1701 2115 opus.

160 2141 191 2194 ln
205 2153 335 2194 sermone
349 2154 435 2209 opera
451 2137 511 2192 haec
524 2136 654 2192 habitare
669 2138 761 2192 stude.
992 2145 1065 2197 Ante
1080 2140 1129 2197 uhi
1141 2144 1205 2214 post
1217 2144 1329 2212 patrem
1343 2139 1474 2212 primites
1488 2140 1617 2196 muudus
1629 2136 1762 2200 amandus,

128 2235 186 2290 lter
198 2232 284 2301 boue,
300 2247 350 2288 rex
364 2231 485 2305 sapiens,
497 2247 549 2286 rex
563 2229 699 2302 prudens,
712 2247 763 2287 rex
772 2230 941 2302 venerande,
1028 2235 1177 2308 sigualdus
1189 2236 1294 2306 justus,
1311 2250 1439 2289 summus
1451 2233 1616 2306 aregarius.

161 2328 218 2382 Rex
232 2326 331 2382 Canale
344 2328 430 2394 alme,
443 2326 505 2381 vale
518 2341 584 2380 cum
604 2324 721 2397 pietatis
735 2341 799 2397 ope.
994 2330 1061 2395 Quis
1072 2329 1163 2384 tribus
1182 2330 1224 2384 est
1238 2328 1374 2401 probitas,
1389 2328 1480 2400 pietas
1499 2344 1671 2400 verumque,
1684 2325 1788 2398 iidesqaa

126 2424 177 2478 [tet
190 2420 241 2476 tibi
256 2423 366 2493 sceptra
375 2420 466 2493 patris
478 2421 567 2488 lesus,
583 2417 740 2490 confirmet,
755 2420 870 2489 adunet,
1029 2424 1137 2479 Caetera
1151 2424 1271 2479 honesta
1283 2437 1396 2495 quoquc
1410 2422 1573 2477 consociata
1588 2421 1684 2477 simul.

162 2515 281 2572 Praemia
293 2519 458 2571 sanctorum
471 2519 503 2570 ut
516 2513 662 2571 merearis.
677 2515 779 2569 Amen.
993 2520 1113 2584 Quartus
1127 2517 1171 2573 his
1183 2518 1274 2572 haeret
1282 2516 1399 2588 junctus
1414 2514 1592 2572 sanctissime
1608 2515 1702 2583 David,

1029 2611 1082 2677 Qui
1096 2614 1123 2667 te
1135 2611 1163 2667 vi
1178 2613 1237 2666 tota
1251 2609 1356 2665 mentis
1369 2625 1470 2665 amore
1483 2610 1559 2665 colit.

994 2706 1026 2762 lli
1038 2705 1124 2778 proni
1137 2703 1252 2760 tibimet
1265 2704 1387 2760 llomino
1400 2702 1434 2758 de
1445 2706 1526 2775 parte
1538 2703 1618 2760 beati

127 2803 148 2856 0
165 2802 261 2870 decus,
276 2818 292 2856 o
307 2799 470 2856 veneranda
483 2800 567 2867 salus,
582 2817 598 2854 o
612 2798 762 2870 splendide
778 2797 877 2866 David,
1029 2799 1141 2855 llartini
1153 2815 1186 2854 ac
1197 2799 1319 2854 fratmm
1335 2813 1399 2854 eece
1414 2797 1521 2854 librum
1534 2797 1685 2863 tribuunt,

162 2897 219 2951 Rex
232 2893 332 2950 Carole
344 2894 417 2948 alme
433 2893 498 2963 vige
517 2891 740 2963 cunctipotentis
753 2907 816 2964 ope.
994 2894 1079 2966 Cujus
1094 2894 1203 2948 honoro
1218 2897 1324 2965 rogant
1336 2891 1457 2964 placeat,
1473 2890 1618 2961 laudetur,
1633 2893 1739 2948 ametur

127 2987 230 3056 Gloria,
243 2987 316 3054 laus,
328 2986 429 3055 honor,
441 3001 526 3040 omne
540 2985 653 3054 decens,
664 2984 808 3041 miseratio
817 2984 943 3042 clemens
1029 2989 1184 3056 Scrutatur,
1198 2986 1297 3058 prosit,
1312 2985 1478 3055 auxilietur,
1493 2986 1567 3055 elat;

162 3081 254 3137 Pictos
268 3097 298 3136 es
315 3079 361 3135 hic
373 3078 467 3134 studio
481 3078 550 3134 artis
563 3079 599 3133 ab
612 3078 727 3134 ammio.
969 3134 979 3159 ,
993 3086 1024 3139 lu
1037 3098 1094 3155 quo
1109 3081 1148 3136 nil
1162 3080 1241 3136 aliud
1254 3095 1339 3152 quam
1352 3081 1474 3135 fratrum
1489 3080 1551 3135 sola
1563 3079 1692 3135 voluntas

126 3176 179 3232 Sed
193 3175 262 3248 quia
275 3179 335 3230 tam
348 3173 410 3230 hare
422 3173 541 3229 rutilans
554 3171 662 3245 speeies
681 3173 703 3228 it
715 3171 829 3229 nonnid
841 3172 908 3229 iecit
1029 3177 1067 3231 Er
1081 3180 1130 3232 tus
1143 3191 1215 3248 quas
1227 3173 1300 3229 villis
1315 3174 1406 3246 jhssio
1421 3173 1598 3231 reddiderat.

162 3271 233 3325 Vera
245 3268 288 3324 tui
299 3267 393 3324 omnis
408 3267 454 3323 eui
468 3266 542 3323 cedit
555 3267 652 3339 imago
665 3266 730 3335 riri,
995 3269 1098 3326 Reddis
1110 3285 1166 3339 eas,
1183 3270 1288 3336 Caesar,
1302 3267 1412 3323 Martini
1425 3283 1477 3339 pro
1491 3270 1639 3334 veneratu,

126 3365 161 3418 Es
175 3363 255 3436 prior
268 3361 374 3434 effigie,
390 3376 475 3416 sensu
487 3359 576 3432 prior,
591 3360 710 3432 artibus,
727 3359 809 3416 odis:
1029 3363 1130 3419 Domni
1144 3379 1193 3419 seu
1210 3361 1342 3435 precibus
1357 3378 1474 3434 semper
1487 3361 1661 3418 amabilibus

162 3457 208 3512 llis
218 3455 298 3528 prior
310 3457 359 3510 aut
371 3454 436 3524 illis,
449 3456 537 3511 restat
549 3454 580 3509 in
593 3453 745 3527 ambiguis.
995 3457 1136 3529 Perpetui,
1152 3472 1265 3513 necnon
1279 3455 1379 3511 Briccii
1393 3454 1535 3512 tutamine
1548 3457 1651 3523 sancti,

126 3554 159 3607 Et
173 3551 248 3608 beno
260 3552 339 3621 grata
351 3549 409 3605 tuis
421 3548 482 3603 hace
497 3547 648 3619 ignoratio,
664 3548 762 3617 David,
1030 3552 1142 3623 Proque
1156 3550 1219 3605 aliis
1237 3549 1364 3622 reliquis,
1380 3566 1397 3605 o
1409 3549 1551 3621 paradise,
1568 3550 1634 3606 tuis.

162 3644 263 3717 Fulget
274 3643 380 3715 ubique
395 3642 474 3698 locus
492 3642 597 3698 latitia
612 3642 726 3698 nimius.
995 3648 1052 3700 lmo
1066 3645 1157 3717 magis
1171 3660 1225 3717 pro
1238 3648 1278 3713 te,
1290 3644 1356 3698 lesu
1371 3642 1499 3699 Salvator
1512 3648 1617 3709 amate,

126 3741 189 3795 Fert
203 3741 232 3794 et
246 3737 287 3794 eis
300 3736 450 3793 manifesto
464 3736 541 3809 quod
554 3737 592 3792 sis
605 3737 696 3808 major
708 3737 845 3809 utrinque
1030 3738 1073 3794 Sis
1085 3742 1118 3794 ut
1131 3737 1157 3793 ei
1172 3737 1231 3793 rita
1244 3737 1370 3809 denique
1381 3741 1530 3809 perpetua.

161 3833 267 3906 Magnis
284 3832 315 3887 in
327 3831 438 3887 cunctis
451 3831 584 3887 omnibus
598 3830 667 3886 orbe
678 3830 755 3888 viris
994 3834 1047 3887 Pro
1062 3830 1176 3887 famulis
1188 3829 1273 3887 nohis
1286 3830 1374 3887 etiam
1387 3831 1549 3887 oratoribus
1568 3832 1653 3904 aptis,

126 3929 202 3983 Justa
211 3926 306 3998 jubes,
322 3924 425 3997 injusta
442 3929 529 3994 vetas,
544 3925 619 3981 mala
634 3929 733 3980 cuncta
746 3923 849 3980 recidis
864 3941 870 3978 :
1031 3927 1106 3991 Quos
1120 3925 1181 3981 sitis
1194 3925 1337 3994 obruemt,
1351 3924 1442 3996 frigus
1455 3928 1484 3979 et
1497 3928 1560 3981 atra
1571 3925 1669 3981 fames.

161 4019 247 4076 llictis
259 4034 309 4076 seu
321 4019 403 4075 lactis
415 4018 440 4074 is
452 4018 496 4074 via
509 4023 607 4074 sancta
625 4018 691 4074 tuis.
995 4022 1017 4075 0
1032 4037 1092 4089 rex,
1108 4037 1124 4075 o
1137 4019 1305 4087 reverende,
1321 4017 1371 4074 liat
1385 4017 1531 4074 renovatio
1544 4017 1600 4074 lira

127 4115 196 4181 Quae
220 4112 300 4170 canis
325 4113 385 4186 ipse
409 4113 488 4184 facis,
515 4128 609 4186 neque
630 4112 660 4169 in
689 4113 734 4170 his
759 4110 945 4184 reprehensio
1030 4113 1195 4171 amerceda
1208 4116 1257 4169 tua
1272 4112 1330 4168 siae
1344 4111 1432 4168 salute
1447 4116 1506 4167 tua.

828 4205 943 4277 [sordet
995 4208 1149 4264 Praeaaleat
1162 4207 1260 4279 regale
1274 4206 1371 4276 decus,
1389 4209 1563 4278 superetque
1584 4211 1708 4279 potestas

378 2680 393 2703 ·
423 2665 643 2736 lnflnccoda'cis.

163 4304 220 4358 Aut
231 4302 261 4357 in
277 4305 396 4373 utroque
409 4300 465 4355 nisi
478 4300 550 4356 ectio
565 4300 712 4372 parallei.
1031 4304 1143 4374 Regum
1158 4301 1192 4358 de
1207 4317 1287 4357 more
1303 4301 1353 4373 qui
1367 4300 1481 4356 coluere
1496 4299 1618 4356 bonnm.

129 4396 257 4455 Ecclesia
270 4396 377 4465 fautor,
390 4393 474 4449 cleris
488 4393 658 4467 populisque
672 4393 804 4450 levamen
995 4399 1172 4468 Praeceptum
1193 4394 1342 4467 genitoris,
1356 4394 1411 4464 avi,
1426 4393 1525 4466 proavi
1540 4396 1694 4450 renovasti.

164 4490 376 4562 Ordinibusque
388 4488 477 4545 sacris
492 4504 580 4562 quam
595 4504 677 4544 sacer
691 4487 760 4544 ordo
773 4487 852 4544 satis.
954 4509 984 4582 D
1030 4492 1088 4546 lloe
1099 4493 1164 4558 stet,
1178 4489 1232 4544 hoc
1246 4490 1372 4556 maneat,
1387 4488 1441 4543 hoc
1451 4503 1505 4542 nec
1519 4487 1600 4544 obire
1612 4494 1708 4562 queat.

130 4589 181 4644 Per
195 4589 223 4642 te
238 4583 387 4659 pontifices
400 4598 504 4656 pueros
518 4598 584 4638 cum
598 4581 751 4639 chrismate
764 4587 861 4638 sancto
997 4584 1079 4651 Quod
1092 4587 1140 4638 tna
1156 4585 1253 4639 sancta
1265 4598 1367 4637 manus
1379 4597 1473 4653 nuper
1484 4580 1610 4639 firmarit
1625 4583 1743 4640 honeste

164 4680 282 4737 Nomine
296 4680 332 4736 de
345 4677 450 4735 Christi
463 4677 517 4732 rite
539 4692 645 4733 novare
661 4681 786 4751 queunt;
1033 4677 1170 4750 Praecepti
1180 4675 1263 4744 serie,
1278 4691 1395 4748 prorsus
1407 4678 1455 4731 eat
1469 4675 1584 4732 stabile.

42 4778 48 4789 ‘
132 4773 200 4837 Quis
212 4773 315 4829 tribuis
330 4772 447 4829 maritos
465 4771 570 4829 merito
591 4770 704 4830 deitatis
723 4771 858 4838 honoras,
997 4771 1069 4838 Quid
1082 4770 1188 4827 facient
1200 4769 1249 4827 alii
1262 4769 1339 4842 regis
1352 4769 1472 4825 mutatio
1485 4769 1558 4825 tanti

168 4870 241 4924 Dum
256 4871 284 4923 te
305 4866 401 4922 subdis
415 4867 456 4923 eis
469 4866 567 4935 corde,
584 4882 680 4939 opere,
697 4881 757 4937 ore,
773 4864 839 4920 lide.
1034 4868 1064 4921 ln
1078 4865 1151 4921 facto
1164 4865 1218 4920 hoc
1230 4863 1316 4920 fuerit
1328 4863 1352 4919 si
1364 4864 1444 4919 hosta
1456 4862 1572 4935 vigente
1588 4867 1676 4920 malo.

132 4961 190 5019 Scis
202 4960 268 5017 ideo
283 4977 378 5016 serras
390 4960 467 5035 quod
483 4961 578 5034 portio
592 4959 695 5017 debeat
709 4960 752 5016 ire
1000 4964 1009 5016 l
1024 4960 1122 5034 procul
1137 4963 1223 5032 atque
1235 4957 1336 5031 procul
1350 4958 1440 5013 scelus
1458 4957 1512 5013 hoc
1531 4957 1648 5015 crudele
1662 4976 1715 5032 per
1726 4974 1805 5015 omne.

166 5055 262 5112 Prima
276 5054 318 5111 tui
331 5053 458 5124 Domini,
474 5055 523 5127 qui
536 5054 616 5111 dedit
630 5069 691 5110 csse
708 5052 768 5109 tihi.
1033 5055 1073 5109 Tu
1088 5069 1177 5126 prope
1187 5051 1298 5124 justitia
1311 5051 1392 5106 vince
1405 5050 1514 5122 nociva,
1529 5051 1609 5124 laga.

131 5153 251 5224 Pauper,
278 5165 397 5222 egenus,
422 5147 515 5221 inops,
538 5149 633 5218 vidua,
657 5148 812 5221 orphanus,
836 5146 948 5212 anxius,
1000 5149 1077 5213 Quas
1092 5146 1190 5202 laudes
1204 5145 1266 5215 tibi,
1280 5161 1351 5218 quas
1370 5149 1553 5218 gratesque
1580 5149 1721 5217 carmina,
1735 5145 1808 5204 hasil

806 5239 912 5312 [orbus
1036 5240 1116 5307 Quod
1133 5239 1281 5313 perdulce
1295 5237 1398 5310 melos,
1412 5255 1475 5307 vor,
1486 5239 1556 5312 lyrae
1570 5241 1685 5298 chorda
1694 5246 1780 5298 canat.

166 5340 214 5396 llis
228 5338 347 5412 aliisque
363 5337 447 5393 datus
458 5353 488 5394 es
500 5340 584 5410 pater
595 5341 682 5409 atquo
698 5335 785 5392 cibus.
1000 5339 1055 5393 Nos
1069 5333 1212 5409 siquidem
1225 5333 1361 5406 psalmos,
1372 5332 1471 5389 missas
1485 5332 1608 5406 speciale
1621 5352 1781 5408 precamur,

131 5432 233 5490 ludicii
246 5433 335 5489 volvis
355 5432 460 5489 totiens
476 5436 603 5489 extrema
617 5429 683 5499 diei,
1036 5429 1189 5485 Psallemus
1208 5443 1262 5500 pro
1277 5431 1315 5498 te,
1329 5427 1463 5500 conjuge,
1476 5428 1569 5500 prole,
1584 5428 1643 5501 pie.

167 5528 307 5603 Quodque
320 5525 411 5600 putris
424 5544 490 5584 earo
503 5526 537 5582 os
549 5543 581 5582 ac
603 5525 748 5600 periturus
761 5524 858 5578 homo.
1001 5524 1046 5581 Sic
1060 5521 1148 5579 nostri
1163 5535 1230 5577 vere
1248 5524 1313 5593 post
1328 5536 1381 5576 nos
1396 5519 1558 5594 quicunque
1571 5521 1665 5580 futuri

132 5626 284 5696 Propterea
298 5639 328 5678 es
342 5621 447 5694 justus,
462 5621 602 5695 prudens,
617 5617 710 5688 fortis,
726 5616 893 5673 moderatus
907 5634 913 5671 :
1036 5616 1170 5672 Assiduus
1182 5614 1304 5673 fundant
1316 5612 1543 5687 multiplicesque
1555 5631 1670 5688 preces.

168 5716 285 5789 Semper
297 5717 376 5789 larga
391 5732 505 5788 manus,
523 5721 551 5772 et
563 5713 675 5788 pietalis
690 5728 771 5785 opus.
1002 5711 1065 5768 Sint
1077 5710 1128 5767 tibi
1142 5726 1217 5782 spes,
1231 5709 1332 5779 virtus,
1345 5709 1454 5778 lumen,
1467 5708 1593 5779 victoria,
1608 5709 1750 5777 Christus,

133 5810 184 5873 Qui
201 5810 304 5882 pluviae
319 5814 427 5882 guttas,
446 5826 598 5867 numerum
615 5807 663 5880 qui
683 5806 761 5863 novit
775 5821 879 5876 mona,
1037 5805 1102 5876 Pax,
1117 5805 1178 5861 laus
1191 5804 1335 5873 continue,
1351 5819 1400 5860 rex
1416 5803 1489 5859 hone
1501 5802 1601 5874 David,
1616 5820 1682 5862 ave.
