3870 6150
64 249 128 302 rior
415 226 418 230 ’
682 240 918 296 nucuurauuu
939 241 1130 295 coniberto.
1678 245 1744 299 μοι

60 354 194 409 laborum
216 351 352 408 exercitia
377 351 519 406 clariores.
535 351 568 405 Et
581 365 755 423 quanquam,
768 349 878 416 fratres,
891 348 1036 434 Ajurare,
1050 347 1284 421 peregrinantem
1298 349 1434 405 reducere
1448 353 1514 421 post
1529 349 1686 421 intervalla,
1703 355 1747 408 est

61 450 103 502 ita
117 448 180 504 brec
197 463 226 502 se
242 437 376 515 habeant,
397 460 456 500 non
476 449 570 501 tamen
591 447 659 499 sunt
672 443 880 513 consentiendi,
927 441 1048 515 justitia.
1061 441 1142 496 Libet
1157 442 1234 497 enim
1247 442 1366 498 Domino
1379 459 1516 515 prospera
1523 444 1573 516 qui
1586 445 1621 500 ab
1633 445 1745 503 afflictis

61 541 113 598 sed
126 539 312 613 reprobandi,
323 539 372 611 qui
383 539 513 611 praelatos
523 553 589 594 suos
600 539 644 592 vel
655 536 879 610 reprehendunt,
930 535 1011 609 pellit
1022 535 1147 591 adversa.
1163 535 1299 606 Statutus,
1316 537 1470 592 venerandi
1480 537 1624 609 praesules,
1635 539 1745 595 sudoris

61 638 107 692 vel
133 639 289 703 accusant;
315 634 391 689 unda
416 631 554 688 canonica
577 636 740 688 sanctorum
767 632 881 687 Petrum
929 629 1200 701 fructusestjudicio
1209 629 1537 702 reddenduspurissime,
1547 631 1613 687 utin
1623 637 1745 705 utroque

61 732 179 798 statuta,
194 745 231 785 ne
249 727 391 784 columnae
409 732 514 782 sanctae
529 726 659 782 Ecclesia
680 724 820 796 vacillent,
840 740 882 781 sc·
931 739 1075 796 congruus
1087 723 1165 779 nitor
1176 739 1229 779 nec
1243 723 1447 795 suscipientem
1458 725 1633 794 devenustet,
1642 725 1666 781 si
1673 726 1745 782 indi·

61 826 194 895 quentes,
219 837 251 876 ac
273 821 441 877 roborantes
455 837 554 876 omnes
572 819 695 875 infames
708 822 881 889 cunctosque
932 835 990 890 gna
1006 817 1175 873 auctoritate
1198 818 1370 890 pervenerit,
1384 834 1436 874 nec
1453 817 1476 873 si
1497 819 1671 888 conferatur,
1693 820 1746 875 im-

62 915 265 989 suspectosvel
279 914 417 982 inimicos,
441 919 470 970 et
485 928 533 969 eos
555 914 604 985 qui
624 931 681 968 non
700 917 766 968 sunt
779 927 881 968 eorum
932 917 1035 972 merito
1056 917 1180 972 maculet
1204 914 1386 987 largientem.
1410 916 1452 972 Sit
1474 933 1588 990 semper
1610 918 1746 974 adversus

62 1010 168 1083 gentis,
183 1011 228 1065 vel
247 1025 371 1082 quorum
385 1008 467 1078 tides,
483 1008 548 1075 vita,
562 1012 590 1062 et
612 1006 727 1063 libertas
745 1005 880 1074 nescitur,
930 1027 1034 1085 pravos
1050 1013 1078 1067 et
1094 1010 1198 1084 impios
1221 1014 1307 1082 atque
1326 1025 1471 1065 servorum
1486 1010 1536 1067 Dei
1553 1017 1746 1083 persecutores

61 1104 154 1177 etqui
166 1120 226 1159 non
245 1107 311 1158 sunt
330 1102 414 1157 bona
439 1100 670 1168 conversationis,
692 1101 735 1155 vel
757 1115 880 1172 quorum
930 1105 1019 1161 libera
1030 1120 1094 1173 vox,
1110 1107 1139 1160 et
1153 1103 1210 1159 oris
1224 1103 1319 1175 gladio
1332 1103 1471 1159 feriantur
1484 1109 1513 1159 et
1526 1104 1745 1178 redarguantur,

60 1199 120 1254 vila
133 1200 177 1253 cst
188 1196 351 1252 accusabilis
370 1196 405 1251 ab
427 1196 506 1250 omni
527 1194 709 1251 accusatione
730 1193 880 1266 episcopo·
930 1201 1140 1272 persequantur
1149 1201 1177 1253 ct
1189 1198 1377 1270 repellantur,
1391 1197 1605 1253 confundantur
1618 1202 1647 1255 el
1663 1215 1745 1256 aver-

62 1309 129 1348 rum
141 1290 270 1348 funditus
280 1290 491 1345 submovemus.
504 1289 643 1345 Similiter
652 1291 681 1344 et
694 1304 795 1344 omnes
808 1303 881 1360 quoa
930 1297 1039 1360 tantur,
1062 1308 1115 1348 nec
1142 1291 1263 1347 laedendi
1290 1291 1336 1363 pie
1362 1290 1487 1347 viventes
1509 1291 1600 1347 ullam
1625 1292 1749 1349 habeant

62 1385 168 1442 divinae
181 1385 257 1456 leges
278 1389 406 1439 mortuos
427 1383 581 1455 appellant,
596 1380 881 1438 submovendosesse
930 1386 1103 1442 facultatem.
1127 1385 1301 1456 Plerumque
1325 1384 1457 1457 periculis
1482 1386 1567 1456 plena
1591 1390 1658 1442 sunt
1683 1403 1748 1458 quas

62 1479 98 1535 ab
112 1478 215 1535 eadem
228 1477 417 1543 accusatione,
438 1479 468 1531 et
487 1475 608 1547 publicu
622 1474 799 1547 paenitentiae
812 1473 881 1528 sub·
930 1480 1064 1535 videntur
1073 1495 1133 1535 esse
1143 1478 1298 1547 tutissima;
1310 1477 1404 1534 videte
1411 1478 1525 1550 quantis
1536 1478 1749 1536 laborenttales
1854 1544 1858 1553 ,

62 1571 217 1629 mittendos
233 1570 414 1642 judicamus3
429 1585 521 1641 neque
536 1569 605 1623 dum
619 1567 749 1624 Ecclesia
762 1567 882 1639 alicujus
929 1573 1053 1642 insidiis;
1077 1572 1140 1628 ideo
1156 1570 1354 1627 absconditum
1375 1588 1436 1627 esse
1449 1573 1598 1645 nonlicet,
1612 1575 1749 1646 quodad-

61 1666 200 1739 episcopi,
223 1669 273 1720 aut
295 1663 496 1736 possessiones,
510 1664 553 1717 vel
567 1679 613 1718 res
628 1661 664 1716 ab
684 1661 794 1716 aemulis
807 1660 879 1732 ejus,
933 1667 1037 1722 dimus.
1056 1668 1120 1722 lam
1142 1665 1248 1720 latebat
1268 1670 1365 1720 nostra
1387 1666 1547 1737 persecutio
1571 1667 1747 1739 manifesta3

61 1761 105 1815 rel
119 1776 137 1815 a
149 1758 365 1830 quibuscunque
377 1756 440 1811 eliis
452 1772 510 1811 nou
524 1772 574 1810 suu
589 1757 689 1827 sponte
703 1754 880 1822 detinentur,
894 1729 1128 1816 Bmisericordia
1149 1763 1191 1814 est
1211 1757 1284 1814 circa
1305 1761 1500 1830 persecutores
1524 1765 1553 1816 et
1575 1760 1749 1818 facinorosos

60 1853 169 1925 aliquid
181 1851 222 1907 illi
236 1851 331 1919 debet,
345 1853 394 1905 aut
416 1853 538 1922 potesta
554 1864 700 1921 quoquam
721 1850 788 1904 ante
803 1848 879 1903 reiu-
931 1859 1041 1909 servata
1064 1852 1213 1909 districtio.
1242 1854 1316 1924 Ergo
1341 1853 1435 1923 sopori
1461 1853 1587 1926 quietem
1611 1854 1747 1922 tribuite,

60 1947 253 2019 tegrationcm
271 1944 402 2001 omnium
427 1959 523 1999 rerum
544 1959 662 1998 suarum
681 1941 814 2014 objicere,
831 1941 881 1997 sed
930 1947 1087 2003 coeleslium
1099 1947 1302 2002 mandatorum
1310 1947 1422 2002 hostem
1434 1963 1546 2020 quoque
1559 1947 1702 2020 depellite,
1711 1965 1748 2005 ne

59 2041 142 2115 prius
153 2039 195 2095 illi
208 2039 320 2111 legibus
333 2036 536 2109 reintegranda
549 2040 614 2091 sunt
628 2036 733 2104 omnia,
748 2038 882 2108 etpostea
930 2040 1052 2097 eandida
1074 2040 1252 2095 conversatio
1276 2039 1424 2095 vobiscum
1451 2040 1643 2097 habitantium
1669 2041 1748 2097 tusca
1831 2049 1833 2053 ’
1855 2111 1857 2114 Α

59 2139 191 2206 tempore
206 2150 223 2188 a
244 2131 372 2188 Patribus
393 2129 535 2202 praefinito
557 2134 625 2187 sunt
645 2129 761 2202 negotia
787 2128 880 2185 venti·
931 2133 1159 2206 supervenientis
1173 2133 1341 2205 contagione
1354 2133 1487 2189 violetur.
1499 2138 1571 2190 llnte
1583 2135 1671 2204 enim,
1685 2151 1749 2207 pro

59 2227 146 2283 landa
160 2244 167 2282 :
182 2226 325 2282 reivrtandi
339 2231 405 2280 sunt
418 2225 506 2280 etiarn
528 2226 665 2295 raptores,
686 2223 773 2291 iures,
794 2222 880 2277 sacu-
930 2229 1052 2285 videnda
1081 2231 1149 2283 sunt
1181 2227 1309 2283 remedia
1339 2243 1424 2299 quam
1456 2228 1573 2285 morbus
1598 2229 1749 2299 increscat,

57 2324 131 2396 legi,
150 2321 284 2389 adulteri,
307 2325 336 2376 et
355 2321 457 2375 horum
479 2318 603 2388 similes3
627 2317 815 2373 manifestum
838 2320 882 2373 est
931 2327 1095 2378 sanctorum
1123 2337 1238 2394 quoque
1269 2322 1476 2394 apostolorum,
1510 2327 1539 2379 et
1571 2323 1750 2396 reliquorum

58 2417 138 2474 enim
160 2415 238 2488 quod
258 2431 373 2486 semper
394 2414 464 2468 tales
486 2412 577 2484 magis
600 2411 773 2468 discordiam
793 2426 880 2484 quam
929 2415 1109 2472 sacerdotum
1136 2419 1271 2488 petamus
1297 2415 1467 2485 exercitum,
1494 2418 1523 2472 et
1547 2416 1749 2489 praedictorum

57 2526 161 2584 pacem
187 2512 340 2565 sectantur.
365 2506 464 2563 Nullus
489 2523 602 2579 quoque
629 2505 788 2561 monachus
812 2503 881 2560 talia
930 2512 1144 2580 persecutorum
1165 2525 1216 2563 ora
1238 2508 1414 2564 claudamus.
1443 2509 1545 2565 Soeculi
1574 2514 1750 2570 conversatio

57 2620 190 2677 unqum
215 2601 342 2674 arripiat,
363 2617 416 2657 nee
439 2600 593 2668 secularia,
621 2602 670 2654 aut
694 2597 881 2654 ecclesiastiea
930 2603 1028 2674 legum
1052 2605 1133 2657 metu
1159 2601 1311 2673 retinetur,
1338 2602 1529 2658 ecclesiastica
1556 2620 1670 2679 quoque
1696 2623 1748 2663 cu·

58 2698 177 2770 negotia
198 2696 364 2768 perturbare
384 2697 548 2766 praesumat,
571 2694 639 2766 quia
660 2695 776 2748 mortua
790 2692 820 2746 in
835 2695 879 2745 ta·
929 2695 1020 2751 stodia
1041 2696 1208 2768 regularum
1230 2695 1319 2751 irenis
1335 2700 1464 2751 servatur
1484 2701 1512 2753 et
1530 2699 1649 2769 regitur.
1664 2700 1748 2771 Deus,

57 2792 136 2849 libus
147 2808 201 2846 vor
213 2795 256 2846 est
268 2806 368 2845 eorum
380 2807 388 2858 3
401 2788 566 2844 immobiles
580 2787 657 2843 enim
670 2787 805 2843 hominus
814 2801 880 2841 suos
929 2788 1099 2858 charissimi,
1127 2803 1242 2861 semper
1269 2789 1367 2861 procul
1394 2794 1504 2845 avertat
1531 2791 1677 2850 invidiam.
1696 2795 1749 2850 Vos

57 2901 190 2941 summos
204 2900 319 2955 semper
333 2883 393 2939 vult
410 2899 527 2938 manere
550 2881 762 2954 predicatores,
776 2882 806 2934 et
820 2895 880 2938 non
930 2899 998 2954 ergo
1011 2882 1177 2952 armamini,
1195 2882 1277 2954 juxta
1299 2883 1479 2955 Apostolum,
1504 2884 1599 2956 gladio
1621 2886 1747 2958 spiritus,

57 2999 76 3035 a
94 2979 265 3052 quibusdam
277 2977 423 3044 temerari,
438 2977 487 3032 sed
500 2975 552 3031 sibi
571 2975 659 3031 libere
679 2980 708 3031 et
726 2974 821 3046 quiete
841 2974 880 3029 la·
929 2977 1008 3049 quod
1020 2981 1063 3033 est
1074 2976 1192 3033 verbum
1212 2976 1272 3043 Dei,
1286 2980 1314 3032 et
1326 2977 1487 3049 apostolicas
1500 2978 1674 3034 auctoritatis
1689 2981 1748 3053 cly-

57 3073 175 3142 mulan',
191 3072 267 3128 unde
289 3073 317 3127 et
334 3070 394 3143 ipse
416 3071 477 3124 ait:
497 3091 511 3119 α
524 3070 576 3134 Oui
596 3086 645 3124 ros
665 3069 769 3140 tangit,
788 3066 917 3173 tangite
929 3087 995 3143 pso,
1010 3074 1043 3126 ut
1056 3069 1249 3126 ecclesiasticae
1261 3068 1443 3126 iocunditatis
1453 3071 1521 3143 jura
1532 3073 1610 3127 nulla
1628 3073 1748 3130 sarien-

58 3167 200 3240 pupillam
220 3165 294 3220 oculi
317 3165 372 3219 mei
392 3164 482 3235 (loct.
502 3180 532 3232 u,
546 3164 583 3234 8).
598 3184 612 3213 s
636 3164 670 3217 Et
684 3162 732 3233 qui
749 3177 798 3216 vos
812 3163 878 3216 con·
929 3166 965 3220 tis
977 3164 1111 3235 procella
1124 3163 1233 3234 possint
1245 3161 1418 3235 impulsione
1430 3164 1554 3220 subverti
1562 3182 1572 3234 ;
1588 3166 1676 3222 nolite
1688 3168 1748 3223 ullo

57 3261 167 3326 instat,
183 3275 229 3316 me
242 3258 397 3315 contristat.
414 3260 448 3314 Et
468 3257 516 3329 qui
537 3256 637 3312 iecerit
650 3256 797 3327 injuriam,
810 3255 880 3310 reci·
929 3274 1059 3329 unquam
1080 3255 1246 3328 praejudicio
1262 3272 1380 3328 gravare
1395 3273 1583 3330 quemquam,
1597 3260 1645 3315 sed
1657 3260 1748 3332 inspi-

58 3356 121 3427 piet
138 3353 217 3425 qnod
234 3353 331 3424 inique
345 3352 440 3424 gessit.
456 3354 490 3408 Et
501 3351 569 3406 alibi
584 3368 591 3406 :
609 3372 624 3400 a
639 3349 693 3415 Qui
705 3366 754 3404 vos
766 3349 878 3420 recipit,
929 3351 984 3408 cite
1007 3366 1123 3422 semper
1143 3366 1207 3421 qnae
1228 3351 1392 3422 regularum
1414 3350 1577 3407 testimonio
1602 3352 1747 3408 declaran-

59 3465 109 3505 me
123 3447 239 3520 recipit;
262 3450 291 3501 et
310 3445 357 3518 qui
378 3462 427 3499 ros
440 3446 557 3517 spernit,
575 3461 621 3500 me
638 3443 747 3516 spernit
770 3442 877 3514 (uasti.
928 3450 985 3501 tur.
998 3444 1134 3516 Superest
1155 3443 1244 3499 salute
1267 3443 1395 3514 praelata,
1410 3444 1489 3500 ulad
1505 3445 1609 3517 gaudia
1622 3461 1748 3518 semper,

59 3560 88 3608 x,
101 3543 157 3610 tog
172 3562 187 3590 »
205 3540 245 3596 ita
259 3556 372 3612 quoquo
395 3544 423 3595 et
446 3556 462 3593 a
483 3539 623 3610 plebibus,
639 3538 685 3594 rel
703 3537 812 3593 calens
834 3553 880 3608 ge·
928 3538 1027 3608 trater,
1042 3537 1143 3592 devoto
1156 3537 1327 3609 properetis,
1342 3537 1410 3608 quia
1422 3537 1516 3593 divina
1531 3537 1670 3595 beneficia
1682 3556 1748 3611 gra·

57 3635 197 3692 neraliter
211 3634 343 3689 omnibus
365 3639 432 3689 sunt
452 3633 581 3699 timendi,
601 3637 629 3687 et
640 3631 772 3701 feriendi,
795 3637 879 3704 atque
929 3632 1012 3688 dibus
1025 3647 1100 3702 saepe
1112 3631 1262 3698 accedunt,
1277 3636 1306 3688 et
1321 3631 1425 3704 quibus
1437 3631 1514 3687 bona
1525 3632 1677 3689 conterunt
1690 3650 1749 3690 me-

57 3728 215 3786 venerandi
238 3730 374 3799 pastores,
407 3730 436 3782 et
459 3726 659 3797 praedicatores
683 3725 824 3793 Ecclesia,
848 3727 880 3781 ut
928 3726 1000 3781 liora
1014 3724 1202 3796 pollicentem
1215 3739 1331 3797 semper
1346 3725 1425 3780 enim
1437 3725 1625 3782 incrementis
1638 3727 1674 3783 ad
1687 3729 1748 3782 cul·

57 3824 114 3880 sub
150 3822 351 3878 exercitatione
384 3821 466 3876 bonae
501 3819 655 3875 voluntatis
687 3818 880 3875 sustineantur
928 3835 997 3875 men
1016 3816 1191 3889 ascenditur,
1211 3817 1260 3873 ubi
1283 3833 1424 3890 supernus
1445 3819 1526 3875 lavor
1539 3822 1656 3892 prestat
1670 3837 1750 3877 exor-

59 3916 238 3988 temporalia,
261 3920 413 3987 sperentur
431 3919 547 3970 telerna.
571 3916 664 3985 huget
682 3912 758 3969 cuim
778 3913 881 3968 merita
929 3911 1019 3968 dium.
1029 3911 1103 3967 Deus
1111 3910 1411 3984 omnipotensindulta
1421 3927 1534 3985 semper
1544 3913 1691 3981 custodiat,
1701 3931 1751 3971 au·

57 4011 175 4066 virtutis
195 4011 245 4082 qui
266 4009 446 4082 propositum
468 4025 524 4063 non
546 4007 642 4077 violat,
654 4007 701 4063 sed
715 4006 879 4079 augetreli·
931 4004 1748 4079 geatquesuccessibusprolutura.0muiavobissemperin

59 4104 165 4176 gionis.
179 4103 313 4160 Charitas·
328 4117 393 4157 vero
415 4118 529 4173 semper
542 4100 688 4156 hominem
710 4101 831 4155 invocat.
846 4101 882 4155 nt
930 4100 1067 4155 charitate
1076 4097 1158 4168 fiant,
1166 4103 1195 4154 et
1207 4098 1390 4154 detrahentes
1404 4099 1491 4155 nolite
1504 4099 1661 4167 detrahere,
1676 4118 1749 4173 quo·

58 4198 136 4253 sicut
160 4196 323 4269 malignitas
353 4200 462 4251 veteres
488 4195 527 4249 ila
551 4194 664 4250 dilectio
692 4209 779 4249 novos
801 4192 879 4260 iacit,
930 4193 1008 4248 niam
1018 4191 1233 4248 detrahentibus
1241 4192 1707 4261 detraherenonestbonum,nead
1717 4212 1751 4252 ea

59 4291 135 4346 fides
147 4307 245 4346 eorum
263 4291 312 4362 qui
332 4292 419 4346 lleurn
441 4289 529 4344 visuri
544 4292 618 4356 sunt,
633 4286 710 4359 quod
724 4302 780 4341 non
794 4286 879 4357 videt,
930 4302 995 4359 qnae
1003 4286 1108 4359 scripta
1116 4291 1184 4342 suut
1192 4286 1330 4342 commoti
1339 4287 1457 4343 minime
1475 4290 1620 4344 certamen
1633 4288 1750 4346 faciant.

57 4385 161 4440 credit.
177 4386 247 4440 Nam
270 4385 293 4439 si
314 4384 399 4452 ridet,
415 4400 472 4439 non
496 4386 538 4438 cst
561 4381 641 4436 fides.
656 4379 787 4436 Credenti
800 4379 881 4434 colli·
931 4378 1038 4452 274.
1053 4380 1115 4435 Non
1127 4379 1266 4436 debemus
1275 4380 1379 4436 timere
1389 4380 1577 4453 opprobrium
1586 4381 1750 4449 hominum,

57 4477 141 4550 gitur
161 4478 309 4546 meritum,
331 4478 438 4533 videnti
462 4476 590 4532 redditur
614 4473 776 4547 praemium.
805 4467 1025 4545 Tuncheque
1047 4489 1149 4528 corum
1167 4473 1437 4545 exprobrationibus
1449 4474 1533 4541 vinci,
1548 4474 1681 4546 quoniam
1696 4475 1751 4530 hoc

57 4570 220 4645 pretiosum
243 4572 366 4642 pastoris
390 4571 523 4626 diadema
544 4572 596 4634 est,
620 4568 734 4639 quando
759 4566 882 4622 suasioni
932 4566 1753 4639 nobisnominusjmetperisaiamprophetam1«ludite

58 4666 127 4739 ejus
140 4665 420 4736 groxecclesiasticus
430 4665 498 4720 dum
508 4664 543 4718 ad
554 4662 727 4735 probitatem
741 4661 882 4731 graditur,
932 4677 989 4730 me,
1000 4660 1050 4733 qui
1059 4659 1135 4715 scitis
1142 4659 1295 4731 judicium,
1304 4660 1427 4732 populus
1435 4659 1554 4715 meusin
1563 4676 1755 4733 quorumcor·

58 4775 121 4815 non
137 4764 287 4830 repugnat,
310 4759 357 4814 ille
378 4758 438 4814 sine
458 4758 523 4813 luco
540 4757 723 4822 monitorem,
737 4758 767 4810 et
782 4755 883 4811 feriato
933 4752 1753 4825 dibuslexmeaest,nolitetimereopprobriumhominum,

60 4869 114 4909 ore
144 4852 253 4924 diligit,
282 4854 332 4924 qui
357 4853 417 4924 ejus
443 4852 572 4907 instituta
598 4852 729 4904 sectatur.
754 4849 886 4905 Praebent
934 4847 1163 4920 ethlasphemias
1172 4863 1272 4903 eorum
1281 4862 1318 4903 ne
1330 4845 1456 4902 timeatis
1467 4847 1529 4917 llso.
1539 4848 1621 4920 ιι,7),
1636 4851 1753 4905 »consi-

60 4946 228 5003 hominibus
247 4951 359 5002 naturae
382 4945 604 5013 institutionem,
619 4950 648 4998 et
668 4946 748 4997 mitta
764 4957 884 5013 respon·
934 4942 1068 4997 derantes
1080 4940 1196 5012 quodin
1207 4940 1318 5013 psalmo
1333 4940 1538 5012 scriptumest:
1550 4942 1755 5000 «Nonnelleus

62 5055 148 5106 sum;
164 5040 238 5096 redit
251 5040 286 5096 ad
308 5039 443 5095 mortales
464 5037 626 5094 vicissitudo
639 5037 768 5091 clamosae
785 5033 886 5090 sollici·
935 5035 1063 5106 requiret
1072 5034 1136 5089 ista.
1148 5035 1210 5106 lpse
1220 5034 1297 5089 euim
1308 5034 1387 5090 novit
1400 5035 1509 5091 occulta
1522 5037 1626 5109 cordis,
1638 5043 1666 5094 et
1676 5039 1754 5109 cogi·

63 5133 184 5203 tudinis,
207 5135 274 5206 quia
294 5133 491 5206 unusquisque
511 5136 598 5204 prout
611 5129 743 5202 gesserit,
757 5127 886 5199 recipiet.
935 5129 1057 5184 tationes
1065 5126 1168 5183 talium
1180 5127 1342 5197 hominum,
1352 5127 1489 5200 quoniam
1498 5145 1580 5186 vanae
1595 5135 1670 5199 sunt,
1680 5146 1756 5187 vana

64 5229 137 5282 Nam
161 5228 236 5298 perit
257 5228 333 5301 quod
357 5228 463 5301 linguae
485 5228 665 5297 acceperuut,
680 5224 786 5278 frustra
800 5221 888 5276 bene·
938 5227 1033 5277 antem
1044 5221 1155 5277 locutus
1167 5223 1210 5277 est
1224 5221 1418 5294 unusquisque
1435 5223 1473 5279 ad
1485 5222 1648 5296 proximum
1658 5239 1754 5291 suum,

63 5320 163 5376 ficium
184 5321 239 5376 nisi
259 5322 390 5393 legitime
412 5323 537 5392 creptum
563 5318 650 5374 luerit
673 5316 833 5389 negotium,
860 5317 889 5370 et
938 5315 1012 5371 labia
1023 5314 1120 5370 dolosa
1132 5314 1162 5371 in
1175 5314 1269 5386 corde,
1279 5321 1307 5372 et
1318 5316 1402 5373 corde
1416 5316 1504 5373 locuti
1519 5320 1585 5371 sunt
1601 5316 1684 5371 mala.
1699 5316 1756 5373 Sed

64 5414 205 5470 canonice
218 5419 379 5487 peractum.
402 5416 442 5470 lle
462 5413 567 5469 lldueia
590 5413 667 5469 euim
689 5409 815 5482 partium
834 5424 888 5464 no·
939 5408 1229 5481 disperdatllominus
1239 5410 1371 5467 universa
1382 5409 1457 5465 labia
1467 5408 1574 5479 dolosa,
1589 5413 1618 5465 el
1627 5408 1757 5482 linguam

65 5515 194 5564 suarum
209 5509 342 5576 mittitur,
361 5510 435 5581 quod
456 5507 611 5580 apostolica
631 5505 751 5560 mandat
764 5502 888 5559 auctori-
939 5502 1215 5575 magniloquam.Qui
1223 5503 1758 5575 dixerunt:l.inguamnostrammagni·

67 5608 121 5670 tas,
136 5617 186 5657 vos
199 5602 398 5658 tantummodo
418 5601 553 5674 praesules
578 5598 683 5656 Christi
706 5596 823 5668 benigni
845 5611 890 5651 ve·
938 5596 1098 5664 ficabimus,
1109 5596 1184 5653 labia
1195 5602 1315 5653 nostrae
1325 5595 1406 5652 nobis
1419 5598 1495 5665 sunt,
1513 5595 1578 5668 quis
1589 5601 1687 5653 noster
1702 5599 1756 5652 llo-

66 5702 126 5750 stra
145 5697 224 5751 salva
241 5696 354 5752 aurium
367 5697 589 5766 animorumque
611 5692 756 5764 aequitate,
773 5696 801 5745 et
815 5690 889 5746 bona
940 5689 1035 5744 minus
1058 5691 1122 5745 esti
1144 5690 1225 5759 (Psoi.
1248 5706 1322 5757 ιιιιι,
1339 5691 1389 5757 223
1415 5703 1491 5756 reru,
1516 5691 1564 5759 ll;
1586 5705 1623 5759 ιι,
1647 5692 1718 5761 3-5).
1742 5714 1755 5739 a

68 5790 216 5847 voluntate
232 5807 346 5865 semper
360 5793 504 5862 prestare.
524 5790 595 5845 {tarn
618 5785 753 5841 adversus
768 5784 892 5860 impetus
942 5785 1011 5840 Nam
1023 5784 1046 5841 sl
1054 5784 1114 5839 hac
1124 5784 1153 5840 in
1163 5783 1300 5841 memoria
1311 5781 1467 5839 retinerent
1475 5781 1595 5841 minime
1604 5783 1640 5841 ad
1650 5785 1758 5843 anun
