3870 6150
123 246 174 304 tir
577 244 719 301 lirini).
741 246 784 300 ab
803 246 884 301 SAEC.
906 247 950 301 tx.
964 275 997 286 -
1018 240 1138 303 tstbotil
1157 244 1370 305 runcatoris
1758 250 1807 305 ita

121 375 173 411 nus
194 355 324 424 erudivit,
342 358 370 410 et
392 354 510 410 l'atrnm
529 354 611 408 nobis
634 354 751 409 tradidit
775 354 939 426 symbolum
951 354 1169 448 Aconscientia,
1185 356 1265 411 itaet
1290 355 1437 428 proximos
1451 371 1501 411 vos
1512 355 1618 413 Christi
1632 371 1694 411 esse
1708 372 1806 427 corpo·

121 449 168 504 ilis
180 451 276 521 itaque
289 465 353 504 cum
367 448 444 504 omni
458 447 616 503 subtilitate
630 448 939 521 etdiligentiaanobis
990 447 1028 502 ris
1050 449 1179 504 membra
1202 449 1378 522 significetis,
1401 455 1430 505 et
1454 453 1551 506 nostra
1576 450 1721 523 exiguitas
1741 449 1806 505 nihil

121 542 266 613 ordinatis,
296 543 394 599 statuit
421 545 520 598 sancta
547 547 576 598 et
603 543 768 599 universalis
802 544 937 615 synodus,
989 542 1119 613 dubium,
1133 543 1205 598 nihil
1221 544 1342 599 infidum
1356 560 1484 618 unquam
1499 545 1806 617 devestrasuspicctm

123 637 206 693 aliam
221 637 309 692 fidem
330 636 401 691 nulli
419 635 504 692 licere
518 637 658 709 proferre,
675 641 724 692 aut
744 637 877 707 scribere,
891 642 940 693 aut
989 636 1184 706 fraternitate,
1219 637 1287 692 dum
1324 639 1448 710 patuerit
1479 656 1527 694 vos
1557 643 1670 712 pestem
1701 637 1806 694 Anaua

122 731 248 801 credere,
263 733 313 786 ant
325 747 468 802 separare,
485 736 533 787 aut
550 731 652 788 docere
666 731 757 787 aliter.
774 731 828 797 Qui
843 737 939 787 autem
990 730 1197 801 perfidiarum
1213 732 1345 788 omnibus
1359 732 1554 804 dogmatibus,
1564 733 1685 807 regulis,
1702 733 1803 802 officiis,

123 825 229 881 audent
244 828 295 880 aut
306 825 455 897 disponere
467 825 555 880 aliam
568 825 668 895 fidem,
682 829 731 881 aut
744 825 883 897 proferre,
892 828 941 881 aut
990 824 1205 896 communione,
1222 824 1364 882 codicibus
1377 826 1583 896 condemnare,
1592 843 1626 883 ac
1640 826 1804 883 detestande

122 918 236 975 tradere
263 919 340 974 aliud
369 918 530 991 symbolum
554 920 717 975 volentibus
751 920 875 976 converti
903 920 940 974 ad
990 918 1130 974 haeieseos
1155 919 1299 991 exspoliati
1323 920 1503 992 contagione,
1518 920 1647 976 innovati
1673 920 1803 992 quodan-

124 1012 477 1082 scientiamveritatis,'vel
496 1029 529 1068 ex
551 1014 693 1086 gentibus,
707 1014 750 1070 vel
765 1013 880 1084 ludais,
896 1013 942 1068 vel
991 1013 1074 1067 modo
1097 1013 1173 1068 intra
1195 1013 1347 1069 Ecclesiam
1370 1013 1421 1070 Dei
1443 1014 1593 1087 splendido
1619 1014 1721 1069 habitu
1739 1030 1801 1070 vera

123 1105 264 1162 hereticis
279 1106 506 1179 quibuscunque,
522 1108 545 1162 si
557 1107 672 1179 quidem
687 1113 736 1164 aut
752 1107 878 1179 episcopi
893 1112 943 1162 aut
990 1104 1056 1162 fidei
1070 1106 1212 1162 claritatis.
1229 1109 1307 1163 Tunc
1320 1107 1446 1180 episcopi
1459 1123 1561 1164 omncs
1576 1125 1634 1165 una
1649 1125 1715 1164 cum
1729 1107 1799 1164 cleri·

124 1200 219 1256 clerici
231 1200 347 1271 fuerint,
357 1200 465 1257 alienos
476 1216 537 1256 esse
553 1201 700 1274 episcopos
714 1202 749 1257 ab
760 1202 939 1274 episcopatu,
991 1201 1030 1255 cis
1044 1200 1102 1254 suis
1118 1200 1318 1273 primoresque
1340 1202 1433 1273 gentis
1455 1202 1580 1259 Gothicae
1601 1203 1666 1275 pari
1691 1219 1799 1258 conscu-

125 1298 154 1350 et
167 1294 282 1350 clericos
296 1310 312 1349 a
327 1295 402 1351 clero
413 1291 509 1368 108
518 1295 708 1368 praecipimus.
726 1295 755 1353 Si
768 1312 834 1351 vero
844 1312 942 1351 mona·
991 1293 1070 1349 sione
1084 1294 1218 1350 dixerunt
1229 1312 1236 1350 :
1248 1295 1324 1351 Licet
1336 1295 1389 1350 hoc
1400 1295 1478 1367 quod
1488 1296 1646 1369 paternitas
1657 1296 1798 1368 atqnefra·

122 1388 179 1457 chi,
193 1393 242 1444 aut
254 1386 327 1458 laici,
343 1390 393 1443 aut
406 1389 501 1444 clerici
518 1391 637 1457 fuerim,
650 1391 831 1446 anathemate
849 1388 939 1447 feriri.
991 1388 1109 1443 tcrnitas
1128 1394 1222 1444 vestra
1236 1406 1252 1443 a
1274 1389 1355 1444 nobis
1378 1390 1457 1462 cupit
1475 1391 1584 1459 audire,
1599 1391 1645 1447 vel
1666 1390 1741 1460 fieri,
1750 1391 1799 1462 jam

124 1481 521 1555 Egoiteccarcdusrexfidem
534 1484 609 1539 hanc
616 1487 745 1540 sanctam
755 1487 784 1540 ct
792 1481 943 1539 contessio-
992 1483 1062 1538 olim
1073 1483 1380 1539 conversionisnostrae
1390 1487 1521 1555 tempore
1529 1485 1687 1557 egerimus,
1697 1484 1798 1556 quando

126 1578 519 1650 nemquamunapertotum
533 1578 633 1633 orbem
643 1578 781 1634 catholica
794 1577 943 1633 confitetur
992 1576 1081 1632 secuti
1095 1577 1330 1649 gloriosissimum
1346 1577 1497 1634 dominum
1518 1582 1660 1647 nostrum,
1675 1579 1798 1634 Rcccare·

126 1669 260 1741 Ecclesia,
271 1671 356 1727 corde
376 1671 512 1743 retinens,
528 1688 576 1727 ore
596 1671 778 1741 confirmans,
792 1689 859 1728 mea
873 1671 941 1727 dex·
992 1669 1061 1725 dum
1074 1687 1183 1742 regem,
1199 1671 1250 1725 hac
1270 1670 1315 1726 die
1339 1671 1375 1725 ad
1400 1671 1552 1728 Ecclesiam
1574 1672 1765 1740 transivimus,
1778 1675 1800 1727 et

125 1770 187 1822 tera
201 1765 260 1822 lieo
275 1769 442 1839 protegente
460 1767 623 1841 subscripsi.
637 1770 696 1839 Ego
710 1766 809 1822 Badda
822 1759 983 1839 gloriosaB
994 1765 1145 1836 perfidiam
1164 1765 1300 1820 Arianam
1320 1781 1385 1821 cum
1407 1765 1540 1822 omuibus
1562 1765 1799 1838 superstitionibus

126 1858 228 1934 regina
239 1861 313 1916 hanc
327 1861 415 1916 fidem
431 1861 538 1918 credidi
554 1864 583 1916 et
597 1862 718 1934 suscepi,
733 1877 822 1917 manu
833 1875 898 1917 mera
909 1861 945 1917 de
995 1858 1052 1913 suis
1063 1859 1372 1930 anathematizavimus,
1382 1860 1545 1932 pariterque
1554 1860 1724 1932 abjecimus.
1735 1860 1799 1914 Nunc

126 1954 289 2011 totocorde
310 1954 471 2027 subscripsi.
491 1956 569 2012 Tunc
591 1957 777 2012 acclamatum
792 1960 834 2011 est
850 1955 944 2011 laudi·
995 1967 1061 2007 vero
1080 1953 1247 2008 charitatem
1269 1958 1298 2009 et
1320 1952 1499 2009 devotionem
1520 1970 1606 2026 quam
1628 1954 1675 2008 vel
1696 1952 1752 2008 Deo
1764 1951 1799 2008 vel

125 2051 179 2105 bus
194 2048 245 2107 Dei
257 2049 327 2105 etin
342 2050 437 2105 favore
453 2049 591 2122 principis
603 2050 639 2104 ah
655 2050 788 2105 universo
804 2049 924 2105 concilio
937 2065 944 2104 ε
996 2046 1125 2101 Ecclesia
1138 2047 1282 2102 catholicae
1297 2052 1401 2103 sauctae
1413 2048 1599 2103 meminimus
1621 2063 1676 2104 nos
1696 2047 1797 2115 debere,

127 2142 219 2199 Gloria
239 2144 295 2198 [teo
316 2143 403 2209 Patri,
422 2144 451 2198 et
475 2142 555 2211 Filio,
577 2146 607 2197 et
630 2143 745 2214 Spiritui
772 2147 877 2210 sancto,
901 2142 947 2198 cui
995 2156 1054 2196 non
1069 2144 1183 2196 tantum
1198 2140 1259 2196 hacc
1278 2141 1377 2197 eadem
1399 2158 1465 2214 quac
1485 2142 1581 2214 petitis
1601 2141 1798 2215 promptissima

127 2249 194 2292 cura
206 2240 249 2291 est
262 2252 361 2308 pacem
374 2240 403 2291 et
413 2236 554 2292 unitatem
577 2237 704 2292 Ecclesiae
724 2240 829 2292 sanctae
848 2237 945 2292 catho-
995 2250 1080 2307 ugere
1102 2251 1296 2307 properamus,
1320 2236 1369 2290 sed
1391 2238 1421 2290 ct
1440 2236 1462 2290 si
1489 2253 1546 2308 qua
1569 2236 1665 2292 adhuc
1689 2250 1798 2308 congrua

127 2329 189 2386 licre
209 2325 375 2402 providerc;
391 2329 483 2400 gloria
495 2329 618 2385 Domino
631 2335 730 2386 nostro
744 2332 809 2386 Jesu
823 2330 946 2399 Christo,
995 2328 1063 2383 fidei
1077 2346 1138 2385 esse
1151 2329 1320 2402 perspicitis,
1336 2346 1369 2384 ac
1379 2329 1462 2385 nobis
1475 2331 1612 2386 charitate
1624 2329 1796 2402 persuadetis,

129 2425 176 2498 qui
195 2424 287 2497 pretio
311 2423 458 2496 sanguinis
477 2423 522 2481 sui
544 2424 697 2481 Ecclesiam
721 2425 892 2482 catholicam
913 2441 946 2479 ex
995 2422 1141 2479 faciemus.
1156 2425 1212 2479 Nos
1221 2424 1325 2479 ateium
1337 2425 1427 2479 semel
1439 2428 1522 2481 rectae
1533 2424 1603 2480 fidei
1615 2440 1700 2481 amor
1709 2424 1736 2479 iu
1744 2438 1796 2479 ean

127 2516 259 2575 omnihus
275 2518 407 2590 gentibus
418 2519 602 2591 congregavit
607 2536 616 2589 3
640 2519 732 2592 gloria
753 2518 877 2575 Domino
890 2535 944 2574 no·
996 2517 1062 2572 fidei
1071 2518 1251 2573 devotionem
1265 2519 1388 2588 advexit,
1400 2524 1433 2574 ut
1443 2535 1527 2575 oinne
1536 2519 1613 2591 quod
1627 2519 1712 2575 nobis
1720 2518 1796 2574 verius

128 2616 264 2670 strotssu
277 2611 388 2669 Christo
404 2613 455 2687 qui
473 2616 533 2669 tam
547 2615 689 2671 illustrem
703 2616 820 2686 gentem
840 2612 945 2669 unitati
996 2611 1170 2667 fraternitate
1191 2616 1282 2668 vestra
1305 2612 1462 2684 patefacitis
1486 2617 1648 2681 teneamus,
1672 2619 1701 2670 et
1722 2613 1796 2669 libera

126 2708 193 2765 fidei
214 2722 290 2763 verae
311 2708 462 2780 copulavit,
487 2713 516 2764 et
534 2724 626 2763 unum
658 2724 776 2781 gregem
803 2712 831 2763 et
853 2723 945 2762 uuum
995 2705 1138 2761 fateamur
1161 2705 1347 2763 confessione.
1377 2706 1475 2762 Omnis
1504 2723 1573 2779 ergo
1603 2708 1654 2780 qui
1676 2707 1796 2763 fidemet

128 2805 272 2876 pastorem
291 2801 425 2857 instituit.
441 2801 493 2859 Cui
514 2818 531 2857 a
551 2803 609 2857 Deo
633 2806 774 2858 aeternum
797 2801 947 2868 meritum,
996 2799 1228 2856 communionem
1249 2800 1285 2856 ab
1297 2801 1363 2856 Ario
1376 2801 1550 2870 venientem,
1565 2804 1595 2858 et
1613 2801 1797 2874 usqueadnn

12 2912 16 2921 ·
129 2894 185 2952 nisi
207 2910 275 2950 vero
302 2893 441 2950 catholico
472 2895 632 2950 Reccaredo
664 2893 748 2966 regit
776 2894 829 2950 Cui
850 2911 867 2949 a
887 2896 946 2950 Deo
995 2898 1137 2951 retentam
1150 2894 1243 2950 adhuc
1257 2899 1356 2951 tenere
1368 2895 1520 2965 desiderat,
1535 2899 1564 2951 et
1585 2896 1621 2952 de
1644 2899 1704 2953 tota
1721 2892 1796 2950 cordis

27 2992 30 2997 ’
130 2995 238 3046 aeterna
264 3003 380 3058 corona,
409 2987 463 3043 nisi
490 3004 556 3043 vero
588 2987 748 3045 orthodoxo
786 2988 946 3046 Reccaredo
996 2988 1156 3045 intentione
1178 3005 1237 3057 non
1259 2989 1385 3057 damnat,
1400 2990 1557 3046 anathema
1576 2989 1795 3062 sit.,Quicnnqut

129 3082 216 3157 regit
240 3082 291 3139 Cui
318 3098 445 3154 praesens
472 3083 564 3154 gloria
591 3084 621 3137 et
648 3086 764 3151 aeterna,
784 3083 839 3138 nisi
867 3099 944 3138 ama·
998 3082 1099 3137 Filium
1120 3082 1168 3138 Dei
1186 3083 1340 3139 Dominum
1366 3086 1462 3140 Jesum
1486 3085 1670 3157 negaverita
1694 3089 1797 3157 patera

129 3178 185 3235 tori
204 3177 254 3233 Dei
276 3176 439 3234 Reccaredo
461 3176 546 3249 regit
572 3179 634 3249 lpse
655 3193 793 3232 novarum
820 3176 947 3249 plebium
998 3177 1155 3233 substantia
1184 3177 1243 3234 sine
1266 3177 1348 3234 initio
1373 3178 1515 3250 genitum,
1528 3182 1558 3235 et
1576 3179 1718 3252 aequalem
1739 3173 1797 3233 riui

129 3274 160 3330 iu
188 3269 309 3329 Ecclesia
337 3270 523 3344 conquisitor,
546 3271 607 3344 ipse
640 3276 786 3328 mereatur
813 3270 949 3328 veraciter
999 3288 1059 3328 esse
1072 3272 1116 3328 vel
1129 3273 1411 3342 consubstantialem,
1424 3274 1579 3329 anathema
1592 3273 1799 3346 sitQuicuuqnt

130 3363 316 3442 apostolicum
345 3365 493 3435 meritum,
526 3366 576 3439 qui
608 3366 796 3439 apostolicum
821 3365 950 3438 implevit
999 3366 1136 3438 Spiritum
1150 3371 1280 3422 sanctum
1293 3384 1352 3422 non
1366 3366 1456 3423 credit
1468 3370 1586 3423 autnon
1598 3368 1691 3425 credit
1704 3368 1800 3423 aPatn

131 3460 267 3532 officium,
287 3461 348 3533 ipse
370 3460 406 3516 sit
427 3460 485 3515 Deo
514 3462 543 3515 et
573 3459 705 3515 omnibus
733 3458 873 3531 amabilis,
899 3459 949 3531 qui
999 3464 1028 3515 et
1042 3461 1111 3517 Eilio
1126 3461 1291 3534 procedere,
1303 3478 1427 3535 eumque
1441 3479 1499 3518 non
1513 3462 1617 3519 dixerit
1641 3466 1800 3518 coaeternum

129 3564 189 3614 tam
211 3554 382 3611 mirabiliter
401 3556 490 3611 Deum
513 3552 682 3626 glorificavit
705 3554 735 3609 in
758 3554 851 3623 terris,
875 3569 947 3625 proe-
999 3571 1060 3611 esse
1081 3556 1159 3610 Patri
1179 3559 1208 3612 et
1222 3556 1304 3626 Filio,
1320 3561 1349 3612 et
1361 3557 1584 3625 coessentialem,
1599 3557 1754 3613 anathema
1765 3555 1800 3611 sit.

130 3656 222 3709 stante
241 3649 365 3706 Domino
386 3652 494 3719 nostro,
509 3650 559 3721 qui
583 3666 647 3706 cum
669 3651 751 3705 Patre
765 3649 822 3704 Deo
839 3647 907 3703 vivit
921 3652 950 3704 et
998 3649 1165 3722 Quicunque
1178 3650 1208 3705 in
1222 3653 1304 3706 Patre
1319 3656 1347 3707 et
1359 3651 1429 3707 Filio
1441 3656 1470 3707 et
1482 3652 1588 3723 Spiritu
1601 3654 1702 3707 sancto
1715 3654 1800 3724 etpcr·

130 3750 233 3820 regnat
244 3744 275 3801 in
285 3742 393 3801 unitate
406 3743 526 3817 Spiritus
541 3744 629 3801 sancti
651 3744 681 3799 in
706 3742 809 3799 saecula
829 3743 947 3798 saeculo·
1000 3761 1083 3800 sonas
1095 3744 1321 3818 nondistinguit,
1330 3748 1359 3801 et
1367 3746 1451 3801 unius
1462 3745 1617 3801 divinitatis
1625 3746 1800 3802 substantiam

132 3857 207 3899 rum.
1000 3855 1059 3895 non
1072 3840 1210 3912 agnoscit,
1224 3841 1377 3897 anathema
1392 3840 1438 3896 sit.
1456 3840 1625 3913 Quicunque
1648 3840 1748 3897 Filium
1764 3835 1801 3896 aa·

1000 3931 1153 3989 Dominum
1165 3938 1294 3990 nostrum
1307 3936 1402 3990 lesum
1414 3940 1443 3991 et
1457 3934 1594 4007 Spiritum
1609 3938 1739 3992 sanctum
1754 3946 1801 3991 esst

132 4022 209 4089 item,
241 4018 305 4092 W
335 4014 464 4106 ⁰⁰²²f⁸⁸⁸5ft
503 4013 705 4105 fflssf‘lfmftb·
719 4009 949 4102 mihimilli»
997 4025 1081 4099 juxta
1093 4027 1228 4084 deitatem
1240 4029 1321 4084 Patre
1335 4029 1477 4085 niiuorem
1496 4030 1660 4099 asseruerit,
1676 4035 1705 4087 et
1719 4026 1800 4103 gradi·

168 4102 211 4162 1)θῖ
222 4104 372 4174 ῬΤῘΜΟΝΜ
385 4094 500 4154 (mm
515 4096 612 4161 qm&
628 4108 676 4162 Ψ
694 4093 771 4160 mira
784 4090 949 4160 wbsmpse'
1000 4122 1053 4177 hus
1079 4123 1260 4194 separaverit,
1281 4129 1500 4197 creaturamque
1528 4141 1588 4180 esse
1610 4125 1726 4196 dixerit,
1744 4138 1799 4180 aaa·

170 4186 245 4242 rant.
587 4231 605 4264 ο
1000 4218 1098 4273 thema
1111 4217 1157 4274 sit.
1172 4217 1339 4290 Quicunque
1354 4220 1468 4274 Patrem
1481 4223 1510 4274 et
1520 4219 1623 4275 Filium
1636 4224 1666 4275 et
1679 4219 1799 4292 spirituo

169 4319 351 4394 Praecipieute
375 4319 471 4372 autem
490 4311 624 4369 universo
648 4310 803 4367 venerabili
831 4308 951 4368 concilio
1001 4312 1799 4385 sancumuniussubsuntiae,omnipotentie,eceman

134 4416 359 4496 atquejubente,
374 4426 450 4469 unus
466 4408 667 4482 episcoporum
689 4406 894 4462 catholicorum
915 4405 952 4461 ad
1001 4420 1062 4460 csse
1072 4420 1130 4460 non
1138 4402 1302 4472 crediderit,
1310 4403 1463 4458 anathema
1472 4403 1697 4479 sit.Quicnnqua
1707 4403 1798 4462 nasein

134 4515 279 4592 episcopos
292 4516 320 4569 et
330 4506 479 4581 religiosos
493 4502 611 4560 clericos
623 4502 667 4558 vel
682 4501 804 4572 majores
822 4503 890 4555 natu
915 4499 990 4593 abD
1001 4498 1103 4554 Filium
1119 4497 1193 4569 quod
1209 4497 1283 4552 Deus
1296 4497 1380 4551 Pater
1391 4496 1461 4552 sciat
1472 4498 1586 4567 dixerit,
1600 4500 1754 4556 anathema
1763 4495 1796 4552 sit

133 4613 243 4670 haerese
279 4605 383 4662 Ariana
418 4615 566 4657 conversos
603 4595 744 4669 ejusmodi
779 4594 950 4651 allocutione
1001 4590 1168 4663 Quicunque
1181 4590 1295 4646 initium
1308 4590 1377 4646 Filio
1389 4591 1438 4646 Ilei
1448 4596 1476 4647 et
1488 4592 1607 4664 Spiritui
1616 4598 1714 4650 sancto
1725 4594 1796 4665 depr·

136 4720 250 4765 exorsus
265 4703 317 4771 est,
330 4698 427 4756 dicens
441 4711 448 4751 ε
464 4692 556 4751 Officii
568 4692 657 4747 nostri
672 4708 742 4747 cura
751 4693 781 4746 et
793 4686 952 4745 fidelissimi
1000 4685 1111 4754 taverit,
1127 4685 1282 4741 anathema
1293 4685 1339 4741 sit.
1353 4686 1519 4759 Quicunque
1533 4679 1638 4744 Filium
1652 4689 1703 4746 Del
1714 4700 1796 4746 secun.

135 4807 165 4859 et
175 4792 369 4874 gloriosissimi
381 4788 520 4864 principis
533 4785 730 4843 admonitione
740 4783 949 4856 compellimur,
1001 4781 1071 4837 dum
1094 4778 1270 4836 divinitatem
1297 4796 1377 4836 suani
1404 4780 1543 4837 visibilem
1571 4786 1623 4839 aut
1654 4780 1796 4856 passibilem

135 4890 286 4968 diligenter
309 4890 433 4944 avcstm
456 4881 593 4939 charitate
619 4880 798 4954 perquirere,
818 4878 863 4933 rel
882 4875 952 4950 quid
1000 4892 1085 4932 ausus
1099 4874 1186 4931 fuerit
1197 4875 1335 4948 profiteri,
1344 4875 1499 4931 anathema
1514 4876 1560 4932 sit.
1572 4878 1738 4952 Quicunque
1749 4870 1795 4947 Spi·

136 4982 275 5048 damnetis
288 4980 318 5039 in
330 4976 448 5047 haerese,
462 4979 513 5032 out
526 4975 594 5048 quid
614 4975 692 5031 intra
715 4978 840 5029 sanctam
852 4971 950 5031 catha·
1001 4971 1090 5026 ritum
1102 4972 1231 5026 sanctum
1245 4969 1317 5025 sicut
1328 4971 1443 5027 Patrem
1456 4975 1484 5027 et
1495 4970 1598 5026 Filium
1612 4988 1713 5029 vemm
1725 4971 1795 5027 naun

135 5086 220 5143 licam
234 5075 355 5137 credatis
374 5070 544 5136 Ecclesiam;
561 5084 630 5123 nam
654 5067 767 5123 dicente
791 5065 951 5135 Psalmista,
1003 5063 1230 5136 omnipotentem
1241 5080 1303 5120 esse
1319 5080 1376 5120 non
1393 5063 1492 5134 credit,
1508 5065 1663 5123 anathema
1684 5067 1728 5123 sit.
1744 5057 1796 5130 Qui.

137 5169 431 5244 dicimus,incipiente
441 5158 953 5232 Dominoinconfessione.0ptimum
1002 5174 1115 5231 cunque
1134 5157 1200 5213 alibi
1218 5157 1306 5214 fidem
1333 5162 1362 5214 et
1387 5159 1623 5216 communionem
1650 5159 1796 5218 catholiam

136 5277 188 5345 est,
199 5275 228 5328 et
237 5268 338 5326 vestrm
347 5260 431 5318 saluti
443 5257 614 5314 conveniens
626 5256 722 5327 palam
736 5252 865 5309 confiteri
875 5252 953 5326 qnod
1002 5256 1108 5325 preter
1121 5253 1151 5307 in
1165 5252 1288 5308 Ecclesia
1300 5270 1387 5327 quarn
1401 5253 1506 5310 Nicaeni
1519 5260 1548 5310 et
1561 5245 1796 5327 Constantinopoli·

137 5363 260 5434 creditis,
276 5364 305 5417 et
316 5358 369 5415 sub
384 5352 482 5412 andita
494 5350 694 5408 universorum
713 5347 953 5404 anathematizare
1002 5347 1063 5403 tani
1085 5353 1113 5402 et
1127 5347 1212 5419 primi
1232 5348 1377 5419 Ephesini,
1393 5354 1422 5404 et
1442 5348 1685 5407 Chalcedonensis
1704 5336 1797 5406 concilii

136 5460 215 5536 quod
240 5451 398 5528 respuistis.
422 5449 501 5504 Tunc
536 5460 653 5517 prorsus
690 5441 799 5515 optime
824 5440 953 5514 poteritis
1002 5442 1115 5497 decreta
1130 5442 1359 5514 tenent,pa1iter
1375 5447 1404 5498 et
1423 5442 1575 5515 honorant,
1593 5444 1747 5502 anathema
1762 5435 1797 5495 sit·

137 5552 305 5627 evangelica
320 5550 350 5604 et
363 5538 612 5618 apostolicaesedis
627 5536 694 5594 fldci
713 5535 864 5609 participes
879 5535 951 5605 iteri,
1003 5534 1171 5608 Quicunque
1185 5536 1298 5591 Patrem
1312 5541 1341 5592 ct
1354 5535 1455 5592 Filium
1465 5537 1576 5593 honore
1588 5541 1618 5594 et
1626 5538 1719 5611 gloria
1729 5530 1799 5594 „aaa

138 5653 161 5707 si
174 5647 305 5706 eamdem
318 5642 406 5699 fldem
419 5635 588 5694 catholicam
607 5650 643 5688 ex
663 5629 840 5688 confessione
855 5630 953 5686 catho·
1002 5629 1117 5686 vinitate
1132 5634 1244 5702 separat
1254 5633 1304 5686 aut
1315 5629 1462 5703 disjungit,
1473 5632 1631 5689 anathema
1639 5632 1686 5691 sit.
1697 5632 1801 5699 aaran

137 5744 194 5800 lica
211 5737 363 5811 incipiatis,
382 5734 427 5791 vel
451 5728 564 5804 propria
590 5725 797 5798 subscriptione
822 5724 952 5797 ssrmetis,
1002 5741 1058 5797 que
1078 5724 1180 5779 Filium
1200 5725 1296 5781 beist
1318 5725 1456 5797 Spiritum
1483 5732 1613 5785 sanctum
1642 5744 1710 5785 eum
1733 5726 1803 5785 Patra

139 5840 168 5899 ct
181 5831 332 5893 stanneo
350 5831 409 5903 jam
424 5828 459 5884 de
472 5825 549 5881 hona
563 5821 740 5881 confessione
764 5819 873 5896 cogniti
885 5820 953 5878 estis
1002 5835 1060 5877 non
1079 5819 1231 5876 crediderit
1253 5835 1315 5876 esse
1343 5820 1541 5894 glorificandos
1567 5825 1597 5880 et
1622 5820 1805 5897 aaronita,
