3870 6150
222 219 271 275 aas
665 190 808 272 lernen.
829 217 872 271 ιο
890 215 972 271 sac.
992 216 1083 270 ιιι-
1102 214 1222 271 rainoni
1240 215 1462 272 iranclrenrs.
1799 221 1804 230 ·
1850 217 1900 272 rec

220 324 313 380 affluis
337 325 416 380 testis
439 323 615 378 admittatur.
638 323 789 378 Neminem
812 339 880 394 ergo
907 321 1035 376 exhiberi
1046 325 1182 406 Aptata,
1198 323 1246 394 qui
1265 328 1363 396 potum
1378 324 1427 378 dat
1437 322 1528 377 amico
1546 338 1597 378 suo
1615 320 1731 377 mittens
1752 321 1790 376 fel
1815 337 1899 376 suum

220 419 254 474 de
270 418 417 489 provincia
430 418 467 471 ad
480 417 653 488 provinciam
666 417 710 471 vel
723 417 760 471 ad
770 417 934 471 comitatum
952 432 1034 486 opor·
1084 419 1195 490 (Hebae.
1211 434 1241 486 11,
1258 419 1310 487 15).
1327 440 1341 466 ι)
1356 419 1388 471 Et
1404 417 1509 471 iterum
1522 415 1748 487 sapientissimus
1763 415 1900 470 Salomon

219 515 269 578 tet,
285 510 337 565 nisi
359 511 394 566 ad
416 510 583 565 relationem
601 508 706 580 judicis
724 511 865 580 adquam
886 508 972 563 fuerit
986 526 1034 580 ap
1082 511 1137 566 ait:
1151 531 1165 562 a
1178 509 1756 582 Quiloquituriniqua,nonpotestlatere,
1767 524 1899 579 necprae«

218 605 367 675 pellatam,
379 604 410 659 id
424 607 475 669 est,
485 607 517 657 ut
530 608 629 658 auctor
644 619 757 674 semper
771 603 813 656 rei
826 603 921 657 forum
935 618 1033 673 sequa·
1083 604 1166 659 teriet
1183 605 1265 657 illurn
1286 603 1440 673 corripiens
1459 601 1611 672 J'udicium.
1629 602 1659 655 ln
1680 600 1899 672 cogitationibus

217 699 273 750 tur.
291 696 321 751 Si
335 696 397 767 quis
416 701 512 751 autem
532 696 659 766 judicem
680 694 833 750 adversum
846 695 899 750 sibi
914 695 1034 750 senserit
1083 697 1160 752 enim
1172 696 1255 767 impii
1268 696 1456 766 interrogatio
1471 694 1544 749 erit:
1562 694 1732 749 Sermonum
1752 698 1850 749 autem
1869 693 1898 747 il-

216 805 317 843 voeem
329 788 527 859 appellationis
538 789 681 856 exhibeat,
690 789 825 859 quoniam
839 789 910 842 nulli
922 789 1033 858 oportet
1081 789 1135 843 lius
1147 789 1252 844 auditio
1269 789 1305 843 ad
1318 789 1471 844 Dominum
1484 787 1588 855 veniet,
1600 790 1629 841 ot
1638 787 1675 842 ad
1686 786 1899 858 correptionem

216 880 960 952 negari.Peregrinaverojudiciageneralisanetione
968 896 1032 951 pro·
1081 882 1266 953 iniquitatum
1277 881 1362 949 illius,
1370 881 1506 952 quoniam
1514 880 1589 935 auus
1599 880 1652 934 zeli
1661 880 1743 935 audit
1751 878 1860 948 omnia,
1871 883 1899 935 et

216 974 358 1044 bibemus,
368 975 435 1046 quia
444 975 595 1044 indignum
609 977 651 1028 est
661 977 693 1028 ut
702 974 737 1027 ab
748 973 1030 1043 externisjudieetur,
1081 975 1221 1029 tumultus
1243 973 1503 1028 murmurationum
1528 990 1584 1026 non
1605 972 1795 1027 abscondetur
1820 971 1895 1042 (Sap.

217 1069 265 1140 qui
281 1068 535 1140 comprovinciales
547 1072 575 1122 et
589 1084 605 1122 a
618 1084 648 1121 se
662 1067 766 1121 eleetos
779 1067 863 1121 debet
872 1066 976 1121 habere
987 1067 1031 1136 ju·
1081 1086 1100 1136 1,
1111 1069 1194 1136 8-10).
1206 1087 1219 1119 ιι
1232 1069 1295 1122 Haec
1305 1067 1384 1121 enim
1394 1066 1417 1120 si
1430 1066 1564 1136 amplecti
1574 1066 1728 1120 voluissent
1740 1064 1859 1136 proprio
1870 1069 1898 1119 et

216 1162 301 1217 dices.
1081 1178 1150 1215 sano
1173 1177 1268 1226 sensu,
1296 1160 1333 1214 ad
1360 1159 1512 1230 reprobum
1539 1175 1655 1213 sensum
1681 1157 1800 1212 minime
1822 1157 1897 1211 labe·

253 1256 327 1325 Haec,
335 1255 446 1321 fratres,
454 1254 490 1309 ad
499 1256 622 1308 vestram
630 1254 793 1308 stemnium
800 1252 1029 1323 coepiscoporum
1081 1259 1190 1323 rentur,
1199 1253 1249 1308 sed
1258 1270 1309 1324 per
1320 1253 1369 1307 liei
1378 1253 1514 1307 timorem
1525 1267 1690 1307 sermonum
1699 1266 1818 1306 suorum
1827 1265 1898 1321 pre⁴

217 1363 301 1419 opem
315 1353 343 1402 et
355 1347 552 1403 defensionem
560 1348 590 1401 iu
604 1347 712 1418 synodo
723 1346 894 1401 unanimiter
907 1351 973 1400 sunt
983 1346 1030 1399 de·
1080 1352 1211 1402 caventes
1223 1345 1390 1415 custodiam,
1402 1346 1479 1417 piam
1489 1349 1650 1400 sanctorum
1661 1345 1778 1397 Petrum
1789 1343 1895 1398 diffini-

216 1446 304 1508 creta,
318 1444 349 1495 ut
362 1442 384 1495 si
399 1441 472 1495 forte
486 1440 573 1512 aliqui
594 1440 748 1495 stultorum
764 1456 811 1495 vos
824 1455 955 1493 accusare
970 1438 1029 1509 (qui
1080 1440 1254 1495 tionemsine
1262 1440 1387 1511 quadam
1395 1438 1559 1493 nocumenti
1565 1437 1790 1509 praesumptione
1797 1435 1896 1507 utique
1915 1486 1920 1495 .

215 1534 361 1589 diabolicae
374 1533 547 1604 deceptionis
560 1550 656 1588 errore
666 1532 776 1603 decepti
790 1532 864 1602 sunt)
875 1532 1029 1599 voluerint,
1080 1529 1897 1604 conservassent,quouiamdieitsaerumeloquium,c0nsi-

217 1625 285 1680 dum
309 1625 363 1680 ista
383 1625 507 1696 legerint
526 1627 568 1680 vel
587 1626 730 1681 audierint
749 1625 923 1697 resipiscant,
945 1628 974 1678 et
994 1623 1030 1678 ad
1080 1627 1269 1681 liumhonum
1284 1625 1464 1681 conservabit
1477 1629 1516 1692 te,
1533 1629 1560 1679 et
1574 1640 1654 1677 mens
1667 1623 1743 1678 bona
1758 1609 1895 1676 custodiet

216 1718 331 1773 unitatis
346 1718 529 1773 concordiam
547 1721 736 1785 revertantur,
751 1724 779 1773 et
791 1719 867 1788 quod
879 1716 957 1788 prius
972 1702 1068 1774 eratB
1081 1723 1119 1773 te.
1136 1720 1197 1774 Non
1212 1721 1289 1774 enirn
1303 1721 1338 1773 de
1352 1718 1478 1772 fontibus
1493 1716 1646 1772 salutiferis
1661 1714 1848 1786 spffitualiter
1860 1712 1894 1768 ad

216 1811 246 1865 in
260 1811 398 1867 ultionem
411 1811 543 1867 transibit
555 1812 585 1866 in
600 1812 729 1883 gloriam.
741 1812 821 1878 Nam,
831 1810 929 1882 procul
944 1809 1029 1864 dubio
1080 1812 1294 1883 acquisitionem
1310 1815 1426 1866 aeterum
1441 1811 1505 1865 vitae
1518 1810 1675 1882 procedunt
1695 1809 1767 1862 tales
1787 1823 1894 1862 accusa·

215 1905 839 1977 multisuntquisecundumhpostolivoeem,
849 1903 1030 1976 «prurientes
1079 1907 1171 1981 tiones
1184 1909 1212 1960 et
1227 1904 1424 1972 detractiones,
1440 1908 1524 1977 atque
1544 1903 1609 1958 ideo
1628 1903 1826 1972 competenter
1842 1915 1892 1955 nos

215 1998 331 2054 auribus
345 2016 362 2054 a
376 1998 492 2054 veritate
506 1999 622 2070 quidem
636 1999 768 2053 auditum
781 2001 922 2066 avertunt,
936 1997 972 2051 ad
984 1997 1027 2050 fa·
1079 2000 1180 2055 beatus
1194 1999 1298 2053 Paulus
1311 2001 1454 2070 apostolus
1466 1996 1659 2070 praemuniens
1668 1995 1709 2050 ait
1723 2012 1730 2049 ι
1749 2015 1763 2046 ο
1778 1993 1891 2049 Nande

215 2091 295 2146 bulas
313 2096 408 2145 autem
423 2094 622 2145 convertentur
638 2092 674 2158 (ll
690 2094 757 2146 Tim.
771 2107 809 2160 1v,
823 2093 849 2159 3,
866 2091 902 2161 4),
920 2111 933 2138 a
949 2089 1029 2144 etad
1079 2093 1146 2147 bere
1161 2093 1223 2164 plus
1233 2109 1332 2163 sapere
1342 2109 1429 2164 quam
1442 2095 1673 2163 oportetsapere,
1683 2088 1734 2143 sed
1748 2087 1891 2160 saperead

214 2183 949 2238 nocumentabouorumtranseunt.ditantemidem
958 2187 1029 2253 Apo·
1080 2187 1261 2240 sobrietatem
1283 2188 1366 2255 (Rom.
1384 2202 1431 2255 ιιι,
1456 2186 1492 2254 3),
1515 2206 1529 2233 »
1549 2184 1579 2237 in
1599 2181 1764 2237 delinitione
1783 2182 1890 2253 pietatis

215 2276 303 2330 stolus
317 2276 352 2329 de
367 2275 524 2329 infidelium
542 2275 703 2346 ignorantia
720 2294 726 2329 :
743 2298 756 2324 ο
773 2275 802 2330 Si
822 2275 1027 2346 cognovissent,
1079 2278 1274 2348 perdurantes.
1290 2278 1343 2342 Qui
1353 2279 1430 2333 enim
1441 2278 1513 2332 haue
1527 2279 1709 2348 praetereunt,
1720 2290 1782 2329 non
1795 2279 1889 2330 tamen

214 2384 364 2439 nunquam
391 2368 544 2423 Dominum
569 2369 668 2439 gloriae
696 2367 899 2423 crucifixissent
921 2368 945 2437 (Ι
967 2370 1026 2425 Cor.
1078 2370 1137 2425 laesi
1150 2376 1215 2426 sunt
1227 2371 1390 2426 decidentes
1409 2388 1425 2424 a
1444 2369 1676 2426 corroboratione
1688 2384 1751 2437 sua,
1768 2367 1817 2423 sed
1831 2367 1889 2423 insi·

214 2478 244 2531 ιι,
254 2463 312 2532 8).»
325 2460 464 2516 Similiter
474 2461 497 2515 si
507 2461 537 2515 hi
548 2461 700 2517 Dominum
709 2461 834 2532 perfecte
846 2460 1029 2532 agnovissent
1078 2463 1256 2535 pientiaesuae
1265 2464 1479 2535 dereliquerunt
1488 2462 1619 2518 domibus
1628 2462 1811 2530 memoriam,
1821 2459 1888 2515 utin

214 2558 243 2610 et
264 2559 413 2623 amassent,
427 2571 575 2626 nunquam
601 2571 698 2609 servos
721 2554 782 2625 ejus
806 2553 1026 2625 perturbassent,
1078 2557 1122 2610 his
1135 2557 1164 2610 in
1177 2556 1280 2628 quibus
1293 2560 1480 2628 peecaverunt
1492 2555 1610 2610 minime
1623 2555 1710 2610 latere
1722 2555 1887 2625 potuissent

213 2665 265 2704 nec
287 2649 378 2704 verbis
401 2652 450 2703 aut
472 2649 554 2703 factis
576 2649 715 2720 persecuti
737 2653 839 2703 essent.
860 2648 940 2712 Quod
961 2663 1027 2702 vero
1078 2648 1172 2703 Gloria
1186 2649 1262 2703 enim
1276 2653 1304 2704 et
1317 2649 1489 2704 contumelia
1504 2648 1534 2703 in
1548 2647 1661 2719 loquela
1679 2652 1707 2702 et
1728 2647 1759 2700 in
1781 2645 1889 2719 loquela

212 2742 288 2797 idem
303 2743 453 2813 Apostolus
467 2741 534 2796 dicit
550 2758 557 2796 :
575 2762 589 2793 (ι
605 2741 634 2796 Si
652 2741 729 2795 enim
746 2758 811 2795 cum
825 2741 935 2795 inimici
956 2755 1027 2794 esse·
1077 2742 1182 2812 linguae
1194 2742 1319 2796 hominis
1333 2759 1411 2797 casus
1424 2741 1500 2796 illius
1514 2744 1566 2796 est.
1583 2740 1702 2811 ideoque
1720 2739 1888 2795 convenicus

214 2851 289 2905 mus,
305 2835 480 2890 reconciliati
491 2851 589 2889 sumus
602 2836 659 2889 lleo
677 2851 728 2905 per
740 2837 864 2889 mortem
886 2834 947 2888 Filii
966 2834 1027 2904 ejus
1078 2836 1206 2890 osthane
1219 2835 1337 2906 quidem
1353 2836 1545 2890 ostensionem
1563 2833 1821 2905 reprehensionum
1832 2832 1889 2887 illo

214 2928 300 2999 (Rom.
314 2943 341 2998 v,
354 2930 407 2998 lo),
423 2949 437 2977 ο
453 2945 504 2983 θοι
517 2927 704 2998 insequimur,
719 2927 832 2995 fratres,
849 2944 900 2982 cur
910 2931 1025 2998 pertur—
1076 2945 1139 2983 rum
1156 2930 1259 2984 nostris
1273 2930 1382 2984 actibus
1394 2929 1492 2998 inseri,
1508 2944 1544 2983 ne
1559 2927 1675 3006 ulterius
1689 2926 1753 2997 jam
1766 2925 1834 2982 talia
1846 2942 1888 2998 pa

213 3021 316 3076 bamus
336 3025 442 3076 statum
463 3021 592 3077 Ecclesiae
612 3021 672 3087 Dei,
689 3025 717 3075 et
736 3037 785 3075 eos
804 3021 852 3092 qui
874 3021 900 3075 ei
921 3020 1026 3075 servire
1036 3064 1063 3139 C
1075 3022 1188 3077 tiamini
1201 3022 1407 3077 seminantibus
1421 3022 1460 3077 eis
1473 3022 1579 3076 zizania
1595 3020 1774 3086 etscandala,
1785 3018 1889 3074 sedlae·

214 3113 318 3169 debent
330 3114 507 3184 affligimus?
520 3115 653 3186 llartyres
664 3113 740 3169 enim
750 3115 826 3186 passi
836 3119 911 3181 sunt,
920 3131 978 3168 non
987 3117 1026 3168 ta·
1076 3116 1131 3169 tari
1144 3116 1173 3169 in
1187 3116 1284 3170 officiis
1298 3121 1328 3170 et
1342 3115 1525 3186 dogmatibus
1536 3114 1635 3169 vestris
1648 3111 1831 3167 mereamini.
1842 3110 1889 3183 lgi-

212 3224 280 3262 men
292 3207 395 3262 animae
408 3223 508 3262 eorum
519 3207 618 3261 occisae
628 3210 695 3262 sunt
704 3207 735 3261 in
747 3207 873 3278 eorporis
885 3207 1024 3277 passione,
1076 3213 1123 3263 tur
1137 3209 1315 3278 erubescant,
1327 3226 1360 3264 ae
1375 3209 1443 3263 tatia
1457 3213 1487 3263 et
1499 3205 1664 3279 hujusmodi
1678 3204 1888 3276 blasphemiam

213 3318 261 3358 ore
273 3301 405 3357 Veritatis
415 3304 578 3356 attestante.
594 3321 607 3351 ι
620 3300 712 3355 Nolite
724 3300 825 3377 timere
839 3316 886 3355 eos
899 3300 946 3371 qui
957 3301 1026 3355 occi·
1076 3301 1244 3356 subtrahere
1258 3302 1403 3371 festinent,
1418 3303 1441 3356 si
1464 3300 1608 3356 noluerint
1620 3316 1636 3354 a
1654 3297 1824 3354 sacerdotali
1838 3313 1887 3352 no·

212 3394 285 3450 dcent
300 3411 412 3467 corpus,
427 3393 552 3448 animam
570 3397 666 3448 autem
685 3410 744 3448 non
762 3397 881 3465 possunt
899 3392 1025 3448 occidere
1076 3400 1132 3450 stro
1145 3395 1264 3467 collegio
1278 3396 1433 3467 segregari,
1448 3400 1507 3450 eta
1525 3394 1611 3449 totius
1626 3391 1781 3448 Christiani
1794 3389 1889 3464 populi

211 3487 320 3559 (Marta.
336 3506 362 3556 x,
375 3488 430 3560 28).
445 3507 459 3539 s
474 3486 527 3543 Ubi
540 3487 655 3559 agnosci
676 3490 789 3558 oportet
802 3487 906 3558 quippe
921 3486 943 3540 si
962 3486 1024 3540 ani·
1075 3487 1205 3543 societate
1220 3488 1323 3543 divelli.
1337 3490 1412 3543 hicet
1431 3504 1553 3560 namque
1569 3487 1604 3541 de
1619 3486 1663 3541 his
1676 3485 1762 3558 plura
1781 3490 1811 3541 et
1824 3499 1886 3558 pcr-

211 3596 267 3635 mae
278 3584 438 3652 martyrum
447 3596 564 3651 corpore
574 3583 722 3651 perempto
731 3579 875 3652 suppliciis
885 3579 1025 3651 exstingui
1076 3581 1232 3636 necessaria
1253 3599 1316 3653 quae
1339 3583 1369 3636 in
1391 3582 1511 3637 decretis
1534 3580 1607 3636 sedis
1623 3579 1798 3651 apostolicae,
1813 3581 1843 3632 et
1856 3575 1888 3632 ab

210 3689 269 3728 non
280 3679 408 3745 possunt,
419 3673 586 3728 necanimae
599 3673 815 3744 predicatorum
830 3676 860 3727 et
874 3673 1024 3728 doctorum
1073 3675 1208 3746 apostolis
1231 3691 1385 3746 eorumque
1408 3673 1612 3730 successoribus
1633 3672 1740 3728 nostris
1758 3671 1889 3728 videlieet

209 3767 343 3838 persequi
354 3767 517 3822 debuissent
527 3770 576 3821 aut
584 3766 748 3839 perturbari
761 3771 815 3821 eta
827 3766 1023 3821 Deifamulatu
1074 3769 1447 3840 praedecessoribus-statuta
1468 3768 1654 3823 inveniuntur
1666 3765 1762 3821 dicere
1782 3768 1812 3821 et
1825 3779 1888 3820 eon·

209 3860 306 3929 averti,
317 3860 458 3933 quiscum
469 3860 634 3932 corporibus
645 3876 703 3914 non
716 3860 862 3915 deficiunt.
879 3860 958 3914 Tales
970 3876 1021 3914 au·
1074 3861 1196 3916 scribere
1208 3861 1411 3932 potuissemus,
1425 3864 1521 3916 tamen
1537 3860 1638 3915 melius
1653 3858 1734 3914 nohis
1743 3858 1838 3914 visum
1847 3859 1887 3912 est

208 3957 267 4009 tem
296 3954 505 4025 perturbatores
531 3953 662 4008 Ecclesiae
685 3969 742 4008 non
770 3952 860 4007 solum
889 3952 1024 4023 praedicta
1074 3958 1105 4008 ut
1119 3955 1268 4026 epistolam
1281 3955 1410 4009 oratione
1425 3955 1600 4009 claudamus.
1615 3954 1688 4008 Deus
1707 3952 1886 4024 omnipotens

208 4050 299 4117 agunt
308 4046 393 4116 mala,
402 4046 452 4101 sed
462 4045 652 4102 etmemerias
659 4049 818 4115 martyrum
826 4048 1020 4099 exsecrantur.
1073 4052 1101 4101 et
1113 4047 1200 4118 hujus
1209 4047 1374 4119 unigenitus
1385 4047 1468 4116 filius,
1479 4051 1508 4102 et
1517 4049 1640 4102 salvator
1651 4048 1751 4102 noster
1761 4044 1887 4100 Christus
1903 4031 1910 4044 ’

208 4138 383 4209 Quapropter
403 4138 433 4191 in
453 4139 569 4210 praefata
585 4135 783 4192 constituimus
797 4135 913 4207 synodo,
927 4136 1020 4191 vobis·
1072 4142 1150 4195 lesus
1170 4141 1222 4195 hoc
1240 4141 1320 4196 vobis
1340 4142 1446 4197 tribuat
1460 4141 1685 4208 incitamentum,
1699 4141 1733 4193 ut
1752 4137 1886 4193 omnibus

209 4245 265 4300 que
284 4233 313 4285 et
339 4230 472 4285 omnibus
496 4229 627 4285 Ecclesiis
653 4230 808 4286 tenendum
828 4235 857 4285 et
876 4231 1021 4302 agendum
1072 4233 1206 4290 fratribus
1219 4239 1247 4290 et
1259 4236 1432 4307 coepiscopis
1446 4235 1548 4290 nostris
1565 4233 1782 4305 quibuscunque
1796 4230 1884 4286 tribu·

208 4322 388 4390 mandamus,
411 4329 441 4378 ut
462 4340 549 4395 super
570 4322 727 4379 memorias
749 4328 906 4395 martyrum
928 4324 1022 4379 missae
1072 4327 1225 4383 lationihus
1245 4329 1438 4384 laborantibus
1460 4328 1525 4383 totis
1543 4325 1712 4381 suecurmtis
1725 4324 1844 4395 viribus,
1858 4327 1886 4380 et

208 4416 393 4485 celebrentur,
404 4434 440 4472 ne
455 4417 603 4473 memoriae
616 4433 717 4472 eorum
731 4433 748 4470 a
760 4416 864 4472 talibus
879 4417 1061 4501 exstinguiD
1073 4439 1137 4477 eum
1151 4423 1191 4477 eis
1205 4424 1408 4494 compatientes
1431 4437 1544 4476 erucem
1565 4419 1692 4491 ejusdem
1705 4417 1823 4474 Donuni
1837 4416 1885 4472 sel-

208 4516 258 4567 ant
267 4510 411 4567 vencratio
422 4512 508 4582 pessit
522 4511 675 4582 prohiberi.
692 4512 743 4566 Vos
755 4527 832 4583 vero,
847 4511 958 4580 fratres,
971 4528 1020 4567 no·
1070 4517 1175 4571 vetoris
1188 4515 1306 4587 portetis
1318 4520 1351 4569 ut
1363 4515 1422 4569 veri
1436 4515 1524 4586 ipsius
1538 4512 1666 4584 discipuli
1680 4528 1780 4567 coram
1797 4509 1884 4567 omni·

206 4604 255 4660 lite
270 4605 392 4660 multum
407 4605 525 4676 turbari,
540 4604 628 4661 nolite
641 4605 746 4673 vexari,
759 4606 807 4660 sed
821 4605 1021 4661 confortamini
1071 4608 1122 4664 bus
1135 4609 1305 4680 appareatis,
1321 4612 1353 4662 ut
1368 4612 1396 4663 et
1412 4624 1460 4663 vos
1480 4611 1509 4660 et
1525 4607 1574 4678 qui
1588 4605 1732 4661 vobiscum
1752 4609 1820 4660 sunt
1838 4603 1883 4660 hie

207 4697 236 4752 in
251 4698 381 4766 Domino,
396 4704 426 4754 et
446 4699 476 4753 in
497 4699 624 4771 potentia
637 4698 781 4754 eharitatis
800 4699 870 4769 ejus.
887 4700 1020 4754 Habetote
1071 4705 1099 4756 et.
1108 4703 1138 4756 in
1148 4702 1243 4755 futuro
1255 4702 1372 4757 meliora
1380 4700 1544 4773 possideatis
1554 4714 1618 4771 quae
1629 4699 1727 4754 oculus
1737 4715 1797 4755 non
1804 4697 1880 4767 vidit,

207 4789 322 4847 interim
343 4792 393 4847 ista
410 4792 446 4848 ad
466 4792 635 4864 suffragium
655 4798 780 4848 vestrum
799 4793 954 4864 apostoliea
973 4811 1020 4847 au·
1070 4812 1123 4850 nec
1138 4795 1213 4850 auris
1227 4795 1345 4864 audivit,
1362 4812 1414 4849 nee
1437 4795 1467 4848 in
1481 4810 1530 4848 eor
1545 4792 1668 4848 hominis
1681 4792 1879 4864 ascenditque

206 4886 1018 4958 ctoritatedeereta,etscitoteuossemperparatoshabere,
1068 4889 1239 4961 praeparavit
1251 4890 1326 4944 Deus
1341 4888 1525 4959 diligentibus
1541 4903 1580 4942 se.
1601 4887 1654 4941 Per
1668 4885 1879 4941 Dorninumne

206 4977 293 5033 etiam
309 4978 342 5048 (si
355 4995 466 5035 necesse
479 4979 576 5051 fuerit)
591 4996 679 5053 usque
696 4980 732 5035 ad
751 4983 872 5034 mortem
889 4980 926 5034 ad
943 4997 1019 5053 quae·
1069 4989 1159 5039 strum
1168 4987 1263 5040 lesum
1275 4983 1428 5053 Christum,
1439 4999 1491 5054 per
1504 4996 1600 5053 quem,
1613 4985 1715 5035 etcum
1728 4995 1786 5052 quo
1795 4974 1878 5034 omni·

205 5072 579 5145 cunquevobisneeessaria
594 5074 701 5129 fuerint
716 5073 848 5146 (Domino
866 5090 951 5145 opem
975 5076 1018 5130 fe·
1067 5078 1176 5150 potenti
1204 5080 1258 5133 Deo
1283 5077 1374 5150 gloria
1397 5076 1427 5130 in
1451 5075 1552 5130 saecula
1578 5074 1760 5129 saeculorum.
1781 5077 1878 5129 Amen.

203 5167 295 5236 rente)
308 5165 489 5238 perficienda.
500 5167 541 5222 llli
555 5170 784 5235 tamen,auetore
796 5168 863 5235 Deo,
872 5168 1017 5239 peribunt,
1068 5173 1166 5227 Valere
1193 5189 1240 5226 vos
1262 5176 1337 5241 opto,
1360 5169 1518 5224 charissimi
1544 5169 1656 5224 fratres.
1687 5168 1761 5222 [lata
1781 5183 1799 5221 v
1819 5165 1877 5221 ldus

205 5264 234 5316 et
245 5277 295 5316 vos
305 5259 426 5329 stabitis,
441 5261 465 5315 si
480 5265 576 5317 tamen
588 5262 669 5317 labor
683 5266 774 5318 vester
786 5279 844 5317 non
859 5263 947 5317 fuerit
960 5264 1019 5318 ina·
1066 5265 1183 5337 Augusti
1195 5264 1312 5323 Claudio
1326 5269 1354 5318 et
1365 5264 1486 5319 Paterno
1502 5263 1535 5317 lV
1548 5278 1589 5318 ec.
1603 5260 1775 5317 consulibus.

202 5354 258 5421 nis,
272 5355 321 5412 sed
338 5356 442 5427 plenus
455 5354 511 5410 nde
530 5359 559 5412 et
573 5355 720 5411 charitate.
737 5378 751 5405 ο
768 5357 825 5424 Vae,
841 5355 934 5429 inquit
955 5372 1017 5428 pro-

576 5535 681 5604 ITEM
713 5536 923 5607 EPISTOLA
953 5536 1149 5608 EJUSDEM
1178 5538 1239 5607 AD
1270 5536 1506 5608 BENlGNUM.

239 5653 420 5709 Dilectissimo
440 5650 521 5708 fratri
544 5653 666 5711 Bnnrcno
693 5654 840 5725 episcopo,
858 5654 940 5710 lanx
963 5655 1020 5728 epi·
1106 5656 1293 5728 suscipientes
1305 5655 1486 5712 fraternitatis
1500 5659 1557 5710 tuae
1573 5652 1706 5726 epistolas
1719 5648 1873 5723 quibusmt

189 5760 296 5814 ⁸0⁰l1¹¹³
308 5747 339 5799 1'11
354 5746 476 5802 Domino
489 5748 619 5804 sulutem·
1070 5766 1154 5826 super
1167 5750 1231 5806 fidei
1245 5749 1494 5825 documentisque
1504 5748 1538 5804 ab
1553 5748 1614 5805 aliis
1628 5745 1791 5804 habebatur
1800 5743 1873 5800 aliter
