3870 6150
133 155 181 223 in
584 162 725 218 aarum.
745 159 887 216 ausae.
906 156 1137 214 m-mmm
1153 133 1365 213 macareus
1760 153 1808 208 in

133 289 220 344 quam
233 272 290 343 pia,
305 286 393 342 quam
407 270 567 325 necessaria
580 269 684 339 legatio
697 286 714 322 a
727 271 777 322 tua
789 266 947 333 sanctitate,
959 276 990 351 Α
1000 282 1070 320 uum
1084 265 1275 327 laudaremus,
1298 277 1515 332 successumque
1534 260 1630 331 ipsum
1652 258 1719 313 idco
1740 275 1807 331 pre·

131 368 221 421 frater
233 364 408 431 charissime,
433 363 469 418 ad
492 380 545 417 nos
565 361 947 431 di1·ectafuerit,gestorum
997 361 1095 416 stitum
1108 358 1163 414 tuis
1184 357 1330 414 laboribus
1352 355 1509 423 videamus,
1534 354 1613 424 quod
1633 355 1696 407 tota
1713 351 1807 406 virtute

131 457 260 526 ipsorum
276 452 463 525 replicatione
485 468 649 522 cognosces.
671 450 761 505 Voluit
775 449 851 504 enim
867 465 945 504 com·
996 453 1074 525 pacis
1086 455 1198 507 amator
1212 450 1335 506 existens
1348 465 1414 504 eam
1434 447 1603 519 requisitam
1616 445 1769 511 inveneris,
1783 448 1808 499 et

131 548 280 620 presbyter
289 549 384 601 noster
394 545 544 602 Cassianus
553 545 627 599 hanc
636 544 827 598 amicitiarum
837 546 945 597 nostra·
997 549 1139 618 repertam
1156 560 1267 599 summa
1280 541 1419 597 charitate
1439 539 1563 595 tenueris
1592 555 1660 593 cum
1674 553 1744 608 erga
1756 554 1808 592 om·

132 658 196 696 rum
211 640 377 711 paginulam
390 656 444 711 per
457 638 719 710 compresbyterum
732 640 867 703 vestrum,
877 637 948 690 Pau·
996 656 1047 694 nes
1060 644 1121 694 tum
1139 638 1283 709 precipue
1304 636 1377 690 circa
1400 634 1464 690 illos
1480 633 1529 706 qui
1542 632 1691 704 quondam
1709 631 1808 685 Paulini

39 735 41 740 '
120 736 188 790 lum
205 733 350 789 Nicolaum
365 733 529 799 diaconum,
553 737 581 786 et
604 733 720 786 Petrum
741 729 947 785 subdiaconum
987 733 1082 804 'atque
1094 731 1204 803 Evagrii
1218 730 1420 801 episcoporum
1440 726 1539 783 censiti
1559 725 1806 780 fuerantnomine.

131 828 204 883 tilios
219 832 330 882 nostros
343 827 425 899 quasi
439 825 578 897 primitias
593 825 670 896 pacis
682 826 786 879 nostrae
796 822 946 878 conscribi.
997 827 1093 881 Habeo
1113 841 1258 879 summum
1280 826 1414 877 votorum
1435 837 1579 890 meorum,
1605 819 1683 891 quod
1708 818 1808 889 antiqui

133 923 228 978 Saluto
241 921 339 991 itaque
353 926 381 974 et
392 923 470 975 tuam
480 918 594 972 mihtin
606 917 716 972 Christo
728 916 948 988 germanitatem
998 919 1071 974 naevi
1081 918 1213 990 purgatio
1229 917 1285 972 tuis
1300 915 1488 987 temporibus,
1497 914 1611 984 tuisque
1626 911 1737 968 meritis
1750 928 1807 983 pro·

133 1022 160 1071 et
175 1030 292 1070 omnem
306 1014 464 1084 illam-quae
478 1017 572 1066 tecum
591 1011 664 1065 hene
684 1010 770 1065 sentit
785 1010 946 1076 Ecclesiam,
997 1017 1125 1084 rogatur.
1139 1013 1266 1076 Quorum
1290 1009 1375 1064 ctiam
1390 1009 1455 1063 illos
1475 1007 1606 1078 ejusdem
1627 1005 1754 1060 nominis
1765 1007 1809 1076 qui

134 1124 252 1179 nosque,
268 1112 298 1161 ut
312 1106 413 1173 tacitis,
427 1109 455 1160 et
465 1104 652 1176 alloquamini
665 1108 730 1175 peto
742 1103 867 1157 crebrius
877 1103 949 1157 litte-
997 1105 1026 1162 in
1036 1105 1116 1161 ltalia
1128 1104 1264 1160 meritum
1275 1102 1425 1157 clericatus
1441 1103 1620 1172 acceperant,
1632 1099 1733 1154 censui
1743 1098 1810 1152 bono

133 1203 225 1270 1·is,at
241 1199 418 1271 frequentius
432 1199 467 1253 de
482 1201 573 1253 vestra
587 1199 676 1252 salute
696 1196 852 1251 latificetis.
868 1196 949 1250 babit
998 1198 1100 1270 quietis
1118 1197 1240 1269 gratiam
1260 1196 1382 1250 retinere
1402 1199 1574 1265 susceptam.
1595 1193 1630 1247 Et
1642 1191 1710 1263 quia
1723 1196 1810 1246 noster

133 1291 220 1358 enim,
237 1294 267 1345 ut
279 1289 402 1358 confido,
416 1288 553 1343 [lominus
564 1287 650 1341 totius
663 1303 714 1341 nos
728 1284 864 1357 praeteriti
878 1287 949 1339 tem·
997 1291 1209 1362 compresbyter
1222 1290 1379 1357 Cassianus,
1395 1293 1509 1360 gratum
1531 1287 1614 1341 duxit
1627 1290 1686 1341 tuae
1698 1285 1759 1340 fore
1770 1285 1808 1340 di·

134 1385 210 1455 poris
238 1383 385 1455 dispendia
410 1382 607 1437 amantissimo
627 1380 788 1434 litterarum
809 1377 948 1449 colloquio
999 1386 1136 1457 gundoni,
1150 1384 1249 1439 simeo
1261 1381 1382 1438 concilio
1397 1381 1426 1437 in
1440 1381 1553 1435 civitate
1566 1384 1662 1435 restra
1671 1379 1810 1434 clericatus

133 1492 359 1549 recompensare.
999 1478 1128 1535 ordinem
1144 1477 1236 1532 dicere
1257 1480 1438 1542 censeantur,
1462 1474 1548 1529 statui
1563 1478 1687 1546 propter
1699 1473 1810 1528 mucro

241 1575 277 1626 De
292 1571 382 1625 Attico
395 1571 516 1640 episcopo
535 1568 840 1638 contantinopolitano.
997 1573 1115 1628 lentiam
1128 1577 1205 1626 tuam
1218 1569 1413 1642 promissaque
1427 1567 1591 1633 memorati,
1607 1572 1640 1621 ut
1649 1567 1726 1621 inter
1738 1570 1809 1621 cate·

173 1668 351 1720 tuuooaurrus
361 1663 517 1719 Marianae
532 1662 673 1734 episcopo.
958 1646 1046 1721 Bros
1055 1665 1215 1720 sacerdotes
1227 1664 1428 1735 ministrosque
1444 1661 1535 1733 quiin
1555 1660 1673 1715 civitate
1687 1663 1755 1715 sunt
1763 1677 1808 1714 an·

168 1759 302 1815 ltliramur
326 1757 512 1829 prudentiam
535 1759 627 1822 tuam,
650 1754 753 1826 scripta
770 1754 806 1809 ad
823 1752 948 1808 Atticum
998 1765 1195 1825 numerentur,
1211 1757 1300 1812 frater
1319 1754 1494 1823 charissime,
1516 1753 1652 1809 libenter.
1676 1755 1809 1808 Praeterea

133 1853 298 1925 episcopum
321 1849 642 1920 Constantinopolitanae
664 1848 742 1903 urhis
764 1865 781 1902 a
805 1846 897 1914 nohis,
921 1851 950 1901 et
998 1854 1032 1908 dc
1046 1851 1184 1923 episcopis
1198 1849 1325 1922 helpidio
1339 1852 1425 1920 atque
1438 1849 1514 1919 Papo
1527 1847 1652 1919 cognovi
1666 1845 1806 1918 quodsiua

134 1946 332 2018 prosecutione
359 1943 476 2015 propria
503 1948 532 1997 et
556 1943 622 1998 dato
649 1942 753 2010 libello,
782 1940 831 2012 qui
850 1940 949 1995 subter
998 1945 1153 2017 quastione
1167 1961 1232 1999 suas
1243 1943 1379 1999 Ecelesias
1392 1941 1636 2013 recuperaverint,
1648 1944 1677 1994 et
1692 1940 1806 1994 multum

134 2056 261 2094 annexus
273 2043 325 2104 est,
340 2037 482 2108 postulate
506 2052 590 2106 aquo
610 2051 663 2089 nec
684 2034 784 2089 missas
804 2035 875 2088 ullas
897 2033 950 2087 sal·
997 2039 1026 2094 in
1042 2039 1138 2110 gestis,
1152 2041 1183 2092 ut
1197 2037 1354 2108 subscripta
1363 2039 1511 2102 testantur,
1523 2033 1662 2089 sollicitus
1672 2033 1805 2105 inquisivi,

134 2137 193 2187 tem
209 2131 339 2203 epistolas
352 2130 389 2184 ad
401 2146 448 2184 vos
461 2130 505 2184 vel
513 2129 550 2183 ad
562 2135 686 2184 vestram
695 2128 836 2199 synodum
850 2127 948 2198 utique
997 2138 1094 2188 utrum
1108 2133 1138 2186 in
1149 2131 1282 2186 omnibus
1293 2134 1366 2184 esset
1376 2126 1586 2183 conditionibus
1597 2127 1771 2182 satisfactum
1782 2127 1805 2181 in

134 2224 285 2297 protulisti.
303 2224 389 2295 ldque
404 2240 462 2278 non
483 2223 591 2295 petenti
611 2222 793 2277 tribuendum
813 2221 947 2288 aestimes,
997 2243 1081 2281 eausa
1094 2225 1168 2280 beati
1184 2230 1213 2278 et
1226 2240 1290 2279 vere
1304 2225 1361 2279 Deo
1377 2222 1457 2294 digni
1472 2221 1627 2277 sacerdotis
1641 2206 1765 2277 loannis.
1779 2220 1805 2274 et

135 2319 213 2390 quod
233 2318 312 2372 vides
335 2317 552 2389 deprecantibus
566 2316 690 2371 discussa
706 2315 816 2370 ratione
835 2330 946 2370 conces-

133 2431 206 2469 sum.
227 2411 395 2469 communio
410 2411 487 2466 enim
503 2427 641 2482 suspensa
657 2409 814 2464 restituitur
828 2410 946 2464 demon-

133 2507 233 2562 stranti
243 2522 351 2573 causas,
360 2505 464 2576 quibus
471 2503 499 2559 id
510 2504 660 2572 acciderat,
669 2504 732 2573 jam
741 2518 801 2557 esse
811 2503 947 2569 detersas,

133 2598 319 2672 etproliteuti
333 2598 507 2653 conditiones
517 2597 595 2668 pacis
607 2597 749 2668 impletas.
761 2595 843 2660 Quod
854 2609 947 2666 neque

135 2693 211 2764 apud
225 2710 284 2760 vos,
299 2707 392 2763 neque
405 2691 482 2764 apud
494 2707 546 2745 nos
560 2690 601 2759 (ut
614 2688 743 2760 praedixi)
758 2688 866 2743 Atticus
878 2688 946 2742 mis-

997 2336 1062 2375 cum
1072 2335 1123 2391 per
1131 2319 1243 2389 singula
1252 2317 1368 2372 assertio
1378 2317 1542 2387 legatorum
1552 2332 1586 2370 ex
1595 2320 1663 2370 voto
1674 2314 1803 2385 completa

998 2429 1056 2469 esse
1080 2414 1226 2479 fateretur,
1249 2412 1355 2483 gratias
1384 2426 1472 2481 agens
1498 2410 1557 2464 Deo
1579 2409 1803 2463 communionem

997 2507 1128 2561 Ecclesiae
1148 2509 1249 2560 vestrae
1269 2504 1308 2559 ita
1326 2504 1431 2575 recepi,
1450 2507 1482 2558 ut
1497 2519 1557 2574 prae
1571 2518 1620 2558 me
1633 2503 1726 2557 feram
1746 2516 1802 2572 apo

997 2600 1103 2655 stolicae
1128 2598 1202 2654 sedis
1223 2596 1431 2668 condiscipulos
1451 2596 1559 2667 primos
1582 2593 1696 2649 dedisse
1708 2593 1801 2649 catera

997 2693 1072 2749 viam
1087 2693 1174 2764 pacis,
1186 2693 1215 2746 in
1230 2708 1286 2763 qua
1299 2691 1395 2745 firmos
1411 2706 1468 2760 vos,
1490 2705 1598 2760 nosque
1609 2688 1723 2743 Domini
1734 2686 1799 2742 Chn'-

134 2788 171 2841 sis
181 2785 323 2858 aliquibus
346 2800 462 2839 suorum
481 2785 524 2838 vel
539 2783 632 2838 dicere
652 2783 750 2851 voluit,
769 2783 814 2837 vel
826 2782 947 2837 demon·

135 2883 224 2934 strare
241 2879 425 2949 completum,
441 2876 683 2949 quemadmodum
698 2877 882 2931 Antiochense
896 2877 947 2930 Ec·

998 2787 1035 2842 sti
1053 2787 1091 2842 ita
1113 2785 1275 2857 benignitas
1296 2782 1503 2855 amplexabitur
1523 2787 1611 2854 atque
1630 2780 1797 2845 communiet,

998 2886 1027 2936 et
1045 2880 1123 2935 nullo
1148 2879 1184 2933 de
1205 2882 1308 2934 cataro
1333 2877 1527 2942 titillamento,
1551 2876 1596 2929 vel
1610 2874 1665 2930 levi
1678 2875 1797 2945 cujusque

134 2972 227 3028 clesiae
263 2972 352 3026 frater
387 2977 415 3026 et
448 2970 630 3041 coepiscopus
663 2973 757 3025 noster
788 2970 949 3025 Alexander
998 2973 1190 3029 contentionis
1226 2971 1336 3043 pudore
1373 2971 1533 3042 pulsentur.
1577 2968 1689 3040 Scripta
1721 2971 1796 3023 auten

134 3066 222 3139 digna
233 3065 413 3137 legationeet
424 3067 639 3135 prosecutusest
653 3068 681 3118 et
688 3063 827 3135 probavit.
842 3021 986 3127 QuibusC
997 3067 1082 3123 Attici
1104 3067 1237 3138 episcopi,
1252 3065 1389 3137 quoniam
1405 3080 1471 3118 cum
1487 3062 1587 3117 vestris
1610 3067 1678 3117 sunt
1690 3063 1796 3133 porrectt

135 3159 280 3232 sigillatim
292 3158 424 3213 omnihus
437 3156 536 3229 utique
550 3157 947 3228 iuteressedignatuscogno·
998 3161 1183 3232 suscepimus,
1202 3176 1238 3215 ne
1252 3176 1304 3231 per
1318 3161 1440 3213 vestram
1460 3156 1595 3227 injuriam
1611 3156 1660 3211 ille
1686 3155 1734 3227 qui
1746 3152 1796 3208 oua

133 3253 208 3322 visti,
229 3250 475 3325 quemadmodum
495 3250 639 3321 sigillatim
661 3250 758 3305 omnia
779 3250 950 3321 scriptorum
999 3272 1016 3310 a
1038 3254 1121 3309 nohis
1146 3270 1298 3326 suspensus
1321 3252 1413 3307 fuerat
1436 3249 1651 3322 repudiaretur,
1672 3252 1795 3304 ettamen

134 3349 294 3401 nostrorum
307 3344 482 3399 anteriorum
492 3343 545 3398 hac
559 3343 594 3398 de
604 3360 687 3398 causa
699 3343 854 3398 beatissimi
863 3345 947 3399 toan·
999 3347 1065 3403 satis
1074 3348 1187 3404 abunde
1200 3364 1264 3419 quae
1277 3346 1306 3400 in
1319 3346 1390 3402 actis
1405 3344 1566 3412 statuimus,
1581 3343 1653 3398 sicut
1664 3343 1795 3415 dignanter

135 3440 179 3495 uis
194 3437 342 3510 quondam
355 3436 478 3509 episcopi
492 3437 583 3492 nostri
596 3436 785 3504 discusserim,
800 3443 832 3492 ut
844 3437 894 3509 qui
908 3437 949 3492 illi
999 3443 1126 3513 relegere
1140 3440 1316 3512 procurabis,
1344 3438 1414 3510 quid
1438 3439 1468 3492 in
1495 3438 1556 3508 ejus
1571 3453 1697 3509 persona
1714 3435 1795 3491 debat

134 3533 165 3588 in
181 3532 313 3587 omnibus
339 3531 405 3586 satis
432 3529 579 3584 evidenter
604 3530 786 3586 ostenderent
808 3530 948 3602 universa,
999 3536 1196 3602 custodiri,rel
1209 3533 1232 3589 si
1240 3532 1397 3605 peremnia
1408 3532 1507 3587 vestris
1518 3531 1644 3587 consiliis
1653 3530 1794 3599 actibusqtt

135 3643 200 3699 quae
210 3626 285 3697 apud
295 3624 475 3680 Antiochiam
484 3624 546 3678 fieri
556 3623 718 3691 debuerint,
728 3623 813 3679 fuisse
823 3625 949 3696 comple·
1000 3634 1057 3683 tam
1069 3628 1172 3683 sanctis
1181 3644 1210 3682 sc
1222 3627 1364 3698 rogaverit
1372 3642 1432 3681 esse
1441 3640 1634 3692 communem,
1647 3625 1795 3696 prestantur

135 3725 174 3775 ta.
191 3720 319 3785 Quorum
332 3717 488 3790 amplexati
497 3734 597 3789 pacem
607 3717 705 3790 utique
719 3718 804 3773 tidem
818 3718 948 3786 fecimus,
999 3723 1060 3779 seni
1082 3722 1179 3777 favore
1200 3725 1294 3776 vestro
1319 3726 1472 3792 nostroque
1485 3718 1596 3790 judicio
1609 3711 1795 3773 communionis

136 3821 284 3886 almagno
299 3813 413 3867 tramite
431 3811 564 3866 omuibus
582 3811 715 3867 eamdem
732 3828 818 3883 quam
834 3814 950 3884 praesto·
999 3819 1085 3888 atque
1094 3816 1252 3871 litterarum
1264 3832 1280 3869 a
1293 3814 1375 3870 nobis
1388 3813 1478 3886 gratia
1490 3817 1656 3885 prorogata.
1672 3808 1794 3878 Subscrip-

133 3908 202 3963 laris
215 3907 403 3974 ostendimus,
423 3905 445 3960 si
467 3906 550 3960 modo
569 3922 634 3977 quae
649 3906 772 3961 discussa
787 3911 852 3961 sunt
864 3912 950 3979 atque
1000 3915 1098 3964 serunt
1112 3909 1236 3980 episcopi
1250 3911 1295 3964 to.
1309 3908 1397 3963 ltaliae
1418 3907 1462 3962 24.

136 4001 287 4071 completa,
309 3999 395 4055 etiam
409 3998 464 4070 ipsi
476 4015 528 4069 pro
552 4015 602 4053 suo
621 3999 683 4053 loco
700 3998 797 4054 fecisse
816 3999 858 4053 vel
875 4015 951 4054 eom·
1064 4004 1188 4073 Epistola
1200 4003 1319 4072 ejusdcm
1333 4002 1371 4056 ad
1384 4001 1574 4057 Alexandrum
1589 4003 1746 4072 episcopum.

135 4093 227 4164 plesse
240 4092 392 4163 aliquando
406 4091 639 4161 monstraverint,
648 4091 949 4164 communionemque,
1039 4102 1062 4153 t.
1075 4097 1155 4161 Quod
1170 4097 1263 4168 prima
1276 4096 1357 4150 sedes
1370 4094 1445 4151 beati
1457 4095 1535 4150 Petri
1548 4093 1627 4165 apud
1640 4091 1796 4149 Antiochiam

137 4187 168 4236 ut
176 4181 234 4250 isti,
245 4181 388 4251 legatione
400 4179 564 4235 solemniter
573 4179 712 4235 destinata
724 4180 777 4235 sibi
788 4183 952 4252 rogaverint
1000 4208 1061 4248 esse
1075 4195 1261 4245 memoretur,

136 4274 289 4331 redhiberi.
298 4276 498 4346 Exspectamus
507 4289 575 4346 ergo
584 4280 612 4329 et
624 4273 828 4345 professionem
838 4293 949 4332 memo·
1035 4289 1062 4340 2.
1075 4284 1156 4350 Quod
1165 4300 1224 4339 non
1234 4288 1346 4356 oportet
1358 4282 1519 4338 secuudum
1529 4283 1685 4339 constituta
1696 4282 1798 4352 tmpus

136 4371 191 4426 rati
204 4370 239 4426 de
251 4368 401 4441 completis
411 4367 543 4423 omnihus
551 4367 773 4437 conditionibus,
785 4386 855 4442 quas
863 4371 952 4426 diver·
1002 4382 1093 4433 torem
1108 4377 1179 4432 duos
1192 4393 1253 4432 esse
1269 4377 1433 4448 metropolis
1447 4376 1602 4448 episcopos.

137 4466 174 4519 sis
190 4463 367 4536 temporibus
380 4462 577 4553 prediximus,
594 4466 624 4516 ct
637 4462 805 4533 petitionem
823 4481 951 4521 commu·
1036 4475 1063 4528 3.
1080 4471 1163 4535 Quod
1175 4472 1346 4527 Arianorum
1358 4471 1454 4526 clerici
1470 4487 1529 4526 non
1541 4474 1609 4525 sunt
1621 4463 1800 4542 recipiendia

137 4560 241 4628 aionis,
262 4564 292 4615 ut
312 4561 388 4614 recte
402 4562 430 4613 et
443 4557 554 4630 petenti
574 4561 603 4611 et
619 4556 752 4627 probanti
769 4575 798 4613 se
818 4560 951 4615 canadam
1001 4567 1059 4622 suis
1072 4565 1180 4633 officiis,
1202 4566 1332 4638 quamvis
1345 4582 1444 4620 eorum
1457 4564 1642 4636 baptismum,
1656 4564 1707 4636 qui
1719 4560 1800 4617 came

138 4652 240 4707 niereri
248 4652 408 4719 reddamus,
420 4651 509 4706 frater
518 4649 952 4709 charissimaNamdeomnihus
1001 4661 1070 4716 licus
1086 4665 1205 4727 constat,
1222 4660 1373 4715 confirmet
1387 4659 1520 4715 Ecclesia.

136 4744 315 4816 plenissimas
325 4745 361 4799 ad
372 4751 497 4800 sanctam
507 4750 673 4800 nostrorum
684 4744 804 4800 fratrum
813 4747 952 4818 synodum
1036 4757 1100 4812 cip.
1121 4754 1141 4809 l.
1161 4755 1343 4810 inuocamms
1361 4757 1529 4809 Auumuoao
1542 4753 1688 4825 episcopo.
1702 4753 1733 4808 Et
1743 4758 1802 4804 oum

137 4838 245 4893 dudum
258 4837 365 4894 litteras
376 4839 537 4911 percepisti·
1002 4855 1030 4904 et
1043 4849 1136 4904 honor
1148 4848 1230 4904 nobis
1245 4865 1262 4902 a
1276 4853 1327 4904 tua
1340 4847 1519 4903 fraternitate
1529 4846 1801 4918 impositusuecess·

173 4955 221 5011 Ad
249 4957 434 5010 Anaxauoauu
466 4954 662 5011 Antiochenam
692 4959 852 5028 episcopum.
882 4962 918 5015 lie

496 5042 575 5098 pace.

174 5119 270 5195 175
280 5119 432 5194 Apostolici
442 5119 543 5175 favoris
554 5120 646 5191 gratia
657 5136 764 5193 magno
777 5123 854 5194 pacis
864 5139 953 5196 usque

135 5217 171 5272 ad
186 5215 352 5272 nordecore
366 5212 550 5285 resplenduit,
567 5217 736 5285 tantumque
748 5215 819 5270 lucis
834 5217 951 5288 gaudio·

136 5307 380 5382 rumqueiufulsit
394 5305 534 5374 fidelihus,
549 5309 590 5376 ut,
604 5306 730 5363 diceutes
743 5310 802 5364 beo
816 5310 953 5367 maximas

136 5403 246 5473 laudes,
261 5403 384 5474 majores
397 5401 500 5458 dehere
511 5417 562 5456 nos
575 5401 727 5470 fateamur,
738 5403 884 5474 plusquea
894 5406 953 5461 beo

133 5497 283 5569 jocundati
297 5513 404 5564 sumus,
420 5495 507 5567 quod,
527 5494 657 5550 discussis
671 5496 805 5552 omuibus
818 5499 953 5554 lateribus

134 5590 280 5645 actionum
296 5593 352 5646 tuae
365 5588 561 5659 fraternitatis,
579 5588 617 5644 ita
630 5592 724 5645 totum
741 5591 847 5663 pietate
859 5610 890 5647 ac
900 5611 952 5666 pa·

46 5730 52 5753 ,
119 5682 220 5738 ticrrtia
242 5689 360 5756 gestum
383 5685 584 5760 cognovimus,
609 5687 642 5742 ut
669 5684 699 5742 iu
714 5686 953 5745 omnihusltomi·

1002 4942 1037 4997 rii
1048 4945 1183 4997 tractatus
1200 4958 1298 4997 causas
1310 4942 1433 5012 induxit,
1448 4957 1506 5014 quo
1522 4940 1627 4996 litteris
1640 4941 1686 4996 vel
1699 4948 1803 4994 comma·

1002 5036 1107 5092 ultorio
1129 5040 1230 5106 vestro,
1253 5040 1287 5090 ut
1298 5037 1347 5092 dat
1360 5036 1449 5091 sancti
1463 5035 1585 5108 Spiritus
1597 5034 1690 5107 gratia
1702 5042 1803 5103 respon·

1003 5131 1069 5185 dere
1097 5130 1246 5202 possimus.
1282 5131 1469 5186 Revolveutes
1495 5130 1593 5202 itaque
1620 5127 1803 5185 auctoritatem

1002 5225 1123 5279 liicoenaa
1137 5224 1248 5295 synodi,
1264 5240 1329 5296 quae
1345 5241 1400 5279 una
1412 5223 1542 5279 omniurn
1554 5238 1610 5294 per
1621 5222 1722 5279 orbem
1732 5223 1804 5275 tem·

1003 5335 1068 5373 rum
1080 5318 1202 5389 explicat
1216 5323 1340 5374 mentem
1365 5319 1554 5385 sacerdotnm,
1579 5333 1646 5390 quoe
1661 5305 1803 5372 canuit·

1002 5411 1182 5467 Antiochena
1206 5412 1331 5467 Ecclesia
1356 5412 1464 5468 cunctis
1485 5410 1618 5467 fidelihus
1637 5428 1676 5468 ne
1700 5403 1802 5465 dixerit·

1003 5505 1196 5561 sacerdotibus
1209 5522 1270 5561 esse
1284 5507 1476 5564 necessarium
1490 5505 1648 5573 custodire,
1668 5521 1723 5578 qua
1735 5506 1802 5569 supet

1003 5599 1146 5656 dioecesim
1172 5617 1253 5656 suam
1280 5601 1449 5673 predictam
1477 5599 1630 5657 Ecclesiam
1655 5615 1715 5655 nou
1734 5600 1803 5664 sapt!

1003 5693 1130 5766 aliquam
1158 5695 1333 5767 provinciam
1359 5693 1592 5768 recognoscimus
1622 5692 1801 5753 unauna·
