3870 6150
132 238 162 294 tt
751 236 986 294 DECRETALlUll
1005 235 1198 293 cetiuutiu.
1778 240 1811 298 io
1924 271 1927 277 ·

131 345 198 402 verit
215 349 245 401 et
265 341 357 418 pariet
376 359 441 416 quae
463 345 505 401 est
525 344 662 417 pentura.
678 345 722 402 Sic
741 347 833 402 omnis
855 347 944 403 homo
955 344 1137 430 Abonorum
1147 344 1346 402 coelestiumex
1363 345 1449 419 gestis
1466 345 1590 420 propriis
1609 347 1668 405 liet.
1689 348 1812 408 decedat

128 439 173 511 qui
194 438 320 494 libenter
339 455 397 493 non
422 438 525 510 recipit
542 438 663 494 verbum
681 439 741 510 liei,
766 439 892 513 illudque
916 441 947 497 in
996 442 1092 493 autem
1105 437 1154 510 qui
1166 438 1225 493 vult
1239 438 1275 495 ad
1289 437 1462 496 sacerdotem
1475 457 1571 509 suum,
1587 446 1617 498 et
1627 442 1682 515 ipsi
1697 444 1810 500 deino-

128 531 211 587 corde
227 548 280 587 suo
288 530 452 604 germinare
460 547 520 586 non
530 531 605 601 sinit,
619 549 651 586 ac
664 532 784 587 minime
794 533 948 589 crediderit
996 545 1065 586 men
1081 547 1164 585 suum
1175 535 1261 602 atque
1275 531 1312 587 ab
1325 549 1359 587 eo
1370 534 1466 590 audiat
1479 535 1616 606 mysteria
1627 536 1712 608 regui
1724 536 1810 593 coelo·

126 624 328 680 doctoribuset
342 624 483 696 episcopis
490 625 557 694 suis,
566 641 624 680 uon
632 624 784 681 benevolus
791 626 840 682 sed
854 625 944 682 rebel-
996 639 1071 693 rum,
1082 623 1202 694 jejuniis
1215 624 1412 695 frequentibus
1426 642 1541 699 operam
1555 627 1714 700 impendat,
1723 645 1756 685 ac
1770 645 1812 686 se-

125 717 255 788 lisatque
264 717 433 773 inobediens
442 716 589 788 exstiterit,
599 717 725 773 fructum
735 735 793 773 nen
807 719 946 791 germina·
995 716 1150 787 metipsum
1165 718 1195 772 in
1207 717 1339 773 omnibus
1347 719 1450 789 probet
1460 724 1491 775 ιιι
1501 720 1591 775 tribus
1597 720 1808 794 mensibusjem

123 809 173 878 bit,
197 825 253 865 nec
276 810 379 881 pariet,
404 811 454 866 sed
479 809 581 865 similis
600 813 644 866 est
661 810 755 866 arbori
778 811 820 867 illi
837 812 871 868 de
891 828 946 884 qua
995 810 1258 867 consummandoin
1268 811 1392 867 diafesto
1401 812 1641 884 possitbaptizari.
1650 815 1810 886 Baptizatur

123 902 266 959 Dominus
279 903 336 958 ait:
353 903 481 959 «Omnis
495 902 589 971 arbor,
600 919 665 975 quae
678 921 735 959 non
744 904 812 960 facit
820 904 945 961 fructum
995 908 1091 959 autem
1105 903 1300 976 unusquisque
1323 904 1354 959 in
1375 904 1456 977 aquis
1475 906 1664 976 perennibus,
1692 908 1809 965 nomine

122 996 246 1063 bonuim
273 995 419 1051 excidetur
448 998 478 1052 et
502 996 652 1069 inignem
680 997 812 1054 mittetur
835 998 943 1069 (Haut.
994 994 1076 1051 trinoe
1108 996 1294 1053 beatitudinis
1324 997 1452 1055 invocato
1480 1015 1566 1071 super
1593 1015 1632 1067 se,
1655 1004 1809 1071 perunctus

123 1105 162 1158 ur,
183 1089 241 1160 ts).
259 1089 401 1145 »Primus
416 1088 494 1145 enim
513 1090 652 1161 pontifex,
672 1092 776 1158 Aaron,
792 1091 945 1148 chrismate
994 1089 1087 1161 primo
1100 1090 1165 1145 olco
1175 1106 1228 1161 per
1239 1090 1398 1147 orationem
1413 1092 1597 1160 sanctificato,
1608 1096 1638 1146 ut
1647 1092 1686 1148 ita
1693 1093 1810 1148 demum

122 1181 339 1254 compositionis
359 1184 523 1254 perunctus,
547 1183 679 1255 princeps
701 1184 802 1255 populi
828 1184 893 1254 fuit,
915 1190 945 1242 et
994 1198 1045 1254 per
1060 1182 1113 1237 hoc
1136 1185 1317 1239 consecratus
1336 1184 1425 1255 possit
1449 1185 1598 1257 percipere
1621 1185 1718 1241 locum
1745 1202 1810 1241 cuni

121 1280 264 1348 tanquam
277 1292 330 1331 rex
343 1275 483 1347 primitias
497 1280 526 1331 et
539 1276 679 1332 tributum
688 1293 740 1348 per
759 1277 851 1349 capita
862 1294 943 1334 acce·
993 1275 1109 1331 sanctis.
1125 1277 1222 1332 Nullus
1240 1277 1316 1332 enirn
1329 1282 1446 1349 propter
1462 1278 1647 1350 opprobrium
1657 1278 1810 1334 senectutis

122 1369 163 1441 pit
182 1369 338 1441 sportula,
361 1374 390 1424 et
406 1368 556 1440 judicandi
577 1370 700 1441 populos
719 1372 795 1425 sorte
815 1376 944 1444 suscepta
993 1372 1044 1423 aut
1058 1368 1217 1439 juventutis
1235 1370 1278 1425 vel
1296 1370 1475 1426 nobilitatem
1487 1370 1601 1442 generis
1614 1387 1631 1425 a
1644 1372 1768 1443 parvulis
1782 1376 1811 1426 et

121 1461 155 1517 dc
171 1462 293 1516 mrindis
306 1461 519 1534 immundisque
536 1462 695 1533 judicabat.
710 1463 765 1519 Sed
781 1462 803 1518 si
823 1463 895 1519 alius
908 1480 943 1521 ex
992 1460 1087 1516 minus
1095 1461 1223 1531 eruditis,
1234 1462 1258 1516 si
1266 1462 1335 1534 quid
1344 1462 1416 1519 forte
1424 1463 1500 1518 enim
1507 1463 1637 1519 utilitatis
1644 1463 1808 1534 autsalutis,

121 1554 182 1625 ipso
195 1557 349 1626 unguento
362 1558 518 1626 perunctus
533 1559 585 1624 est,
600 1555 704 1611 virtute
720 1555 941 1628 indeconcepta,
992 1553 1136 1626 inquirere
1150 1554 1288 1625 negligat.
1304 1555 1358 1620 Qui
1372 1555 1449 1611 enim
1465 1556 1610 1612 rebelliter
1630 1556 1707 1626 vivit,
1723 1558 1752 1612 et
1766 1556 1809 1612 di-

121 1647 209 1701 etism
230 1646 291 1719 ipse
313 1663 371 1717 rex,
392 1651 442 1702 aut
461 1648 603 1719 propheta
625 1652 675 1703 aut
692 1649 819 1719 pontifex
846 1649 940 1705 flebat.
993 1662 1071 1703 scere
1081 1651 1167 1719 atque
1181 1663 1269 1719 agere
1280 1647 1357 1704 bona
1367 1655 1490 1718 recusat,
1502 1650 1596 1722 magis
1607 1649 1712 1706 diaboli
1720 1666 1808 1722 quarn

121 1739 235 1803 Quodsi
253 1738 420 1811 temporalis
437 1741 527 1812 gratia
549 1739 584 1793 ab
604 1740 768 1797 hominibus
789 1718 981 1813 compositass
993 1739 1097 1795 Christi
1110 1740 1274 1796 membrum
1289 1757 1350 1796 esse
1371 1741 1540 1811 ostenditur,
1559 1745 1692 1814 etpotius
1705 1743 1807 1798 inlide-

122 1838 236 1888 tantum
259 1833 365 1905 potuit,
394 1832 545 1905 intelligite
562 1834 624 1906 jam
648 1839 788 1906 quantum
811 1836 849 1890 sit
872 1836 942 1892 illud
992 1832 1028 1887 lis
1051 1848 1137 1904 quam
1156 1833 1247 1889 fidelis
1272 1836 1460 1890 monstratur.
1483 1835 1632 1899 Quomodo
1660 1851 1730 1908 ergo
1750 1853 1809 1891 non

122 1930 306 1996 unguentum
320 1925 399 1998 qnod
416 1926 563 1982 altomiuo
576 1927 610 1982 de
629 1926 753 1999 virgulto
770 1928 834 1984 vitae
848 1930 942 2001 prola·
993 1925 1128 1980 omnibus
1151 1926 1206 1981 hoc
1228 1926 1350 1981 amabile
1371 1930 1413 1982 est
1440 1927 1606 1998 cunctisque
1632 1931 1808 2000 exoptatum,

122 2023 187 2074 tum
200 2023 329 2087 &cum
343 2019 396 2074 hoc
409 2020 485 2090 quod
494 2019 530 2074 ab
543 2018 707 2076 hominibus
715 2021 873 2078 factumest
882 2025 941 2078 tam
992 2021 1043 2073 ιιιιι
1063 2034 1127 2090 quae
1148 2018 1264 2091 ignorat
1282 2018 1384 2086 discat
1403 2021 1432 2073 et
1451 2034 1516 2090 quae
1534 2018 1665 2075 didicerit
1688 2020 1809 2076 doceat?

124 2111 323 2167 eximiesintcr
331 2111 467 2168 homines
476 2114 604 2169 conferat
611 2112 773 2184 dignitates.
783 2115 856 2180 Quid
865 2116 941 2171 enim
992 2110 1188 2168 certissimum
1196 2126 1320 2182 namque
1328 2111 1452 2182 estquod
1463 2126 1556 2183 neque
1567 2111 1703 2182 amicitia,
1713 2128 1807 2185 neque

123 2203 153 2259 in
178 2205 314 2277 praesenti
340 2205 443 2260 saeculo
462 2206 603 2278 propheta
622 2205 785 2278 gloriosius,
809 2208 942 2279 pontifice
992 2203 1187 2275 propinquitas
1197 2203 1319 2274 generis,
1330 2218 1424 2275 neque
1434 2202 1808 2276 regnisublimitas,homini

120 2297 238 2364 ebrius,
254 2314 324 2370 rege
338 2297 706 2355 sublimiustanisenim
724 2300 849 2372 pontifex
862 2317 941 2358 sacro
992 2296 1078 2352 debet
1092 2311 1152 2352 esse
1165 2295 1320 2368 pretiosior
1333 2296 1545 2368 tentate,quia
1559 2296 1630 2352 nibil
1644 2301 1687 2353 est
1700 2295 1807 2368 pretio·
1923 2336 1927 2341 -

125 2390 280 2446 chrismate
312 2395 477 2463 penrnctus,
503 2396 532 2448 et
561 2392 591 2447 in
621 2392 733 2448 civitate
760 2395 940 2465 constitutus,
992 2389 1049 2444 sius
1060 2388 1168 2443 anima.
1182 2388 1319 2443 Dominus
1334 2393 1431 2445 autem
1444 2393 1557 2446 creator
1569 2390 1698 2445 omnium
1708 2405 1743 2446 ex
1755 2390 1809 2446 ini·
1904 2393 1906 2396 ’

125 2483 281 2554 Scripturis
317 2483 403 2539 sacris
439 2484 577 2553 conditus,
609 2486 712 2541 charus
744 2489 773 2542 et
802 2486 942 2557 pretiosus
991 2481 1032 2537 tio
1054 2482 1090 2537 ed
1106 2481 1263 2554 imaginem
1273 2499 1354 2537 suam
1364 2482 1512 2538 homiuem
1527 2482 1603 2554 fecit,
1619 2483 1703 2555 eique
1719 2484 1809 2539 domi·

122 2575 291 2631 hominibus
308 2577 413 2648 oppido
442 2593 501 2632 csse
526 2576 619 2634 debet.
637 2578 728 2643 Quem
751 2579 831 2650 quasi
858 2579 941 2635 Chri-
992 2574 1140 2629 nationem
1153 2578 1249 2644 terrac,
1262 2575 1409 2645 marisque
1422 2575 1531 2631 etacris
1538 2575 1625 2646 ipsius
1636 2575 1724 2644 dedit,
1734 2576 1808 2632 reri·

121 2669 157 2723 sti
174 2669 270 2724 locum
292 2671 440 2724 uirentem
463 2669 604 2726 honorare
628 2686 728 2726 omnes
755 2671 871 2739 dehent,
899 2673 941 2728 ei·
990 2671 1136 2739 tatemque
1158 2667 1305 2739 inquirere
1323 2667 1471 2739 precepit,
1485 2667 1558 2722 sicut
1574 2670 1604 2722 et
1621 2684 1705 2723 verus
1724 2669 1807 2724 nobis

123 2777 177 2832 qne
189 2762 308 2829 servire,
329 2767 358 2817 et
377 2761 542 2817 obedientes
560 2763 730 2819 adsalutem
749 2780 832 2819 suam
849 2764 940 2820 fideli·
991 2758 1133 2831 Propheta
1147 2759 1289 2816 enarravit
1304 2763 1332 2816 et
1342 2758 1404 2832 ipsa
1417 2775 1515 2815 rerum
1529 2760 1601 2815 ratio
1614 2761 1706 2816 docet.
1723 2761 1807 2817 Solus

124 2859 166 2910 ter
176 2855 311 2922 existere,
325 2852 459 2923 scientes,
479 2855 557 2926 quod
572 2856 631 2910 sive
648 2856 751 2924 honor,
767 2856 824 2912 sive
836 2857 942 2929 injuria
991 2851 1068 2907 enim
1080 2852 1166 2907 homo
1179 2851 1328 2908 rationulis
1338 2857 1390 2920 est,
1405 2856 1435 2909 et
1448 2857 1683 2924 consequensest,
1692 2857 1725 2910 ut
1734 2854 1806 2910 ratio

125 2963 185 3018 qna
198 2947 227 3002 ei
237 2946 374 3017 defertur,
386 2947 417 3002 in
431 2947 576 3004 Christum
591 2948 741 3015 redundat,
757 2953 817 3005 ete
829 2950 940 3006 Christo
991 2944 1232 3001 irrationabilibus
1246 2945 1423 3002 dominetur.
1443 2947 1494 3001 llic
1508 2946 1585 3002 enim
1598 2946 1635 3001 ab
1648 2946 1728 3002 initio
1740 2964 1806 3002 cum

127 3040 338 3109 inltominum3
349 3040 448 3095 andire
462 3056 531 3111 ergo
545 3057 612 3096 eum
624 3042 760 3097 abentius
776 3048 900 3113 oportet,
911 3048 941 3100 et
991 3037 1084 3093 adhuc
1092 3038 1185 3109 justus
1197 3043 1272 3095 esset
1285 3026 1393 3094 cunctis
1408 3038 1493 3107 vitiis,
1510 3041 1540 3094 et
1558 3039 1637 3095 omni
1652 3039 1806 3112 fragilitate

127 3132 157 3186 ab
175 3134 239 3205 ipso
261 3133 407 3205 suscipere
427 3132 585 3189 doctrinam
612 3134 687 3205 fidei,
710 3135 821 3190 monite
841 3140 939 3192 autem
989 3129 1120 3202 superior
1133 3136 1203 3199 erat,
1216 3131 1267 3187 ubi
1279 3136 1376 3188 autem
1397 3131 1524 3204 peccavit
1538 3137 1566 3188 et
1586 3133 1676 3189 fectus
1689 3137 1733 3188 est
1746 3149 1803 3188 ser-

128 3226 184 3280 vite
204 3243 222 3281 a
242 3226 373 3282 Patribus
392 3225 547 3297 inquirere.
561 3229 585 3282 A
603 3226 770 3284 diaconibus
781 3245 848 3284 rere
860 3229 938 3285 ordi·
988 3239 1039 3279 vus
1051 3225 1167 3296 peccati,
1184 3224 1270 3280 simul
1286 3228 1315 3280 et
1327 3225 1473 3297 fragilitati
1487 3225 1608 3282 efficitur
1629 3226 1741 3282 debitor
1753 3226 1803 3281 ob-

129 3333 186 3373 nem
199 3318 368 3389 disciplina,
382 3322 499 3391 propter
516 3319 593 3392 quod
607 3320 747 3393 deprecor
759 3337 808 3376 vos
820 3339 936 3378 consor.
987 3316 1099 3372 noxius.
1115 3317 1196 3382 Quod
1207 3317 1312 3373 idcirco
1324 3318 1462 3391 scriptum
1471 3321 1554 3374 estut
1568 3318 1659 3374 sciant
1672 3319 1805 3375 homines

129 3426 169 3464 ros
180 3414 210 3465 et
231 3411 378 3482 adjutores
395 3427 484 3482 meos,
499 3415 530 3466 ut
543 3412 657 3468 discatis
673 3414 810 3470 attentius
825 3416 937 3471 anima·
987 3410 1056 3482 quia
1066 3409 1138 3465 sicut
1150 3425 1185 3466 ex
1197 3409 1343 3482 impietate
1356 3410 1505 3482 passibiles
1521 3412 1588 3467 facti
1605 3415 1682 3483 sunt,
1696 3412 1735 3468 ita
1751 3428 1805 3484 per

129 3518 185 3557 rum
198 3520 298 3558 curam
308 3519 420 3575 gerere,
429 3508 517 3575 etpro
525 3505 658 3561 omnibus
666 3510 752 3575 stare,
762 3507 885 3564 maxime
895 3511 938 3564 ta-
987 3501 1121 3574 pietatem
1132 3506 1251 3574 possunt
1261 3519 1322 3558 esse
1331 3503 1532 3575 impassibiles,
1541 3509 1570 3559 et
1578 3521 1638 3559 nen
1648 3505 1742 3559 solum
1752 3504 1805 3559 im·

129 3612 186 3650 men
198 3613 252 3668 pro
267 3596 312 3650 bis
327 3596 420 3667 quiin
437 3597 514 3652 cultu
529 3597 625 3653 divino
640 3599 782 3655 laborant.
801 3601 936 3656 Ecclesia·
987 3594 1147 3665 passibiles,
1157 3612 1259 3651 verum
1274 3597 1604 3667 etparrainDeumflde
1614 3596 1804 3670 aliorumpas-

128 3704 185 3743 rom
197 3688 330 3744 omnium
344 3705 443 3744 curam
456 3690 602 3761 habetote,
616 3691 761 3763 servisque
776 3708 876 3748 eorum
890 3693 938 3748 ad·
988 3686 1081 3742 aiones
1100 3693 1243 3757 curantes,
1259 3689 1297 3744 ita
1316 3688 1394 3743 enim
1412 3705 1495 3745 verus
1506 3690 1567 3761 ipse
1577 3691 1718 3762 Propheta
1732 3708 1801 3763 pro·

124 3780 257 3849 jutorinm
271 3781 409 3853 praehete,
425 3782 576 3839 viduarum
596 3784 759 3857 religiosam
775 3801 873 3840 euram
887 3802 936 3858 ge·
988 3780 1076 3846 misit,
1090 3779 1187 3835 dicens
1202 3797 1210 3836 z
1228 3782 1353 3849 «Amen,
1368 3797 1452 3836 amen
1465 3781 1528 3837 dieo
1540 3783 1802 3851 vobis‚sihabueri-

128 3872 184 3940 nte,
204 3873 330 3946 pupillos
348 3874 460 3929 enixius
477 3875 608 3947 liberate,
633 3876 804 3949 pauperibus
824 3877 936 3934 miseri-
987 3872 1024 3927 tis
1038 3871 1125 3928 fldem
1135 3872 1207 3928 sicut
1220 3888 1344 3943 granum
1363 3871 1479 3944 sinapis,
1493 3874 1590 3929 dicetis
1605 3875 1698 3931 monti
1712 3875 1800 3931 huic:

126 3965 248 4020 wadiam
269 3965 365 4034 facite,
384 3967 505 4038 juvenes
526 3968 693 4040 pudicitiam
714 3966 824 4026 docete.
840 3971 876 4026 Ει
896 3971 939 4042 tut
987 3965 1085 4020 Transi
1104 3966 1172 4020 hinc
1194 3967 1224 4021 et
1241 3963 1374 4021 transibit
1397 3966 1505 4036 tlfottt.
1521 3982 1588 4036 xvir,
1609 3969 1663 4038 iti,
1680 3989 1694 4018 ι
1716 3968 1802 4040 hujus

127 4056 242 4113 bremter
250 4061 345 4114 totum
359 4059 463 4130 dicam)
476 4060 646 4116 alterutrum
654 4078 714 4130 vos,
729 4062 759 4117 in
775 4062 879 4135 quibus
892 4080 938 4119 res
987 4058 1062 4115 vocis
1080 4059 1168 4114 etiam
1194 4074 1243 4113 vos
1264 4057 1317 4129 ipsi
1342 4057 1515 4115 documenta
1541 4060 1662 4132 cepistis,
1690 4063 1719 4116 et
1739 4062 1801 4133 jam

126 4152 292 4222 poposcerit,
305 4155 473 4208 sustentate.
490 4153 582 4209 ileum
600 4154 684 4210 colite
701 4155 751 4226 qui
764 4155 937 4213 creavitcoe-
987 4151 1063 4208 facta
1083 4152 1217 4223 quedam
1238 4167 1290 4223 per
1310 4151 1461 4223 magistros
1484 4157 1605 4222 nostros,
1622 4153 1697 4225 ipsos
1723 4153 1802 4211 vide-

124 4240 178 4298 tum
190 4248 221 4298 et
232 4246 354 4312 terram,
366 4249 394 4300 et
408 4245 519 4301 Christo
531 4246 653 4317 credite3
674 4246 797 4304 invicem
808 4265 858 4304 vos
876 4249 938 4304 dili·
987 4246 1052 4301 licet
1064 4245 1217 4317 apostolos,
1231 4260 1291 4299 non
1302 4244 1452 4316 ignoratis,
1465 4244 1532 4318 quia
1543 4247 1703 4303 astantibus
1720 4247 1803 4303 uobis

125 4335 176 4404 gite
194 4339 225 4390 et
244 4336 447 4392 misericordes
468 4343 556 4396 estote
580 4340 610 4393 in
632 4356 743 4396 omnes.
764 4342 827 4397 Non
852 4342 938 4399 verbo
987 4354 1088 4395 eornm
1102 4337 1215 4394 meritis
1230 4338 1375 4394 demones
1388 4355 1453 4393 cum
1468 4339 1644 4411 passionibus
1663 4357 1735 4413 quas
1748 4342 1801 4397 ho-

125 4428 187 4496 soto,
203 4427 254 4482 sed
270 4444 357 4500 opere
378 4432 408 4483 et
425 4430 511 4486 rebus
532 4431 640 4503 replete
660 4433 839 4490 charitatem.
857 4432 978 4507 Agitel)
988 4431 1114 4487 minibus
1128 4432 1296 4487 invexerant
1307 4430 1496 4501 transierunt,
1511 4436 1539 4488 et
1549 4433 1640 4505 fugati
1653 4439 1729 4490 sunt.

126 4533 170 4588 pro
204 4519 323 4590 viribus,
353 4521 480 4577 conservi
511 4522 701 4592 dilectissimi,
726 4527 793 4597 quia
828 4526 938 4584 bonum
1022 4524 1096 4590 Quia
1116 4540 1185 4596 ergo
1205 4524 1255 4578 alii
1276 4523 1392 4596 quidem
1418 4524 1547 4581 tourines
1571 4526 1729 4597 patiuntur,
1754 4528 1803 4582 alii

128 4616 164 4666 aa
176 4615 209 4667 ut
219 4613 418 4686 unusquisque
431 4619 557 4671 vestrm
571 4618 729 4673 secundum
751 4619 827 4690 quod
845 4623 939 4691 potest
986 4617 1127 4690 patientes
1139 4621 1251 4684 sanant,
1267 4632 1351 4672 causa
1372 4616 1433 4673 sine
1452 4617 1538 4673 dubio
1562 4619 1605 4673 vel
1617 4619 1747 4691 patiendi
1759 4622 1801 4677 vel

127 4704 208 4772 prosit
239 4706 442 4762 accedentibus
471 4708 507 4763 ad
531 4709 619 4764 fldem
646 4709 794 4782 religionis
820 4717 936 4770 nostrae.
987 4710 1106 4766 curandi
1119 4710 1261 4766 noscenda
1274 4713 1325 4766 est.
1342 4709 1413 4774 Quae
1427 4726 1485 4764 non
1498 4710 1553 4766 alia
1567 4727 1628 4767 esse
1644 4728 1732 4785 quam
1751 4731 1801 4786 pa-

128 4795 227 4852 litideo
238 4813 301 4853 non
318 4814 370 4854 vos
383 4799 481 4871 pigeat
498 4801 660 4857 secundum
681 4803 848 4876 sapientiam
871 4822 937 4879 quae
986 4803 1124 4860 tientibus
1139 4803 1259 4875 quidem
1272 4803 1458 4874 infidelitatis,
1472 4804 1637 4861 curantibus
1651 4822 1718 4862 raro
1735 4805 1802 4863 fidei

128 4888 203 4943 uobis
226 4906 280 4962 per
308 4891 357 4946 liei
377 4892 586 4963 providentiam
605 4895 710 4951 collata
731 4901 773 4953 est
795 4897 938 4955 instruere
988 4897 1211 4964 demonstratur;
1226 4895 1380 4951 infidelitas
1393 4897 1480 4966 enim,
1496 4896 1565 4953 dum
1579 4914 1638 4953 non
1652 4899 1744 4955 credit
1756 4900 1802 4956 fu-

128 4979 238 5051 ignaros
251 4985 282 5037 et
300 4982 413 5040 docere.
431 4985 609 5042 Desiderium
625 5003 694 5060 ergo
714 4989 820 5046 babere
838 5007 937 5048 omnes
987 4993 1084 5045 turum
1097 4989 1517 5062 Dominijodicium,peccandi
1527 4991 1672 5048 licentiam
1682 4993 1803 5065 praebet,
1894 4981 1896 4984 ’

127 5088 190 5145 erga
200 5074 347 5131 doctorem
353 5077 480 5133 tentatis
487 5094 612 5151 eumque
621 5084 652 5135 ut
662 5082 831 5139 oculossuos
840 5100 937 5140 arnare
986 5087 1204 5155 peccatumvero
1215 5081 1363 5138 hominem
1369 5083 1547 5155 passionibus
1559 5085 1715 5142 obnoxium
1725 5086 1801 5141 facit.

127 5170 243 5237 eportet,
263 5168 333 5239 quia
350 5173 380 5224 et
397 5169 492 5242 ipsum
514 5173 655 5244 populum
676 5174 731 5229 sibi
755 5176 938 5233 commissum
987 5174 1804 5248 FidesautemtuturumueiJuuioiumessecreucns,conti-

126 5273 172 5314 eeu
181 5260 315 5333 proprios
328 5261 402 5318 tilios
413 5278 521 5332 amam,
535 5269 565 5320 et
579 5266 680 5323 docere
694 5283 760 5324 eum
778 5269 869 5339 decet,
883 5270 938 5326 boc
987 5272 1037 5325 net
1048 5268 1177 5324 homines
1190 5285 1207 5324 a
1220 5272 1346 5341 peccato.
1360 5271 1421 5325 Non
1436 5274 1586 5343 peccantes
1599 5289 1667 5328 rero
1684 5287 1742 5327 non
1756 5285 1801 5324 so-

125 5352 197 5408 euim
208 5370 226 5408 a
239 5355 322 5410 Patre
338 5355 444 5411 celesti
461 5358 600 5414 donatum
617 5364 669 5431 est,
688 5363 737 5418 sed
755 5362 829 5418 salim
851 5363 881 5418 in
903 5380 937 5419 eo
987 5362 1047 5418 lum
1059 5361 1144 5418 liberi
1158 5364 1226 5417 sunt
1239 5377 1257 5416 a
1268 5361 1447 5419 demonibus
1460 5369 1488 5420 et
1497 5365 1687 5437 passionibus,
1701 5378 1801 5417 rerum

124 5449 163 5500 est
183 5449 217 5500 ut
235 5447 415 5504 voluntatem
436 5450 497 5521 ejus
518 5453 600 5524 cnjus
623 5469 751 5510 amorem
777 5458 806 5510 et
824 5455 935 5512 deside·
985 5458 1016 5511 et
1035 5455 1156 5511 eliorum
1180 5455 1327 5511 daemones
1341 5460 1370 5512 et
1387 5457 1531 5530 passiones
1552 5457 1652 5529 fugare
1672 5458 1800 5527 possum.

123 5535 268 5606 rium,lieo
276 5540 427 5613 largiente,
435 5544 787 5616 conceperint,faciant.Si
795 5547 936 5620 quisergo
985 5549 1025 5603 Er
1047 5549 1091 5603 his
1113 5564 1182 5621 ergo
1205 5548 1339 5605 omnibus
1359 5550 1503 5622 colligitur
1518 5548 1594 5621 quod
1615 5547 1697 5618 origo
1715 5546 1803 5603 totius

113 5626 208 5686 'fidelis
214 5632 340 5688 voluerit
349 5633 470 5692 existere
483 5642 512 5694 et
521 5637 662 5695 desiderat
675 5639 824 5712 baptizari,
836 5645 937 5698 exutiu
985 5641 1055 5697 mali
1075 5641 1110 5697 ab
1126 5641 1292 5714 ignorantia
1310 5642 1473 5710 descendat,
1496 5646 1524 5697 et
1539 5641 1600 5712 ipsa
1619 5640 1657 5695 sit
1672 5639 1802 5698 omnium

124 5723 265 5794 prioribus
277 5726 363 5784 mdis
374 5727 410 5784 de
426 5729 535 5802 reliquo
549 5747 603 5804 pro
623 5731 706 5790 bonis
726 5733 834 5790 actibus
844 5734 937 5792 barres
984 5735 1125 5791 malorum
1138 5739 1239 5806 mater,
1252 5751 1317 5809 quae
1328 5735 1438 5792 incuria
1449 5733 1579 5806 quedem
1592 5735 1622 5789 et
1634 5733 1749 5808 ignavia
1762 5734 1803 5807 gi·
