3870 6150
262 369 301 427 Ob
316 369 364 424 bin
375 372 420 424 rot
436 369 517 431 ttuti,

264 463 337 518 tter
348 461 378 516 ib
391 463 449 518 dies·
462 463 575 533 peruerti.

296 590 355 647 nst
368 590 459 646 setborc
469 593 501 645 oi
513 594 628 662 sporots',

264 685 321 740 unz
332 683 361 738 tt
373 683 423 738 bis
434 685 559 753 qinmti.

261 779 307 835 Nu
320 777 378 831 voit
388 776 418 830 ib
431 777 492 832 ctos
503 778 558 832 mio
576 778 674 848 uotqoa

260 870 323 924 Alte
338 868 421 927 dodes
434 870 543 926 beiden.

298 999 410 1057 eutem
421 1000 457 1055 ist
469 1002 529 1054 tbiu
540 1000 673 1057 Mennim

261 1094 295 1150 So
306 1093 386 1162 longo
399 1107 427 1147 so
440 1093 502 1147 uuit
513 1093 599 1148 Krist.

263 1186 331 1242 Vati
343 1185 390 1239 ber
404 1199 475 1240 unsa
490 1185 555 1240 bino
568 1186 678 1246 uucrtb.

264 1279 349 1333 Thero
360 1276 440 1332 debet
451 1278 577 1346 qiuuobt.

299 1407 333 1462 So
348 1422 415 1461 ouer
426 1421 454 1461 so
468 1406 527 1461 bier
538 1409 567 1461 in
582 1407 666 1463 ellico

264 1500 366 1573 Giduqt
379 1499 465 1556 Godes
480 1500 609 1564 eutition,

264 1593 367 1658 Quimit
379 1592 410 1648 be
424 1593 523 1660 disard
536 1608 577 1655 ns,

261 1687 292 1742 ib
305 1686 414 1757 qitonoo
427 1687 503 1742 imos.

298 1813 393 1869 nstitit
406 1813 453 1869 ber
465 1813 598 1869 tborionc.

263 1909 368 1965 sinemo
381 1907 487 1962 moon,

266 2000 321 2054 Tbo
335 2014 400 2054 nom
414 1999 461 2054 ber
475 2000 548 2054 stitd
559 1999 622 2055 indi
631 2015 700 2072 sper,

264 2091 426 2148 ditioniicbo
438 2095 491 2147 rcit
500 2093 556 2148 ber.

302 2221 393 2279 Vuotd
407 2223 455 2276 ber
466 2237 568 2277 artarer
579 2222 696 2279 robcboc

264 2315 332 2370 Sino
344 2314 447 2369 uuida
457 2313 585 2379 sobebor,

266 2407 319 2462 Tdo
331 2409 362 2472 qi
374 2422 444 2462 auos
458 2409 483 2462 iz
496 2409 562 2463 burc
575 2409 656 2478 tango

264 2500 342 2555 Fcod
355 2500 402 2555 der
415 2502 473 2555 tdio
485 2502 699 2558 Nortbmoonon.

301 2631 372 2688 Gode
385 2630 444 2686 lob!
456 2635 549 2699 scqeto

263 2726 321 2779 Mer
333 2724 388 2779 citt
401 2725 457 2779 tbes
471 2724 517 2779 ber
536 2726 644 2793 perede.

267 2817 321 2870 Tbo
333 2817 415 2884 truniq
430 2818 482 2870 rcit
495 2818 589 2872 buono.

265 2911 338 2974 Sanq
353 2909 419 2962 lietb
431 2910 524 2975 nono.

294 3037 343 3092 Job
355 3036 409 3091 otte
422 3051 519 3091 samaa
533 3053 641 3107 surigna

266 3131 442 3198 Kyrictctsoc.

264 3223 337 3293 Socq
349 3238 418 3278 nuos
431 3238 574 3294 gesungcn.

269 3318 340 3385 νπὲρ
351 3331 422 3372 uuas
436 3317 582 3387 biqunnen.

304 3446 381 3501 Bisot
393 3446 468 3501 stein
478 3447 509 3500 tn
522 3461 652 3519 aucupen

265 3539 400 3609 Spitodun
412 3539 461 3594 der
477 3541 614 3596 Vrontort.

269 3632 342 3687 Tbor
354 3633 418 3687 rabi
431 3632 540 3700 tbcqeco
554 3635 635 3703 petit,

268 3727 304 3781 Ni
316 3725 392 3780 cdcin
405 3740 433 3780 so
447 3740 475 3781 so
488 3727 639 3798 Htoduutq.

303 3857 366 3914 Soet
380 3857 442 3912 indi
455 3857 545 3920 moni,

271 3952 339 4007 neos
350 3965 421 4006 nuos
432 3952 485 4005 imo
498 3951 623 4021 gedeoni.

269 4043 373 4099 Sumen
387 4044 502 4099 thanet
511 4045 586 4115 stuoq
600 4046 655 4109 ber,

271 4137 374 4193 Sumen
387 4138 504 4193 thuruch
516 4137 592 4193 stood
604 4139 659 4194 ber.

306 4267 362 4321 Her
375 4265 486 4321 staocto
498 4265 609 4323 cebooto

272 4357 473 4428 sicandonton

272 4452 385 4507 Bitteres
401 4451 478 4507 tides.

274 4545 422 4601 Socordio
434 4544 478 4601 dio
493 4546 548 4603 ibes
562 4547 637 4604 libes.

707 259 876 317 sermon
898 260 942 317 sn
960 261 1125 318 sneisanc
1147 258 1193 315 rx.

948 383 977 454 Α

311 4676 413 4733 estred
425 4677 451 4732 si
462 4677 522 4732 tdiu
537 4677 621 4734 (indes
632 4679 717 4749 trost,

274 4769 404 4838 Htudtoiq
417 4771 519 4825 auant
532 4773 646 4841 sigbert.

275 4863 329 4931 Soq
342 4864 412 4918 attin
426 4862 543 4935 beitiqon
557 4865 647 4922 tdocc.

278 4953 327 5009 Sin
340 4958 430 5012 worth
442 4958 501 5012 ther
514 4958 656 5028 &pidomd

315 5082 389 5139 Odor
401 5085 469 5139 abur
483 5087 624 5158 Hbudtoiq

278 5178 386 5245 Knoing
399 5192 471 5232 uuor
481 5180 563 5247 sotio.

279 5271 350 5328 Goro
362 5286 392 5327 so
404 5286 447 5327 ser
456 5271 500 5326 tio
513 5289 581 5329 noos

280 5364 358 5421 Swor
370 5381 399 5421 so
411 5380 451 5421 see
461 5369 533 5434 trcrst
546 5385 627 5428 suos.

280 5458 393 5515 ddatde
405 5462 481 5521 inore.
498 5463 623 5526 Trubtc'n,

280 5552 314 5613 Bi
325 5555 413 5608 strom
427 5555 569 5625 crqrcdtin.

1128 369 1163 423 Ut
1178 382 1227 420 vos
1241 365 1391 421 consilium
1407 362 1490 431 detis,

1129 461 1165 516 Ut
1179 475 1232 532 ego
1247 458 1404 515 exercitum
1416 458 1548 514 educam.

1166 590 1234 645 nihi
1247 588 1301 661 ipsi
1313 603 1371 644 non
1381 603 1508 660 parcam,

1129 686 1225 740 Donec
1238 699 1291 755 ego
1306 699 1356 738 ros
1368 681 1500 737 liberem.

1128 778 1209 832 Nunc
1221 777 1284 832 volo
1299 779 1331 831 ut
1342 790 1388 831 me
1403 777 1561 847 sequentur

1131 870 1235 926 Omnes
1246 869 1296 926 Dei
1309 868 1415 926 fideles.

1168 1000 1238 1054 Data
1250 1002 1292 1054 est
1302 999 1363 1053 haec
1372 996 1428 1052 vita

1129 1093 1200 1147 Tam
1213 1091 1263 1146 diu
1278 1107 1365 1163 quam
1377 1090 1438 1145 vult
1449 1088 1580 1146 Christus

1129 1183 1199 1248 Quia
1213 1183 1236 1238 is
1249 1187 1346 1239 nostra
1359 1199 1421 1238 ossa
1433 1185 1536 1250 servat,

1130 1278 1234 1332 Eorum
1248 1277 1336 1332 habet
1348 1274 1515 1332 custodiam.

1166 1406 1333 1478 Quicunque
1347 1405 1394 1460 hic
1406 1404 1437 1459 in
1451 1403 1601 1460 alacritate

1132 1494 1208 1550 Facit
1221 1493 1271 1548 Dei
1284 1493 1474 1561 voluntatem,

1132 1586 1283 1659 Egreditur
1295 1582 1319 1641 is
1330 1586 1444 1657 integer
1458 1589 1505 1656 (ex
1515 1585 1640 1657 pralio);

1131 1681 1190 1751 Ego
1204 1678 1325 1751 praemio
1340 1678 1463 1733 efficiam
1478 1677 1586 1751 ipsum.

1167 1809 1196 1865 si
1211 1809 1275 1880 quis
1289 1808 1427 1863 morietur
1441 1806 1487 1862 hic
1503 1806 1541 1876 tin
1556 1805 1669 1879 praelio)

1132 1903 1197 1974 Ejus
1212 1901 1329 1957 ismiliae
1343 1901 1446 1971 (dabo).

1131 1997 1208 2051 Tunc
1223 1995 1344 2066 arripuit
1357 1999 1469 2050 scutum
1484 1997 1514 2048 et
1525 1995 1669 2061 lanceam,

1132 2088 1309 2144 destinantes
1324 2088 1464 2159 equitans.

1169 2216 1285 2272 Volebat
1297 2216 1320 2270 is
1333 2232 1399 2272 rere
1418 2216 1577 2273 vindictam
1591 2233 1709 2273 sumere

1048 2306 1051 2311 ’
1132 2312 1170 2366 De
1183 2310 1240 2365 suis
1253 2309 1430 2365 advorsariis.

1128 2405 1206 2459 Tunc
1219 2419 1272 2458 nec
1285 2406 1346 2458 erat
1359 2402 1544 2459 intervallum
1560 2406 1698 2475 longum,

1132 2496 1295 2554 Inveniebat
1307 2498 1505 2552 Nortmannos.

1169 2629 1225 2683 Deo
1235 2627 1272 2682 sit
1284 2626 1358 2681 lensi
1373 2626 1495 2696 dicebat,

1131 2720 1235 2777 Videas
1248 2720 1277 2775 id
1290 2720 1367 2792 quod
1380 2719 1570 2777 desiderabat.

1131 2815 1189 2870 Rex
1205 2813 1295 2869 currit
1308 2812 1441 2869 audacter

1132 2906 1263 2962 Praecinit
1276 2906 1419 2962 canticum
1429 2905 1580 2977 publicum
1595 2908 1762 2979 (titaniann.

1167 3039 1261 3110 dique
1274 3053 1374 3093 omnes
1386 3037 1565 3109 conjunctim
1578 3039 1739 3093 cantabant

1134 3131 1218 3203 Kyrie
1232 3130 1347 3186 eleison.

1130 3225 1279 3281 Canticum
1294 3226 1357 3279 erat
1371 3223 1572 3289 decantatum

1132 3318 1265 3372 Proelium
1278 3319 1413 3388 coeptum.

1169 3446 1292 3518 Sanguis
1305 3447 1438 3519 apperuit
1450 3447 1480 3501 in
1494 3448 1580 3518 genis

1134 3540 1329 3596 Exultantium
1344 3540 1528 3596 Francorum.

1135 3635 1184 3689 Hic
1196 3633 1350 3690 vindictam
1365 3634 1486 3705 sumpsit
1499 3632 1584 3689 miles
1598 3635 1719 3706 pariter,

1134 3728 1224 3783 Nemo
1237 3726 1277 3782 sic
1291 3731 1322 3781 ut
1334 3726 1502 3783 Ludovicus.

1169 3858 1270 3914 Alacer
1281 3860 1311 3914 et
1325 3857 1426 3926 audax,

1136 3952 1194 4007 Hoc
1209 3957 1269 4007 erat
1280 3951 1335 4023 ipsi
1347 3950 1548 4024 congenitum.

1137 4045 1230 4102 Alium
1243 4045 1390 4117 percussit.

1136 4138 1233 4194 Alium
1245 4138 1377 4210 perfodit.

1172 4269 1338 4341 Propinavit
1350 4268 1470 4324 subinde

1137 4362 1200 4419 Suis
1212 4363 1341 4418 hostibus

1138 4459 1275 4512 Amanum
1290 4461 1400 4529 potum.

1141 4549 1185 4606 Sic
1197 4555 1342 4606 cesserunt
1354 4550 1401 4604 hic
1415 4550 1451 4606 de
1466 4550 1534 4616 vita,

1177 4680 1329 4738 Benedicta
1340 4681 1377 4736 sit
1389 4680 1438 4736 Dei
1450 4680 1555 4736 virtus!

1141 4774 1299 4831 Ludoricus
1311 4775 1404 4830 factus
1416 4774 1515 4829 victor.

1144 4870 1192 4924 bic
1204 4869 1336 4924 omnibus
1349 4867 1453 4924 sanctis
1465 4867 1584 4939 gratias.

1146 4962 1233 5033 ipsius
1247 4964 1322 5018 iacta
1334 4961 1481 5018 victoriosa
1493 4976 1603 5033 pugna.

1179 5095 1214 5148 st
1228 5107 1294 5147 vero
1309 5090 1466 5147 Ludovicus

1145 5187 1201 5242 nex
1214 5184 1268 5241 fuit
1280 5184 1357 5240 felix.

1144 5279 1328 5338 Promtusnti
1338 5279 1385 5335 bic
1396 5279 1460 5349 fuit,

1146 5373 1241 5429 Gravis
1253 5377 1391 5447 quantiam
1404 5389 1476 5446 opus
1487 5376 1549 5428 erat

1146 5467 1232 5523 Serva
1242 5468 1348 5539 ipsum,
1359 5466 1490 5534 bomine,

1147 5563 1176 5616 tn
1191 5577 1243 5616 sna
1256 5561 1413 5634 benenate!
