3870 6150
609 264 846 324 unenmauou
864 264 1058 322 COLLECUO.
1378 290 1383 297 ·
1533 258 1541 265 ⁸
1625 270 1677 329 toa

103 387 151 445 {aa
163 371 326 445 gemitibus,
342 377 411 430 lunc
425 389 499 429 unus
511 391 545 430 ex
559 374 701 449 episcopis
722 375 812 432 senio-
821 390 851 467 Α
861 374 1039 431 consuetudo
1052 373 1175 431 diversa.
1188 376 1245 434 Nos
1260 381 1358 434 autem
1368 377 1445 450 quod
1467 377 1551 435 tertio
1566 379 1675 452 margi-

103 466 393 539 urgans,orationem
406 468 501 540 palam
520 468 556 526 ad
575 468 731 526 Dominum
749 470 813 525 fun·
861 484 925 524 mus
939 467 1080 524 triduana
1100 469 1253 540 sepultura
1276 475 1455 529 sacramenta
1470 470 1630 543 signamus,
1644 476 1678 529 ut

103 561 177 618 natis
188 561 283 617 adhuc
296 561 326 617 in
341 565 420 618 terra
425 562 595 634 jacentibus.
611 562 704 619 Finita
716 567 812 619 etitem
862 561 932 618 dum
945 561 1030 617 tertio
1044 561 1140 617 infans
1153 562 1190 619 ab
1204 563 1286 635 aquis
1298 563 1438 633 educitur,
1449 564 1618 622 resurreetio
1628 566 1678 622 tn'·

103 671 137 724 ra,
158 657 188 712 et
206 672 344 728 responso
369 657 404 712 ab
430 656 582 712 omnihus:
600 658 701 726 Amen,
715 672 813 712 rursus
861 654 950 711 duani
963 654 1103 726 temporis
1118 655 1304 726 exprimatur.
1318 658 1428 723 Quodsi
1436 657 1676 731 quislorteetiam

103 767 134 806 us
156 749 234 805 dicat
249 768 256 806 :
272 750 377 822 Erigite
402 767 462 818 vos,
493 753 522 805 et
543 751 692 806 confestim
713 766 812 806 omnes
861 765 913 821 pro
933 765 1053 805 summa
1074 749 1216 805 Trinitatis
1235 751 1416 807 veneratione
1435 752 1577 810 existimat
1600 753 1674 824 lieri,

103 846 125 914 t,
140 848 247 900 etcum
261 844 365 900 timore
380 843 460 900 omni
471 849 500 900 at
511 844 669 916 disu'plina,
685 847 745 900 tam
755 844 813 916 epi·
861 857 955 914 nequa
967 841 1004 899 ad
1016 841 1070 897 hoc
1085 842 1196 914 aliquid
1211 842 1321 899 obsistit
1328 843 1531 916 baptizandum
1545 847 1633 904 semel
1644 847 1675 903 in

103 954 180 1011 [uam
210 938 367 1010 presbyteri
395 938 521 994 sedeant.
550 937 653 1010 Sicqua
678 937 811 994 omnibus
860 951 948 1007 aquas
960 950 1103 1007 mergere,
1119 935 1188 1008 quia
1197 935 1266 992 dnm
1278 936 1310 991 iu
1321 936 1411 992 tribus
1422 937 1609 995 subsistentiis
1618 957 1676 997 una

109 1031 220 1088 iocisin
235 1031 347 1088 silentio
360 1031 583 1100 considentibus,
597 1031 734 1089 diaconus
748 1030 812 1086 alba
861 1028 1020 1085 substantia
1043 1033 1094 1097 est,
1124 1032 1220 1102 potest
1242 1029 1380 1086 infantem
1403 1030 1432 1085 in
1457 1031 1628 1104 baptismate
1646 1034 1676 1089 in

103 1125 249 1182 seodicem
258 1142 400 1181 mnonum
412 1125 547 1181 inmedio
560 1124 809 1197 proferenacapi-
860 1138 965 1194 aquam
985 1124 1031 1179 vel
1052 1127 1105 1190 ter,
1130 1124 1172 1178 vel
1197 1124 1286 1179 semel
1308 1139 1448 1195 mergere,
1471 1125 1586 1198 quando
1604 1127 1675 1182 etin

103 1243 105 1268 ι
119 1220 246 1276 conciliis
259 1219 379 1290 agendis
391 1219 566 1292 pronuntiet.
577 1219 734 1291 Finitisque
746 1218 812 1275 titn-
861 1215 951 1272 tribus
963 1215 1153 1273 mersionibus
1168 1233 1354 1289 personarum
1375 1217 1498 1288 trinitas,
1521 1222 1552 1275 et
1569 1218 1600 1274 in
1619 1237 1677 1276 una

103 1313 279 1385 ropetitanus
293 1313 441 1385 episcopus
463 1312 616 1368 concilium
640 1313 809 1384 alloquatur,
860 1309 1306 1385 poteatdirinitatissingularitas
1314 1310 1470 1384 designari.
1479 1311 1532 1369 Sed
1541 1313 1678 1385 quodhu·
1712 1302 1715 1307 ’

107 1423 115 1464 :
128 1408 211 1476 Ecce,
228 1407 397 1463 sanctissimi
418 1406 587 1476 sacerdotes,
603 1405 729 1462 recitata
745 1407 812 1461 sunt
861 1421 967 1478 casque
979 1405 1014 1461 ab
1024 1404 1166 1461 hereticis
1178 1403 1275 1461 infans
1286 1405 1317 1460 in
1328 1405 1497 1477 baptismata
1506 1407 1592 1463 tertio
1603 1423 1678 1465 mar·

103 1499 810 1574 rnffiuspriscorumPatrumsantentioedcconcilio
861 1498 994 1571 gebatur,
1004 1497 1181 1556 iaciendum
1204 1498 1281 1571 apud
1293 1514 1343 1559 vua
1359 1515 1420 1557 esse
1438 1516 1497 1557 non
1514 1516 1626 1571 censeo,
1640 1517 1678 1559 ne

103 1594 639 1667 rudo.Siquaergoquempiamvirum
652 1592 811 1649 actioeom·
862 1591 930 1649 dum
958 1593 1117 1651 mersiones
1141 1597 1314 1663 numerant,
1338 1593 1517 1650 divinitatem
1540 1594 1676 1666 dividant,

110 1704 207 1745 coram
228 1689 287 1743 suis
310 1687 445 1743 fratribus
463 1688 613 1759 proponat.
629 1688 707 1742 lunc
720 1686 742 1741 si
759 1686 808 1741 ali-
860 1686 986 1758 dumque
999 1685 1076 1759 quod
1087 1685 1240 1756 iaciebant,
1254 1686 1373 1756 iaciunt,
1383 1702 1495 1745 morem
1507 1691 1679 1746 nostrumne

103 1798 289 1855 pramcunque
315 1781 460 1854 querelam
476 1796 539 1852 quac
552 1782 650 1835 contra
668 1761 848 1836 canonemB
860 1779 959 1835 iecisse
972 1779 1325 1853 glorientur.0uapr0pter
1334 1779 1402 1853 quia
1412 1780 1447 1837 de
1456 1785 1578 1854 utroque
1587 1798 1678 1838 sacra·
1788 1777 1795 1792 '

102 1893 111 1930 r
137 1875 315 1932 audientiam
342 1875 548 1931 sacerdotalem
571 1873 732 1946 protulerit,
752 1890 811 1929 non
861 1878 959 1930 mento
971 1873 1048 1946 quod
1061 1873 1094 1930 lit
1110 1873 1140 1928 in
1154 1876 1252 1935 sancto
1263 1873 1408 1947 baptismo
1422 1891 1439 1931 a
1452 1879 1531 1931 tanto
1542 1876 1603 1933 viro
1614 1875 1678 1932 red·

103 1968 130 2027 td
149 1969 227 2025 aliud
245 1971 408 2025 transeatur
427 1968 594 2041 capitulum,
612 1967 666 2023 nisi
684 1968 812 2040 primum
861 1966 921 2024 dita
938 1968 984 2023 est
1002 1966 1085 2036 ratio,
1107 1967 1185 2039 quod
1205 1971 1359 2040 utrumque
1377 1967 1628 2041 irreprehensibile
1646 1969 1677 2025 in

103 2063 230 2136 reposita
245 2068 288 2118 est
301 2063 375 2119 actio
389 2062 568 2119 terminetur.
582 2062 652 2116 Nam
666 2065 695 2117 et
707 2061 730 2116 si
744 2077 810 2133 pre·
861 2065 957 2116 sancta
970 2059 1020 2117 llai
1032 2060 1156 2117 Ecclesia
1168 2060 1317 2131 habeatur,
1331 2066 1449 2133 propter
1463 2060 1610 2117 vitandum
1624 2078 1676 2118 au·

107 2156 219 2229 aliquus
240 2162 290 2212 aut
311 2155 456 2225 diaconus,
478 2156 520 2211 vel
535 2155 665 2225 clericus,
685 2154 743 2209 sive
758 2153 810 2209 lai·
860 2157 919 2210 tem
947 2153 1109 2210 schismatis
1127 2154 1303 2225 scandalum,
1323 2154 1367 2211 rel
1391 2155 1517 2212 haretici
1535 2157 1678 2229 dogmatis

103 2249 162 2307 this
182 2250 233 2322 qui
255 2250 325 2306 ioris
349 2249 489 2318 steterint,
505 2248 660 2305 concilium
675 2264 727 2320 pro
740 2264 809 2320 qua-
860 2263 946 2303 usum
964 2246 1096 2320 simplam
1116 2252 1265 2304 teneamus
1283 2247 1419 2320 baptismi
1436 2248 1620 2318 mersionem,
1640 2267 1678 2306 ne

103 2361 119 2400 a
132 2344 285 2400 crediderit
298 2343 512 2417 appellandum,
526 2343 650 2399 ecclesiae
665 2345 811 2415 metropa-
859 2339 1011 2398 rideantur
1024 2341 1101 2414 apud
1109 2357 1164 2398 nos
1173 2341 1222 2415 qui
1232 2342 1317 2399 tertio
1332 2347 1468 2416 mergunt
1478 2343 1678 2401 hereticorum

112 2437 311 2495 archidiacono
333 2453 448 2493 causam
471 2453 553 2492 arram
575 2435 698 2505 intimet,
714 2440 743 2492 et
762 2435 811 2492 illa
860 2433 1019 2506 approbare
1038 2434 1239 2505 assertionem,
1254 2435 1323 2492 dum
1343 2441 1503 2509 sequuntur
1514 2439 1676 2495 utmorem.

103 2531 288 2588 odenuntiet.
304 2533 339 2586 lit
352 2533 421 2586 tunc
434 2530 474 2586 illi
488 2533 518 2585 at
529 2528 694 2586 introeundi
708 2534 736 2586 et
747 2545 812 2602 pro-
859 2528 894 2584 Et
906 2544 944 2582 na
960 2527 1032 2584 lorte
1046 2526 1179 2600 uinquam
1190 2528 1227 2584 sit
1239 2527 1360 2587 dubiam
1371 2529 1564 2604 hujuasimpli
1575 2536 1678 2604 myste-

103 2624 249 2681 lilicantia
263 2625 446 2681 concedatur.
471 2624 570 2680 Nullus
590 2628 687 2679 autem
702 2623 809 2696 episco-
860 2621 935 2677 rium
950 2621 1130 2692 sacramenti,
1144 2622 1238 2679 videat
1251 2622 1280 2679 in
1294 2638 1329 2683 eo
1342 2628 1477 2694 mortem,
1501 2627 1530 2680 et
1549 2640 1676 2681 resurre-

118 2736 136 2775 a
159 2723 232 2774 coetu
253 2718 401 2774 communi
426 2717 538 2773 secedat
561 2720 717 2790 antequam
739 2716 811 2774 hora
860 2714 997 2786 ctionem,
1012 2715 1081 2772 dum
1100 2720 1424 2788 sequunturetmorem
1443 2716 1547 2774 Christi
1565 2718 1676 2791 signiti-

103 2811 619 2869 lissecessiouisadvaniat.Concilium
628 2811 812 2883 quoquenul-
859 2823 932 2864 care.
947 2809 1017 2864 Nam
1031 2809 1062 2865 in
1077 2825 1165 2883 aquas
1177 2810 1282 2866 mersio
1307 2811 1390 2884 quasi
1405 2810 1442 2866 ed
1457 2811 1604 2867 internum
1626 2811 1677 2867 de·

103 2922 162 2963 rere
176 2907 290 2974 audeat,
306 2905 361 2960 nisi
373 2905 481 2960 fuerint
494 2909 595 2960 cuncta
610 2904 808 2975 determinata,
859 2901 969 2958 scansio
997 2906 1040 2958 est
1054 2906 1083 2959 et
1094 2920 1192 2959 rursus
1210 2903 1246 2959 ab
1267 2903 1349 2976 aquis
1370 2904 1494 2960 emersio
1508 2905 1678 2961 resurrectio

103 3016 271 3073 quecunque
285 2998 484 3055 deliberationi
498 2997 644 3054 communi
659 2997 809 3066 finiuntur,
861 3000 913 3051 est.
928 2997 1000 3051 ltem
1012 2996 1108 3053 rideat
1121 2997 1151 3052 in
1166 3013 1200 3053 eo
1215 2997 1356 3054 unitatem
1372 2997 1538 3067 divinitatis,
1551 3001 1580 3055 et
1593 2998 1676 3055 trini·

103 3110 190 3151 rorum
206 3094 388 3166 singulorum
402 3092 533 3147 manibus
548 3092 717 3147 scribantur.
732 3092 847 3208 Tuncc
858 3091 948 3145 tatem
971 3104 1160 3161 personarum
1183 3090 1294 3147 ostendi
1310 3107 1317 3146 ε
1334 3091 1485 3160 unitatem,
1507 3092 1577 3147 dum
1590 3092 1678 3148 semel
1791 3157 1793 3160 .

103 3188 169 3244 leus
189 3203 306 3243 suorum
328 3185 509 3241 sacerdotum
533 3183 652 3240 concilio
674 3184 810 3241 interesse
859 3181 1034 3254 mergimus;
1048 3183 1217 3252 trinitatem,
1229 3183 1465 3241 duminnomine
1476 3185 1567 3241 Patris
1576 3189 1605 3241 et
1614 3185 1679 3241 Filii

103 3280 152 3337 dns
173 3285 225 3350 est,
248 3280 271 3335 si
296 3280 420 3336 tumultu
443 3279 523 3335 omni
545 3278 667 3350 abjecto,
689 3278 810 3335 sollicite
859 3279 888 3332 et
901 3275 1024 3348 Spiritus
1036 3276 1125 3332 sancti
1146 3277 1334 3349 baptizamus.
1357 3278 1493 3334 Panditur
1510 3278 1595 3350 hujus
1617 3278 1677 3333 sin·

103 3375 244 3447 ranquille
263 3373 451 3430 ecclesiastica
473 3372 589 3445 negotia
606 3371 808 3428 terminentur.
859 3369 968 3441 gularis
993 3369 1129 3442 baptismi
1157 3371 1325 3443 mysterium
1353 3371 1442 3427 etiarn
1466 3371 1677 3443 Scripturarum

103 3469 165 3525 olet
179 3468 208 3523 in
222 3467 364 3539 llispaniis
381 3467 417 3522 de
429 3465 608 3522 solemnitate
623 3465 748 3537 paschali
760 3481 809 3520 ra·
859 3465 1024 3519 sanctarum
1053 3463 1199 3535 exemplis,
1225 3463 1312 3520 Paulo
1341 3464 1469 3535 apostolo
1495 3467 1675 3521 attestante:

103 3561 218 3618 existere
240 3560 457 3632 predicationis,
474 3560 587 3616 diversa
609 3559 686 3614 enim
711 3559 809 3615 obser·
860 3581 874 3611 «
888 3561 958 3617 Nolo
971 3576 1019 3617 vos
1032 3561 1179 3634 ignorare,
1193 3560 1305 3632 iratres,
1319 3560 1457 3633 quoniam
1475 3565 1571 3634 patres
1588 3560 1677 3618 nostri

107 3655 319 3712 laterculorum
338 3654 477 3725 paschalis
491 3652 649 3709 festivitatis
666 3651 810 3709 interdum
860 3676 962 3716 ornnes
973 3659 1112 3716 subnuba
1123 3660 1395 3729 luerunt,etomnes
1404 3660 1675 3732 maretransierunt,

103 3766 123 3805 n
149 3749 281 3821 parturit.
305 3746 427 3804 Proinde
459 3747 574 3819 placuit,
601 3749 633 3802 ut
659 3751 726 3802 autc
751 3749 810 3802 tres
859 3757 889 3809 et
915 3769 1016 3809 omnes
1042 3752 1073 3808 in
1100 3754 1192 3826 lloyse
1216 3753 1350 3825 baptizati
1368 3755 1436 3809 sunt
1454 3753 1485 3809 in
1502 3753 1579 3810 nube
1599 3757 1627 3810 et
1645 3753 1677 3810 in

103 3860 109 3898 t
128 3843 353 3915 lipiphanierum
374 3840 587 3912 metropolitani
602 3840 761 3896 sacerdotes
773 3839 809 3895 li-
859 3847 932 3903 mari
949 3847 973 3918 (l
984 3848 1044 3906 Gor.
1061 3863 1088 3914 x,
1102 3848 1138 3917 ll.
1155 3868 1169 3897 »
1183 3847 1258 3903 itare
1271 3846 1377 3919 quippe
1389 3846 1521 3903 Rubrum
1535 3847 1678 3918 signifieat

107 3936 228 3993 invicem
244 3936 398 4007 inquirant,
423 3939 454 3990 ut
472 3934 617 3990 communi
631 3933 812 3990 scientiado-
858 3939 1034 4013 baptismum
1067 3939 1171 3996 Christi
1204 3940 1343 4012 sanguine
1373 3945 1594 4011 consecratum,
1625 3956 1677 4011 per

103 4047 136 4086 m
158 4029 374 4085 resurrectionis
398 4027 502 4085 Christi
523 4027 810 4100 comprovincialibus
859 4034 937 4108 qnod
964 4034 1088 4107 populns
1107 4033 1157 4089 liei
1188 4032 1239 4089 sub
1269 4034 1404 4090 columna
1434 4033 1511 4106 ignis
1537 4036 1567 4090 et
1593 4033 1678 4090 nubis

103 4124 215 4181 sinuant
228 4126 260 4179 ut
273 4140 329 4178 uno
340 4127 470 4194 tempore
485 4121 686 4178 celebrandum
700 4138 812 4178 annun·
860 4128 950 4186 semel
961 4127 1083 4197 musiit,
1098 4126 1148 4183 ubi
1161 4130 1256 4184 umen
1270 4130 1331 4184 tota
1355 4133 1417 4184 erat
1436 4126 1556 4184 Trinitas
1569 4144 1676 4200 praece-

860 4220 1208 4296 dente113populnm
1228 4220 1362 4277 columna
1384 4221 1462 4293 ignis
1488 4225 1518 4277 et
1538 4220 1632 4277 nubis.
1646 4223 1678 4278 ln

103 4310 269 4384 abaptismi
281 4313 471 4377 sacramento,
485 4313 601 4382 propter
620 4307 698 4381 quod
715 4307 745 4364 in
761 4309 810 4364 lli·
859 4315 927 4387 igne
938 4314 1045 4390 quippe
1056 4314 1233 4388 significatur
1244 4316 1339 4385 Pater,
1354 4315 1384 4370 in
1396 4315 1531 4371 columna
1541 4315 1636 4383 l'ilins,
1647 4315 1678 4372 in

113 4405 233 4479 quidam
245 4404 407 4460 sacerdotes
418 4403 535 4473 trinam,
546 4403 677 4476 simplam
691 4401 811 4475 qudam
859 4408 936 4464 nube
966 4408 1088 4481 Spiritus
1117 4410 1244 4464 sanetus.
1272 4407 1402 4465 iordanis
1430 4424 1542 4481 quoque
1568 4409 1679 4464 fluenta

102 4498 327 4566 nemlaciunt‚a
341 4496 926 4576 nonnullisschismaesseconapi·1)cum
944 4518 1009 4557 arca
1036 4503 1160 4574 populus
1187 4501 1239 4557 Dei
1266 4501 1355 4557 semel
1381 4501 1503 4572 transiit,
1523 4517 1576 4573 per
1600 4501 1678 4573 quod

103 4598 123 4651 rt
136 4593 232 4648 unitas
244 4591 311 4647 lidei
324 4590 415 4647 scindi
424 4590 546 4647 videtur.
558 4590 627 4646 Nam
637 4589 707 4645 dum
715 4593 812 4662 partes
861 4593 1037 4666 significatur
1059 4595 1163 4666 simpla
1185 4594 1291 4650 mersio
1312 4594 1504 4666 baptismatis,
1529 4593 1611 4666 cujus
1633 4611 1677 4649 sa-

103 4686 156 4743 sin
168 4685 349 4758 baptizandis
358 4684 454 4756 aliqua
464 4683 604 4740 contrario
615 4684 700 4740 modo
710 4687 810 4756 agunt,
861 4691 1009 4743 eramento
1023 4687 1144 4743 Ecclesia
1158 4686 1293 4755 abluitur,
1309 4687 1386 4741 etde
1400 4686 1468 4742 fidei
1489 4685 1576 4758 hujus
1597 4686 1677 4742 labo·

103 4781 122 4836 is
148 4797 209 4835 non
228 4779 385 4851 baptizatos
405 4794 466 4833 essa
485 4776 670 4833 contendunt.
690 4776 812 4833 Proinde
861 4780 941 4836 ribus
955 4796 1008 4852 per
1019 4779 1195 4852 baptismum
1206 4779 1286 4851 quasi
1299 4795 1351 4850 per
1361 4779 1516 4836 Jordanem
1524 4779 1560 4836 ad
1569 4783 1678 4836 terram

103 4873 186 4931 nobis
196 4873 227 4929 in
236 4871 408 4928 sacramenti
422 4870 583 4927 diversitate
596 4869 755 4926 finiendum
765 4871 811 4938 sit,
861 4873 984 4929 coelestis
998 4871 1225 4945 repromissionis
1240 4871 1411 4945 ingreditur.

103 4967 159 5024 icae
174 4966 252 5023 Sedis
262 4965 623 5037 informemurpraeceptis,
635 4967 811 5036 nonnosus,
896 4968 938 5023 Vl.
953 4966 1155 5040 Comperimus
1169 4966 1247 5039 quod
1259 4982 1310 5038 per
1323 4966 1479 5023 nonnullas
1499 4967 1628 5024 ecclesias
1648 4967 1677 5022 in

103 5068 212 5118 barnam
232 5060 442 5116 institutionem
459 5061 620 5131 sequentes.
636 5058 729 5112 Beatae
743 5073 811 5129 argo
862 5060 909 5116 die
922 5063 1007 5116 sextae
1020 5059 1099 5116 ierim
1111 5059 1248 5133 passionis
1262 5059 1376 5117 Domini
1389 5060 1489 5118 clausis
1498 5061 1678 5117 basilicarum

103 5156 142 5213 ta
160 5155 313 5226 Gregorius
331 5156 467 5210 Romana
482 5152 606 5209 eeclesia
621 5150 748 5223 pontifex
764 5151 813 5224 qui
861 5153 970 5209 loribus
983 5169 1042 5210 non
1057 5153 1215 5211 celebratur
1227 5153 1366 5222 officium,
1382 5171 1437 5211 nee
1456 5154 1547 5227 passio
1564 5151 1679 5209 llomini

101 5249 165 5306 lum
179 5253 275 5321 partes
289 5247 372 5302 ltaliae
388 5246 550 5313 illustravit,
560 5246 609 5301 sed
622 5249 651 5300 et
660 5245 746 5316 longe
756 5244 814 5300 exi-
861 5247 975 5320 populis
989 5246 1171 5320 preadicatur,
1185 5247 1255 5302 dum
1267 5246 1345 5302 idem
1359 5247 1487 5305 Salvator
1501 5250 1598 5302 noster
1611 5261 1679 5316 apo-

113 5342 247 5400 ecclesias
256 5357 308 5396 sua
321 5340 451 5396 doctrina
463 5337 621 5410 perdocuit,
635 5336 813 5409 efflagitante
862 5339 941 5396 stolis
956 5339 1013 5395 suis
1028 5339 1162 5412 pracepit
1176 5339 1283 5410 dicans,
1297 5340 1458 5413 passionem
1472 5344 1501 5395 et
1514 5341 1635 5394 mortem
1648 5338 1678 5391 et

103 5435 173 5492 simo
186 5434 313 5490 leandro
328 5433 461 5505 episcopo
484 5432 520 5487 de
544 5431 598 5487 hac
615 5429 756 5502 Hispaniae
767 5429 812 5486 di·
862 5432 1100 5490 resurrectionem
1114 5448 1208 5488 meam
1223 5432 1356 5489 omnibus
1374 5431 1539 5504 praedicate.
1554 5429 1677 5500 ldeoque

103 5533 130 5586 te
143 5529 214 5602 quid
227 5528 323 5600 potius
338 5533 413 5583 esset
427 5526 614 5599 sequendum,
626 5524 701 5580 inter
712 5529 814 5581 caera
863 5527 1083 5599 oportetaodem
1093 5525 1140 5582 dic
1148 5526 1317 5598 mysterium
1328 5525 1419 5580 crucis
1427 5522 1511 5596 (quod
1523 5522 1585 5594 ipse
1596 5538 1679 5577 cunc·

103 5640 166 5691 ens,
191 5623 231 5678 sic
253 5622 314 5677 ait:
330 5623 368 5676 lle
384 5619 459 5676 trina
481 5636 547 5675 uero
565 5618 707 5675 mersione
719 5617 813 5691 bapti·
862 5620 898 5676 tis
910 5619 1142 5676 annuntiandum
1154 5619 1253 5691 voluit)
1266 5617 1416 5690 praedicari
1428 5619 1514 5688 atque
1525 5615 1676 5687 indulgen·

103 5716 177 5775 nihil
190 5715 358 5788 responderi
372 5715 467 5769 verius
479 5718 579 5787 potest,
591 5730 676 5784 quam
687 5712 739 5784 ipsi
748 5728 812 5767 sen·
861 5713 932 5769 tiam
947 5713 1101 5770 criminum
1115 5712 1190 5768 clara
1200 5726 1268 5768 voce
1282 5726 1398 5765 ornnem
1411 5708 1550 5782 populum
1565 5713 1680 5781 praesto-

103 5810 172 5887 quia
192 5811 222 5871 iu
237 5826 293 5871 uua
307 5810 363 5867 lide
380 5809 450 5870 nibil
464 5807 552 5868 officit
565 5808 671 5866 sancta
685 5804 814 5867 Ecclesia
862 5805 927 5878 lari,
939 5810 973 5866 ut
983 5805 1158 5882 mniteutia
1176 5803 1396 5879 compunctione
1411 5801 1542 5864 mundati
1557 5818 1678 5895 reuera·¹
