3870 6150
135 245 206 310 927¹
578 254 720 310 APPEND.
741 247 784 311 ab
804 252 883 310 SAEC.
905 251 947 310 lx.
965 284 998 294 ·-
1018 253 1139 311 lSiDHHl
1160 248 1372 311 Euaemonis
1765 258 1813 311 bttl

136 363 232 417 vincive
254 359 467 430 metropolitani
494 377 606 432 semper
629 363 739 417 bonore
762 363 900 417 subnixus
920 363 948 416 iu
959 364 1098 449 Avinciae
1108 380 1195 435 quarn
1206 363 1337 434 exemplo
1351 362 1497 417 vetustatis
1507 363 1537 417 in
1546 363 1678 417 notitiam
1689 369 1815 418 nostram

134 454 332 526 praejudicium
343 469 436 523 suum,
452 455 524 509 sicut
534 471 643 509 annexa
653 454 808 511 declaravit
817 456 948 527 quaedam
998 457 1128 512 defertur
1139 457 1288 528 propensis
1300 456 1505 511 assertionibus
1515 456 1620 511 nostris
1628 455 1767 512 roborare
1777 457 1816 512 di·

134 565 187 602 nos
213 550 328 618 petente
351 547 438 602 fratre
462 551 489 602 et
509 547 675 620 coepiscopo
698 553 795 603 nostro
811 549 948 604 auxamio
999 550 1138 620 gnomini.
1152 552 1186 605 Et
1200 567 1264 605 cum
1280 546 1411 621 legerent
1429 550 1464 603 ab
1481 550 1622 605 universis
1636 550 1776 621 episeopis
1789 555 1816 604 et

135 641 264 696 statuisse
274 645 494 710 commemorat,
506 658 570 714 quae
585 642 722 697 univorsis
734 641 763 696 in
779 642 832 697 bac
848 643 948 698 eadem
1000 643 1172 714 presbyteris
1185 644 1376 699 exclamatum
1390 642 1486 716 230
1497 647 1549 699 est.
1560 643 1681 710 Exaudi,
1696 643 1813 711 cbriste,

135 750 220 789 causa
234 733 445 789 defensionibus
458 734 641 790 contrairent.
660 735 688 790 Si
704 735 819 807 quidem
834 735 947 791 relatio·
1000 724 1103 791 Hilario
1114 736 1182 806 vita,
1191 736 1298 791 dictum
1309 736 1464 792 estdecies.
1474 737 1537 791 Haec
1548 736 1738 808 presumptio
1748 752 1814 792 nun·

134 828 218 883 nibus
231 827 260 881 in
275 832 371 882 nostro
382 827 489 899 judicio
504 828 661 898 recensitis,
673 845 744 900 quas
755 829 846 884 frater
859 832 888 884 ci
900 846 947 884 co·
998 845 1086 900 quam
1094 829 1152 896 frat,
1164 829 1322 884 dictumest
1330 829 1431 884 sexies.
1442 830 1510 893 Quae
1519 829 1568 884 [lei
1578 829 1689 884 suntab
1700 828 1813 884 homine

135 922 281 992 episcopus
302 926 398 977 noster
417 923 544 977 Veranus
566 922 602 976 ad
618 927 723 976 sancta
737 922 883 978 memoriae
898 923 947 978 de·
1000 920 1062 976 dari
1078 939 1136 977 non
1151 926 1280 993 possunt,
1297 921 1406 977 dictum
1421 926 1463 976 est
1478 923 1579 977 sexies.
1599 923 1654 977 Per
1669 921 1812 977 dominum

134 1031 275 1070 cessorem
284 1031 382 1070 meum
393 1031 459 1070 cum
470 1015 580 1070 caeteris
590 1015 742 1086 provinciae
755 1016 950 1072 sacerdotibus
999 1017 1114 1071 Petrum
1129 1032 1262 1088 rogamus
1273 1015 1341 1070 utin
1352 1018 1525 1087 perpetuum
1535 1020 1698 1084 serventur,
1710 1016 1812 1071 dictum

135 1109 221 1176 misit,
238 1112 267 1163 et
280 1108 443 1179 apostolicae
458 1108 542 1176 sedis,
556 1125 620 1180 quae
639 1113 706 1164 tunc
728 1109 837 1165 directa
855 1110 950 1164 luerat
1000 1112 1042 1163 ost
1057 1109 1156 1164 sexies.
1172 1110 1235 1164 Haec
1248 1114 1281 1163 ut
1294 1114 1476 1164 reserventur
1489 1125 1636 1180 rogamus.

135 1202 285 1275 patefacta,
296 1201 760 1272 responsionemanifestatumest,
770 1202 842 1258 nibil
851 1209 949 1274 postea
1034 1201 1155 1256 Hilarius
1170 1201 1404 1273 episcopusdixit
1423 1220 1430 1256 ;
1452 1203 1536 1273 Lege.
1560 1203 1667 1257 Paulus
1692 1203 1813 1257 notarius

136 1295 266 1350 debuisse
280 1295 393 1362 tentari,
410 1312 463 1350 neo
473 1296 510 1350 ad
523 1295 661 1366 injuriam
673 1295 854 1368 synodalium
868 1302 961 1368 regu·'
999 1293 1135 1350 recitavit.
1152 1295 1305 1367 Episcopus
1319 1294 1536 1350 varohiensium
1553 1295 1687 1363 civitatis,
1706 1301 1814 1349 sanctus

132 1388 948 1461 larumquidquamperobreptionem,quoeproximefacta
999 1387 1189 1443 Nundinarius
1205 1394 1312 1444 sortem
1332 1388 1453 1461 explevit
1470 1388 1644 1443 conditionis
1668 1389 1812 1443 humana.

134 1488 185 1549 est,
198 1487 328 1553 oportere
344 1481 487 1537 constitui.
503 1483 573 1536 Nam
587 1482 652 1537 licet
661 1499 695 1536 ex
705 1483 757 1537 hoe
773 1483 858 1537 etiam
872 1483 948 1554 quod
999 1481 1047 1536 llio
1060 1482 1192 1554 episcopo
1207 1481 1363 1537 venerabili
1376 1481 1457 1537 fratri
1472 1485 1568 1536 nostro
1584 1482 1710 1536 Hireneo
1733 1497 1814 1552 quem

134 1594 152 1631 a
167 1574 249 1630 nobis
269 1578 312 1630 est
330 1573 466 1645 elicitum,
489 1578 641 1631 censeatur
659 1575 816 1643 infirmum,
834 1576 902 1647 quia
916 1592 948 1630 ex
999 1575 1151 1646 ipseantea
1165 1575 1194 1630 in
1208 1574 1475 1631 dioecesisuanobis
1488 1574 1813 1630 volentibusconstitue-

135 1670 194 1740 ipso
210 1668 385 1723 insinuatum
405 1673 457 1735 est,
482 1669 597 1740 exsequi
621 1668 740 1724 voluisse
764 1669 811 1740 qui
834 1670 947 1738 meruit,
1000 1672 1052 1738 rat,
1077 1668 1240 1740 relinquens
1264 1670 1290 1723 ei
1316 1668 1393 1741 quod
1417 1669 1510 1740 potuit
1532 1669 1640 1723 habere
1666 1672 1815 1740 paupertas

134 1769 279 1817 tamenne
294 1760 360 1816 odio
373 1761 418 1816 vel
433 1761 527 1832 gratia
540 1778 715 1832 moveamur,
726 1778 790 1835 quse
806 1763 835 1817 in
850 1779 947 1818 cansa·
958 1743 987 1817 Β
999 1777 1140 1833 supremae
1167 1762 1318 1817 voluntatis
1338 1762 1455 1817 arbitrio
1480 1763 1508 1816 in
1534 1764 1629 1817 locum
1660 1778 1763 1828 snum,
1788 1766 1815 1815 ut

134 1873 198 1911 rum
208 1854 461 1928 disceptationibus
472 1871 533 1909 esse
546 1872 604 1911 non
619 1853 712 1924 debet,
724 1855 763 1910 ita
775 1858 876 1910 vestrae
886 1855 948 1910 cha·
997 1855 1217 1910 substitueretur
1255 1856 1371 1928 optavit.
1415 1856 1466 1911 Sed
1512 1855 1641 1910 defuncti
1676 1853 1815 1926 judicium

134 1949 209 2004 ritati
226 1948 419 2020 cognitionem
439 1964 557 2003 annexae
571 1948 760 2020 querimoniae
772 1947 946 2020 delegamus,
998 1948 1027 2002 in
1049 1947 1108 2018 ejus
1135 1948 1271 2004 meritum
1292 1965 1350 2004 non
1364 1948 1484 2004 vacillat.
1502 1950 1535 2002 Et
1548 1965 1613 2003 cum
1627 1949 1740 2019 legeret
1752 1949 1815 2002 Pro·

133 2046 165 2098 ut
179 2042 249 2097 nihil
263 2042 413 2097 adversum
429 2042 606 2097 venerandos
618 2057 750 2109 canones,
766 2042 837 2096 nibil
850 2047 949 2097 contra
998 2041 1051 2095 bus
1078 2041 1225 2112 episcopus
1244 2058 1259 2097 e
1284 2042 1414 2097 confessu
1437 2058 1556 2113 surgens
1578 2041 1673 2096 dixit:
1690 2040 1763 2096 lllnd
1784 2041 1815 2095 li-

135 2140 238 2191 sanctae
267 2136 413 2190 memoriae
441 2136 595 2190 decessoris
614 2135 671 2190 mei
693 2135 834 2207 judicium
858 2136 949 2190 valeat
999 2134 1066 2189 cuit.
1082 2136 1137 2189 Hoc
1151 2151 1208 2189 non
1221 2134 1300 2191 licuit
1316 2153 1322 2190 :
1339 2135 1519 2191 successores
1541 2136 1615 2190 Deus
1632 2133 1692 2190 dat.
1718 2138 1814 2190 Aucto

136 2228 273 2301 quidquid
285 2228 435 2298 obreptum
449 2228 530 2283 nobis
544 2244 604 2283 esse
617 2227 783 2284 constiterit.
812 2228 949 2283 Nolumus
999 2228 1083 2283 ritate
1111 2233 1202 2283 vestra
1229 2228 1351 2283 resistite
1382 2229 1448 2283 huic
1474 2229 1514 2284 rei
1547 2244 1599 2299 per
1625 2228 1814 2299 apostolatum

136 2337 272 2393 namque,
293 2321 394 2376 fratres
416 2321 585 2391 charissimi,
600 2320 789 2376 Ecclesiarum
802 2321 949 2392 privilegia
1000 2325 1136 2376 vestrum.

135 2432 198 2487 quae
211 2430 326 2487 semper
340 2418 406 2469 sunt
416 2413 710 2482 servandaeonfundi,
725 2431 777 2470 nec
792 2414 821 2470 in
834 2414 949 2470 alterius
1034 2414 1152 2470 Hilarius
1162 2415 1312 2486 episcopus
1322 2415 1393 2470 dixit
1410 2432 1416 2470 ε
1434 2417 1571 2470 Percurre
1584 2414 1665 2487 quod
1680 2431 1813 2487 coeperas.

135 2509 279 2582 provincia
298 2509 449 2564 sacerdotis
469 2509 590 2564 alterum
607 2509 656 2579 jus
681 2508 786 2563 babere
807 2507 948 2580 permitti·
1000 2508 1101 2563 Paulus
1122 2508 1250 2564 notarius
1272 2508 1407 2564 recitavit.
1430 2509 1457 2565 Si
1480 2508 1595 2580 quidem
1612 2509 1712 2563 omnis
1731 2509 1814 2564 clerus

107 2617 111 2624 ’
136 2621 208 2673 mus,
224 2603 291 2675 quia
318 2619 369 2674 per
391 2603 445 2657 hoc
466 2619 524 2657 non
537 2602 632 2657 minus
644 2602 674 2656 in
687 2606 851 2657 sanctarum
864 2602 950 2656 tradi·
1001 2605 1030 2655 et
1041 2601 1120 2673 plebs
1133 2602 1262 2673 ejusdem
1276 2602 1397 2657 civitatis
1411 2606 1440 2657 et
1453 2602 1563 2673 optimij
1575 2605 1604 2658 et
1617 2603 1740 2674 plurimi
1754 2618 1813 2673 pro-

135 2698 245 2751 tionum
260 2696 436 2767 delinquitur
461 2696 629 2763 sanctiones,
650 2711 737 2767 quam
755 2695 790 2749 in
816 2695 948 2765 injuriam
1000 2694 1141 2764 vinciales,
1167 2699 1200 2749 ut
1218 2694 1293 2751 idem
1319 2696 1379 2766 ejus
1401 2695 1495 2750 locum
1517 2694 1685 2751 observaret
1706 2695 1814 2751 anobis

127 2789 221 2861 ‘ipsius
240 2788 352 2843 Domini
369 2787 526 2860 prosilitur,
550 2788 631 2859 cujus
652 2788 821 2859 exspectatio
842 2787 950 2842 fructus
1000 2793 1186 2859 speraverunt
1199 2789 1264 2845 dato
1277 2805 1426 2845 consensu.
1443 2791 1497 2845 Nos
1510 2789 1671 2861 cogitantes
1695 2788 1814 2845 defuncti

134 2882 221 2938 nostri
235 2881 384 2936 ministerii
408 2897 466 2935 non
489 2881 518 2935 in
534 2880 682 2936 latitudine
706 2881 887 2951 reginonem,
902 2881 950 2935 sed
997 2880 1137 2951 judicium
1147 2886 1175 2937 et
1184 2883 1339 2953 probantes
1350 2883 1411 2954 ejus
1421 2882 1518 2952 vitam,
1529 2886 1669 2937 eteorum
1681 2882 1812 2938 nobilita·

133 2976 163 3030 in
187 2973 372 3045 acquisitione
394 2973 510 3043 ponitur
531 2973 704 3028 animamm.
726 2973 832 3029 Habeat
850 2973 947 3045 itaque
1000 2977 1059 3028 tem
1074 2979 1158 3046 atque
1169 2976 1384 3030 multitudinem
1394 2976 1442 3047 qni
1453 2975 1589 3047 petebant
1602 2975 1691 3031 simul
1702 2980 1732 3031 et
1743 2976 1811 3031 utilr-

136 3068 312 3141 pontillcium
335 3068 422 3122 frater
443 3070 472 3121 et
491 3066 674 3138 coepiscopus
693 3070 787 3122 noster
807 3068 950 3138 Ingenuus
960 3110 987 3184 C
1000 3071 1088 3122 tatem
1108 3067 1236 3124 Ecclesiae
1265 3072 1430 3125 memorata
1452 3068 1594 3142 optimum
1614 3069 1768 3138 duximus,
1785 3073 1811 3123 ut

135 3161 288 3235 provincia
302 3177 369 3229 suae,
389 3159 424 3215 de
442 3161 523 3231 cujus
542 3160 652 3215 dudum
668 3160 703 3215 ab
718 3160 873 3232 apostolica
883 3161 949 3216 sede
999 3165 1079 3215 tanto
1092 3162 1229 3217 sacerdoti
1239 3160 1288 3233 qui
1299 3162 1335 3217 ad
1346 3162 1441 3217 divina
1450 3163 1637 3233 migraverat,
1653 3179 1716 3218 non
1729 3163 1810 3218 mino·

135 3260 177 3311 est
191 3254 288 3309 illicita
304 3253 429 3309 cessione
442 3254 580 3325 culpatus,
602 3256 631 3308 et
645 3253 792 3310 custoditis
805 3253 948 3323 omnibus,
999 3255 1037 3308 ris
1060 3255 1156 3311 meriti
1183 3254 1404 3311 substitueretur
1422 3255 1549 3323 antistes,
1571 3257 1738 3327 praesertim
1753 3271 1810 3312 eun

134 3365 199 3422 quae
213 3364 298 3420 super
316 3347 445 3402 Ecclesiis
457 3347 671 3404 ceruelenensis
689 3347 819 3417 civitatis,
838 3348 881 3401 vel
903 3364 948 3401 ea·
1000 3348 1117 3403 ecclesia
1131 3348 1205 3403 illius
1218 3347 1367 3419 municipii
1376 3349 1406 3404 in
1419 3365 1476 3420 qua
1484 3354 1551 3404 ante
1561 3349 1661 3405 fuerat
1671 3349 1809 3405 ordinatus

134 3443 208 3498 stelli
223 3441 439 3511 Nicensis,sicut
448 3440 572 3497 diximus
583 3446 686 3496 sanctae
697 3440 947 3496 memoriaedeces·
999 3458 1114 3514 semper
1126 3443 1211 3513 bujus
1226 3442 1346 3497 civitatis
1359 3443 1490 3498 Ecclesiae
1503 3443 1589 3498 fuisse
1604 3444 1738 3499 diaecesis
1750 3460 1808 3499 cun·

134 3537 204 3591 soris
218 3536 275 3590 mei
291 3534 418 3590 definivit
429 3534 590 3603 auctoritas,
604 3534 675 3589 nihil
689 3535 877 3589 Ecclesiarum
890 3533 950 3605 juri
999 3539 1063 3590 stet.
1092 3536 1165 3606 Ergo
1189 3536 1355 3607 suppliciter
1378 3553 1531 3608 precamur
1552 3539 1749 3609 apostolatum
1768 3553 1806 3592 ve·

134 3634 243 3698 noceat,
259 3628 334 3700 quod
349 3628 378 3682 in
396 3629 517 3682 alterum
536 3631 758 3682 memoratorum
783 3627 950 3699 aproedioto
1000 3632 1101 3699 strum,
1122 3633 1154 3683 nt
1172 3629 1340 3684 humilitatis
1352 3636 1457 3686 nostrae
1469 3631 1546 3703 qued
1562 3632 1643 3702 juste
1656 3649 1673 3687 a
1688 3629 1808 3688 nobisr'r

133 3724 220 3779 fratre
232 3722 267 3779 ad
277 3721 485 3777 excludendam
497 3720 691 3792 cupiditatem,
708 3721 949 3793 quemadmodum
1000 3721 1085 3776 detur
1096 3721 1201 3778 factum
1211 3728 1304 3778 vestra
1318 3725 1483 3780 auctoritate
1498 3724 1630 3781 firmetis.
1644 3725 1807 3781 iamdudum

135 3817 280 3889 prohibuit
294 3814 458 3871 ambitionis
472 3815 572 3870 aliena
586 3814 715 3886 proxime
739 3819 782 3869 est
802 3815 950 3887 episcopus
999 3831 1066 3869 sane
1092 3817 1184 3886 questi
1212 3817 1356 3872 fueramus
1382 3818 1484 3873 litteris
1504 3819 1605 3873 vestris
1628 3819 1665 3874 de
1679 3834 1805 3892 praesun-

133 3915 325 3979 consecratus,
339 3908 387 3965 sed
400 3912 513 3964 statutae
529 3907 711 3964 correctionis
723 3907 811 3963 forma
834 3924 947 3978 perrna·
999 3909 1099 3980 ptione
1109 3909 1213 3965 Salvini
1230 3910 1366 3982 episcopi,
1381 3914 1409 3965 et
1422 3911 1560 3967 miramur
1569 3913 1648 3983 quod
1663 3913 1742 3967 nulla
1755 3911 1805 3983 epi·

134 4009 212 4074 neat,
232 4009 265 4060 ut
286 4002 321 4059 ad
341 4002 425 4057 nnius
442 4001 574 4057 antistitis
590 4001 727 4074 praedicta
744 4001 806 4055 loca
817 4001 948 4072 regimen
999 4003 1117 4058 stolatus
1144 4003 1229 4058 vestri
1257 4020 1394 4075 responsa
1421 4005 1606 4077 suscepimus.
1643 4006 1725 4061 Nune
1756 4006 1805 4060 bac

132 4102 319 4167 revertantur,
334 4112 399 4167 quse
412 4096 441 4150 in
455 4095 526 4151 duos
538 4094 624 4150 dividi
636 4110 694 4150 non
707 4094 803 4150 decuit
817 4093 948 4149 sacerdo·
1000 4096 1099 4151 eadem
1112 4098 1297 4168 suggerentes
1310 4097 1441 4168 petimus,
1456 4102 1488 4153 ut
1500 4095 1570 4171 quid
1580 4116 1671 4172 super
1681 4100 1726 4154 his
1735 4100 1805 4154 retu

133 4197 186 4249 tes.
202 4190 341 4246 Dominus
367 4205 416 4244 vos
436 4188 595 4245 incolumes
610 4187 759 4258 custodiat,
775 4186 950 4242 dilectissimi
999 4190 1206 4245 observandum
1221 4190 1258 4245 sit
1268 4192 1428 4262 apostolicis
1441 4191 1631 4262 sermonibus,
1647 4208 1703 4248 nos
1716 4192 1804 4265 digne·

134 4285 248 4343 fratres.
838 4256 856 4295 ⁰
1000 4284 1073 4339 mini
1099 4284 1263 4339 informare.
1284 4286 1318 4340 Et
1340 4302 1376 4340 ne
1398 4285 1515 4341 forsitan
1536 4302 1588 4356 per
1609 4285 1804 4358 negligentiam

134 4383 262 4474 Epistola*
281 4400 525 4456 Tarraconensiom
545 4399 726 4470 cpiscoporum
751 4398 789 4450 oo
814 4398 950 4453 littorium
1000 4377 1166 4448 Ρῡΐῑὶωΐὶθι
1206 4383 1255 4433 ³¹¹1
1294 4379 1441 4450 ¹⁰1¹tti¹1fl¹1i
1474 4378 1587 4433 15⁰0?ss
1621 4379 1805 4435 difficulstffl

488 4486 601 4542 popam.
958 4470 1168 4555 Dhumilitatis
1192 4475 1296 4526 nostra
1315 4472 1350 4527 ad
1371 4489 1419 4526 vos
1442 4472 1547 4544 scripta
1566 4489 1627 4528 non
1640 4474 1805 4545 potueritex

75 4570 78 4577 '
169 4568 334 4627 Reatinimo
350 4570 379 4622 et
401 4569 429 4621 et
447 4563 600 4637 apostoliea
622 4563 779 4619 reverentia
795 4562 908 4618 anobis
920 4562 949 4617 in
1000 4564 1055 4621 hor
1079 4565 1193 4637 negotio
1217 4565 1375 4637 pervenire,
1405 4565 1493 4620 etiam
1522 4566 1741 4638 suggestionem
1764 4580 1804 4620 no·

134 4665 246 4722 cbristo
261 4661 380 4719 colendo
395 4677 477 4733 papae
492 4660 617 4726 Hrmnro,
634 4662 768 4714 Ascanius
784 4661 813 4712 et
828 4656 950 4712 universi
1000 4663 1086 4714 stram
1119 4658 1273 4714 maluimus
1304 4659 1417 4716 iterare.
1456 4661 1489 4716 Et
1518 4659 1693 4733 subscriptio
1726 4680 1732 4717 :
1762 4661 1806 4717 Ora

135 4759 261 4831 episcopi
274 4754 495 4812 Tarraconensis
507 4753 670 4825 provincie.
691 4750 831 4816 Quoniam
851 4766 950 4804 curam
1000 4769 1051 4824 pro
1082 4752 1172 4808 nobis.
1205 4753 1338 4809 Sanctum
1371 4754 1559 4825 apostolatum
1598 4760 1728 4812 vestrum
1754 4750 1805 4826 jugi

135 4853 308 4924 apostolatus
327 4852 420 4904 vester
436 4847 649 4919 provinciarum
663 4861 779 4900 suarum
793 4843 949 4899 sacerdoti·
1000 4863 1060 4902 sevo
1082 4846 1178 4902 divina
1202 4852 1351 4903 conservet
1370 4848 1513 4903 aeternitas
1533 4847 1618 4904 nobis
1633 4850 1805 4905 omnibuset

135 4944 189 5002 bus
202 4947 283 5017 gerat
295 4943 354 4999 illio
370 4946 464 4996 nostro
476 4940 577 4994 illustri
590 4939 738 4994 Vincentio
753 4938 824 4994 duce
837 4936 952 5009 provin·
1000 4940 1128 4998 Ecclesia
1162 4957 1238 5007 sure,
1272 4941 1386 4997 domine
1425 4957 1489 4997 vere
1523 4947 1624 4998 noster
1662 4941 1804 5016 apostolo

135 5041 186 5096 eise
196 5042 301 5094 nostra
311 5036 451 5092 referente
464 5033 656 5105 cognovimus.
672 5033 758 5104 Cujus
765 5031 892 5103 impulsu
902 5048 950 5086 vo·
1000 5051 1083 5107 papa.

135 5139 196 5190 tum
212 5135 343 5188 nostrum
356 5129 385 5184 in
396 5144 466 5183 ausu
479 5126 620 5182 scribendi
630 5142 721 5198 prona
730 5125 878 5182 devotione
888 5140 948 5179 snr—
1000 5151 1123 5222 Epistola
1151 5154 1331 5223 cpbcopomm
1357 5154 1598 5209 Twacomsium
1623 5154 1662 5209 ad
1683 5155 1804 5211 Ham

135 5228 215 5284 rexit.
240 5227 314 5298 Ergo
338 5221 525 5295 provinciales
544 5220 681 5277 litterario
700 5235 833 5276 sermone
856 5217 951 5273 dehita
1347 5240 1459 5296 papam,

134 5337 246 5378 coronae
272 5322 374 5374 vestrae
395 5315 528 5387 obsequia
543 5314 715 5383 deferentes,
731 5313 776 5368 his
788 5327 951 5385 quesumus
1036 5315 1155 5371 Domino
1165 5316 1327 5373 beatissimo
1339 5317 1531 5390 etapostolica
1541 5319 1804 5376 reverentiaanobo

136 5420 167 5473 nt
176 5414 341 5488 dignatione
350 5413 530 5483 quaeaeteros
538 5406 820 5463 etiamhumilitatem
828 5410 950 5461 vestram
1001 5409 1363 5484 inchristocolendopapae
1373 5410 1803 5482 Hrmnro,llscautosetunircrsi

135 5511 165 5566 in
180 5507 355 5566 orationibus
368 5504 476 5571 vestris,
491 5503 520 5557 in
541 5502 638 5556 mente
655 5499 760 5555 habere
779 5497 949 5570 dignemini,
1001 5503 1124 5574 episcopi
1136 5505 1350 5560 Tarraconensis
1368 5507 1531 5578 provinciae.

135 5603 307 5672 beatissime,
319 5603 348 5656 et
361 5597 516 5671 apostoliea
527 5593 685 5651 reverentia
698 5593 728 5648 in
740 5592 882 5648 Christos
898 5610 949 5649 no·
1036 5596 1150 5652 Etiamsi
1167 5599 1244 5653 nulla
1261 5598 1381 5655 dictaret
1397 5600 1548 5656 necessitas
1565 5603 1762 5661 eeclesiastico
1772 5599 1803 5654 di

133 5697 188 5764 bis,
202 5695 319 5751 colende
332 5695 425 5749 Pater.
440 5689 512 5746 lllnd
530 5686 679 5760 specialius
700 5687 898 5760 deprecantes,
920 5691 951 5742 ut
1001 5690 1803 5771 sciplinoe,expetendumreveranobisfueratillndprivile

116 5791 232 5849 laetam
247 5794 380 5847 nostrum
396 5786 472 5866 quod
488 5789 583 5844 nmen
599 5788 661 5842 voto
676 5800 750 5861 pene
764 5799 864 5840 ornnes
883 5799 949 5857 pro-
1002 5784 1080 5857 glum
1096 5785 1169 5840 sedis
1179 5791 1286 5857 vestrae,
1300 5804 1356 5859 quo
1370 5787 1504 5858 susceptis
1519 5791 1604 5860 regui
1618 5792 1744 5848 clavibus
1753 5790 1804 5864 post
