3870 6150
123 235 175 287 sn
225 216 231 227 “
744 221 981 282 urcuursuuu
1000 214 1192 280 correano.
1752 228 1803 285 rra

119 337 215 392 bonus
233 339 278 391 est
295 335 331 391 ad
353 333 570 392 edificationem
591 334 821 407 opportunitatis,
839 335 872 387 ut
890 331 939 386 det
949 329 1060 414 Amini
1082 329 1189 401 Spiritu
1204 331 1351 402 loquentes
1368 331 1575 406 vobismetipsis
1590 332 1619 388 in
1638 333 1754 405 psalmis
1774 341 1803 391 et

120 431 245 502 gratiam
260 429 449 485 audientibus.
465 430 499 484 Et
517 429 604 484 nolite
622 427 788 484 contristare
802 425 937 498 Spiritum
988 422 1103 494 hymnis
1114 429 1142 479 et
1151 423 1265 479 canticis
1276 425 1477 496 spiritualibus,
1488 429 1801 498 cantantesetpsallen-

120 527 253 577 sanctum
262 523 321 589 Dei,
332 523 363 577 in
374 539 432 593 quo
445 521 547 592 signati
557 520 623 576 estis
633 521 663 574 in
677 520 752 576 diem
765 518 939 589 redemptio
987 519 1030 570 tes
1055 516 1083 570 in
1110 517 1243 572 cordibus
1266 518 1380 587 vestris,
1407 519 1527 575 Domino
1554 521 1656 592 gratias
1683 525 1802 592 agentes

120 616 172 670 nis.
187 616 288 670 Omnis
307 615 479 684 amaritudo,
494 618 522 669 et
540 613 593 680 ira,
613 619 641 668 et
655 611 825 683 indignatio,
842 614 871 665 et
885 611 938 666 cla·
987 625 1103 680 semper
1115 627 1166 681 pre
1180 609 1313 665 omnibus
1326 612 1355 665 in
1373 613 1489 667 nomine
1504 613 1615 668 Domini
1632 613 1723 668 nostri
1735 615 1802 669 lesu

122 725 194 776 mor,
210 710 239 763 et
252 708 431 780 blasphemia
441 707 554 762 tollatur
567 724 584 761 a
597 707 677 761 robis
690 723 755 761 cum
769 704 849 760 omni
860 705 937 759 mali·
987 702 1099 769 Christi,
1125 704 1184 758 Deo
1206 707 1234 758 el
1255 704 1332 759 Patri
1356 705 1474 775 subjecti
1497 706 1619 760 invicem
1645 707 1675 761 in
1696 707 1800 761 timore

123 803 166 857 tia.
187 803 285 856 Estote
300 806 395 858 autem
410 801 531 856 invicem
546 799 674 872 benigni,
694 803 723 854 et
739 797 937 855 misericordes
987 795 1089 850 Christi
1108 798 1186 866 tEpli.
1203 813 1240 864 rr,
1257 800 1351 866 lr-ar,
1363 815 1389 866 v,
1403 798 1484 870 l-rl).
1499 820 1512 848 »
1528 799 1617 853 Omne
1631 800 1708 854 enim
1723 800 1801 872 quod

124 895 263 949 donantes
279 895 409 962 invicem,
426 894 498 950 sicut
512 898 540 948 et
554 893 627 948 Deus
647 893 676 947 in
695 893 805 950 Christo
824 891 938 947 donarit
986 887 1234 959 irreprehensibile
1259 895 1317 957 est,
1347 891 1485 946 catholica
1509 891 1639 946 defendit
1669 893 1800 947 Ecclesia.
1860 909 1873 923 ·

123 988 210 1043 robis.
230 989 327 1042 Estote
349 1004 419 1059 ergo
437 987 594 1042 imitatores
612 987 663 1041 Dei
678 986 751 1041 sicut
764 985 815 1041 lilii
833 985 937 1040 charis
986 981 1047 1037 Nou
1061 982 1126 1037 licet
1138 999 1207 1055 ergo
1220 984 1390 1055 imperatori
1404 986 1448 1039 vel
1459 984 1592 1056 cuiquam
1605 984 1744 1055 pictatem
1755 1002 1801 1039 cu·

124 1082 193 1150 simi,
210 1084 241 1135 et
255 1080 401 1136 ambulate
415 1080 445 1135 in
458 1079 610 1136 dilectione
624 1079 697 1134 sicut
709 1082 738 1134 et
753 1079 880 1134 Christus
892 1078 935 1133 di·
986 1075 1121 1131 studienti
1130 1076 1239 1148 aliquid
1252 1080 1351 1132 contra
1361 1078 1497 1132 mandata
1508 1077 1606 1132 diviua
1615 1093 1800 1149 presumere,

124 1174 187 1229 laxit
200 1191 265 1240 nos,
278 1178 308 1228 et
322 1173 439 1229 tradidit
452 1174 635 1244 semetipsum
651 1188 702 1243 pro
715 1171 797 1227 nobis
815 1171 934 1227 oblatio·
985 1169 1201 1240 necquidquam
1207 1170 1459 1241 quodevangelicis
1465 1170 1802 1243 propheticisqueetapo·

124 1283 186 1322 nem
197 1270 227 1320 et
238 1267 365 1322 hostiam
374 1266 430 1320 Deo
442 1266 473 1321 in
486 1265 606 1321 odorem
615 1265 769 1320 suavitatis.
779 1263 936 1319 Fornicatio
985 1261 1092 1316 stolicis
1101 1263 1207 1333 regulis
1217 1263 1313 1318 obviat
1322 1280 1418 1335 agere.
1428 1264 1567 1334 an'ustum
1576 1264 1802 1335 enimjudicinm

125 1364 216 1414 autem
234 1363 265 1414 et
279 1359 373 1414 omnis
390 1358 583 1425 immunditia,
599 1363 648 1414 aut
661 1357 776 1412 avaritia
791 1373 842 1413 uec
859 1361 937 1413 note·
987 1358 1016 1409 et
1024 1354 1152 1409 definitio
1161 1355 1266 1425 injusta
1273 1357 1348 1427 regis
1357 1360 1437 1411 metu
1444 1357 1487 1410 vel
1493 1357 1600 1427 J'ussua
1604 1356 1752 1427 judicibus
1759 1373 1802 1412 or-

125 1457 166 1507 tur
192 1452 222 1506 in
244 1452 339 1521 robis,
362 1450 433 1506 sicut
457 1451 539 1507 decet
560 1455 684 1520 sanctos,
706 1456 756 1505 aut
778 1451 934 1522 turpitudo,
986 1447 1082 1502 dinata
1094 1463 1152 1503 non
1166 1447 1266 1517 valcat,
1279 1465 1329 1505 nec
1339 1449 1477 1522 quidquid
1488 1450 1562 1521 quod
1572 1454 1669 1506 contra
1678 1466 1800 1522 evange-

126 1549 169 1600 aut
186 1544 408 1616 stultiloquium,
423 1547 472 1599 aut
492 1543 647 1599 scurrilitas
666 1558 730 1615 quae
748 1543 782 1598 sd
802 1559 863 1599 rem
879 1560 936 1599 uon
986 1540 1058 1610 licre,
1074 1542 1119 1596 rol
1138 1543 1322 1612 prophetice,
1338 1548 1387 1598 aut
1406 1543 1564 1615 apostolice
1580 1543 1717 1598 doetrinae
1731 1559 1801 1598 cou-

124 1637 256 1709 pertinet,
265 1637 316 1693 sed
324 1637 415 1708 magis
424 1635 579 1709 gratianum
589 1637 676 1705 actio;
687 1636 743 1691 hoc
753 1635 832 1690 enim
839 1637 936 1692 scitote
987 1634 1174 1702 stitutionem,
1190 1652 1417 1691 successorumve
1435 1652 1549 1704 eorum,
1564 1637 1621 1691 sive
1636 1642 1801 1692 sanctorum

124 1730 323 1801 intelligentes,
337 1730 414 1802 quod
424 1729 516 1785 omnis
527 1728 690 1797 fornicator,
702 1732 751 1783 aut
759 1728 936 1797 immundus,
947 1704 976 1777 B
987 1728 1104 1782 Patmm
1120 1732 1215 1783 actum
1228 1728 1323 1797 fuerit,
1338 1729 1430 1784 stabit.
1445 1730 1479 1783 Et
1497 1730 1575 1802 quod
1590 1731 1625 1783 ab
1638 1729 1802 1784 infidelibus

123 1827 167 1877 ant
186 1839 302 1892 avarus,
318 1823 394 1894 quod
408 1825 451 1877 est
470 1821 614 1877 idolorum
633 1821 762 1888 servitus,
783 1837 840 1876 non
854 1822 939 1878 habet
987 1824 1036 1875 aut
1052 1821 1191 1876 haeroticis
1205 1822 1313 1876 factum
1328 1821 1415 1876 fuerit
1427 1823 1546 1877 omniuo
1564 1823 1728 1878 cassabitur.
1745 1824 1800 1878 Vos

123 1916 360 1972 baemditatemin
370 1932 459 1987 regno
470 1915 573 1972 Christi
583 1914 687 1981 ctDei;
702 1930 786 1970 nemo
797 1931 847 1969 ros
857 1915 937 1970 sedu-
988 1917 1085 1968 antem
1104 1919 1174 1969 state
1190 1914 1299 1981 infide,
1316 1913 1433 1970 viriliter
1450 1915 1537 1986 agite,
1556 1920 1584 1970 et
1598 1916 1696 1970 omnia
1708 1920 1801 1970 vestra

123 2015 165 2064 cat
179 2009 317 2064 inanibus
329 2007 433 2075 verbis,
447 2012 565 2080 propter
579 2007 639 2062 haec
653 2007 730 2063 euim
741 2007 820 2062 venit
831 2008 873 2062 ira
887 2008 937 2062 Dei
986 2023 1052 2061 cum
1066 2006 1204 2061 charitate
1216 2007 1296 2074 flant,
1310 2007 1395 2079 hujus
1410 2007 1450 2062 rei
1468 2008 1561 2079 gratia
1575 2009 1617 2079 (ut
1628 2009 1668 2063 ait
1681 2013 1801 2080 Aposto-

122 2102 151 2157 in
161 2102 235 2157 filios
249 2100 427 2169 diffidentie,
440 2100 529 2156 nolite
543 2116 613 2172 ergo
626 2099 699 2155 effici
717 2100 870 2172 participes
886 2116 936 2155 eo·
986 2100 1042 2170 lus)
1053 2100 1134 2155 flecto
1147 2115 1242 2170 genua
1255 2116 1318 2156 mea
1330 2100 1367 2155 ad
1379 2103 1494 2156 Patrem
1506 2103 1620 2157 Domini
1632 2102 1721 2157 nostri
1735 2104 1801 2158 lesu

123 2213 195 2251 mm.
214 2196 308 2251 Eratis
326 2194 404 2249 cuim
420 2194 572 2267 aliquando
589 2194 723 2263 tenebrae,
745 2210 821 2249 nuuc
842 2198 938 2249 autem
987 2192 1100 2260 Christi,
1119 2210 1152 2248 er
1164 2209 1222 2265 quo
1236 2194 1329 2248 omnis
1341 2194 1494 2265 paternitas
1507 2195 1536 2249 in
1549 2195 1625 2250 coelis
1640 2197 1669 2251 et
1682 2195 1711 2249 in
1724 2200 1801 2251 terra

123 2290 169 2344 lux
184 2290 216 2343 in
228 2287 361 2356 Domino,
374 2290 409 2342 ut
421 2286 470 2342 filii
483 2286 554 2342 lucis
564 2287 718 2342 ambulate.
731 2287 848 2342 Fructus
860 2287 937 2342 enim
987 2285 1163 2354 nominatur,
1182 2290 1214 2340 ut
1234 2286 1283 2342 dot
1300 2286 1379 2341 robis
1399 2287 1557 2342 secundum
1576 2287 1687 2343 divitias
1704 2288 1801 2360 gloriar

123 2382 189 2437 lucis
201 2382 288 2437 estin
300 2381 379 2436 omui
391 2380 516 2435 bonitate
530 2384 559 2434 et
567 2379 678 2451 justitia
691 2384 720 2434 et
735 2379 861 2447 veritate,
875 2396 940 2450 pro-
988 2395 1047 2433 suae
1057 2378 1193 2434 virtutem
1206 2379 1383 2434 corroborari
1394 2397 1447 2451 per
1456 2381 1590 2452 Spiritum
1601 2381 1671 2452 ejus,
1685 2382 1715 2436 in
1728 2382 1801 2437 inte·

124 2475 220 2530 bantes
232 2474 305 2546 quid
315 2475 352 2528 sit
360 2473 570 2545 beneplacitum
584 2474 650 2527 Deo.
662 2473 696 2527 Et
707 2472 796 2528 nolite
809 2488 937 2528 commu·
988 2471 1061 2527 riore
1076 2472 1191 2527 homine
1203 2472 1331 2527 habitare
1344 2473 1488 2528 Christum
1501 2474 1653 2544 perfidem
1666 2475 1697 2529 in
1708 2475 1801 2530 cordi·

125 2569 218 2623 nicare
234 2567 369 2639 operibus
381 2566 565 2621 infructuosis
577 2564 769 2633 tenebrarum,
783 2567 876 2638 magis
891 2583 939 2621 au·
987 2565 1041 2620 bus
1057 2565 1156 2621 vestris
1171 2565 1200 2619 in
1218 2565 1356 2619 charitate
1376 2566 1492 2620 radicati
1508 2570 1537 2621 et
1552 2567 1671 2634 fundati,
1687 2572 1720 2622 ut
1735 2585 1801 2640 pos·

126 2667 179 2716 tem
191 2660 370 2732 redarguite.
385 2660 454 2725 Quae
469 2659 591 2714 enimin
608 2659 718 2714 occulto
733 2660 807 2714 flunt
821 2660 856 2714 ab
871 2660 938 2732 ipsis
989 2657 1048 2714 sitis
1066 2658 1313 2730 comprehendere
1333 2675 1399 2713 cum
1419 2659 1551 2714 omnibus
1566 2660 1669 2715 sanctis
1688 2677 1753 2733 quae
1768 2663 1804 2716 sit

128 2759 203 2826 turpe
218 2758 264 2809 est
274 2753 380 2808 dicere.
397 2752 497 2809 Omnia
510 2754 608 2808 autem
621 2768 686 2824 quse
699 2757 858 2825 arguuntur
870 2769 887 2807 a
899 2755 939 2807 lu·
988 2752 1116 2820 latitudo,
1135 2751 1287 2823 longitudo
1302 2757 1331 2806 ct
1350 2752 1524 2823 profundum
1541 2758 1570 2809 et
1589 2753 1718 2821 altitudo,
1732 2755 1804 2810 scire

129 2849 200 2904 mine
213 2847 446 2903 manifestantur.
458 2847 547 2902 Omne
562 2846 639 2902 enim
652 2845 729 2917 quod
743 2845 940 2902 manifestatur
989 2846 1075 2901 etiam
1090 2846 1351 2917 supereminentem
1368 2845 1492 2901 scientiae
1509 2847 1675 2902 charitatem
1689 2848 1802 2918 Christi,

130 2941 221 2998 lumen
234 2944 289 3011 est,
305 2938 510 3012 propterquod
524 2939 593 2994 dicit
605 2955 611 2994 :
623 2938 712 3010 Surge
721 2939 771 3011 qui
781 2939 899 3009 dormis,
911 2943 940 2994 et
989 2941 1021 2992 ut
1029 2939 1208 3011 impleamini
1217 2939 1248 2994 in
1257 2955 1374 2994 omnem
1383 2939 1592 3011 plenitudinem
1600 2940 1659 2996 Dei.
1667 2941 1699 2995 Ei
1707 2945 1803 2997 autem

132 3051 248 3107 exsurge
259 3051 277 3088 e
289 3032 411 3088 mortuis
425 3035 453 3087 et
467 3031 641 3087 illuminabit
651 3035 680 3087 te
693 3032 829 3088 Christus.
844 3032 939 3088 Videte
990 3032 1039 3103 qui
1051 3037 1153 3105 potens
1167 3037 1209 3088 est
1222 3033 1319 3087 omnia
1333 3033 1428 3088 facere
1442 3034 1708 3104 superabundanter
1716 3051 1804 3107 quam

131 3127 229 3200 itaque,
243 3127 356 3197 fratres,
367 3125 510 3198 quomodo
521 3128 602 3180 caute
615 3124 778 3193 ambuletis,
787 3141 846 3180 non
859 3126 939 3196 quasi
989 3126 1111 3197 petimus
1130 3128 1180 3180 aut
1199 3125 1386 3198 intelligimus
1408 3127 1567 3182 secundum
1586 3126 1720 3182 virtutem
1739 3145 1804 3200 quae

132 3220 302 3293 insipientes,
324 3219 373 3274 sed
396 3223 428 3274 ut
449 3219 593 3290 sapientes
616 3218 789 3274 redimentes
813 3223 938 3291 tempus,
989 3223 1123 3291 operetur
1135 3219 1165 3274 iu
1178 3218 1270 3290 nobis,
1285 3219 1340 3292 ipsi
1355 3220 1446 3291 gloria
1460 3219 1490 3274 in
1504 3220 1625 3275 Ecclesia
1639 3225 1667 3276 et
1679 3219 1709 3275 in
1723 3221 1803 3278 Chri-

134 3315 264 3384 qnoniam
274 3311 335 3368 dies
344 3311 411 3367 mali
421 3313 654 3383 sunt.Propterea
663 3311 752 3367 nolite
761 3311 824 3367 fieri
833 3311 940 3384 impru-
989 3315 1032 3368 sto
1048 3315 1113 3369 lesu
1129 3312 1159 3368 in
1174 3313 1306 3369 omnibus
1324 3312 1554 3384 generationibus
1570 3314 1666 3369 saeculi
1687 3317 1803 3370 seculo·

135 3405 235 3475 tantm,
254 3406 305 3463 sed
325 3404 599 3477 intelligentesque
618 3405 654 3459 sit
673 3404 802 3461 voluntas
823 3406 884 3461 Dei.
906 3407 939 3460 Et
989 3423 1066 3463 rum.
1086 3409 1188 3462 limen.
1207 3407 1276 3460 Data
1296 3422 1313 3461 v
1332 3406 1397 3461 ldus
1417 3407 1547 3463 Decemb.
1564 3407 1737 3462 Diocletiano
1758 3408 1803 3477 Vl,

135 3499 212 3555 nolite
229 3498 367 3556 inebriari
383 3498 450 3554 rino
464 3499 495 3553 iu
508 3514 565 3570 quo
578 3501 619 3554 est
635 3498 758 3568 luxuria,
774 3499 823 3555 sed
836 3498 938 3571 imple·
990 3503 1019 3557 et
1030 3501 1150 3556 ldaximo
1165 3501 1233 3568 Vlll,
1248 3500 1282 3554 lV
1294 3515 1334 3554 cc.
1349 3499 1458 3555 consul.
1845 3490 1848 3494 Δ

388 3810 673 3910 lNClPlUN'l
724 3812 987 3911 urceum
1032 3811 1317 3910 MARCELLI
1365 3810 1546 3906 PAPAE.

619 3987 712 4059 (Anno
725 3989 836 4044 Domini
850 3989 912 4058 304,
927 3989 979 4046 sub
991 3989 1156 4059 Constantio
1168 3993 1196 4044 et
1208 3987 1329 4059 Cularo.)

168 4249 356 4306 Dilectissimis
385 4252 539 4324 fratribus,
565 4255 703 4312 universis
729 4256 869 4329 episcopis
894 4268 984 4343 perD
994 4261 1023 4313 et
1036 4256 1139 4313 alteros
1153 4254 1244 4329 sequi,
1255 4255 1317 4329 ipsc
1331 4252 1409 4311 enim
1423 4262 1507 4329 caput
1516 4255 1558 4313 est
1571 4256 1658 4315 totius
1668 4254 1807 4335 Ecclesiae,

144 4343 348 4400 annochaenam
363 4347 539 4418 provinciam
553 4349 723 4417 constitutis,
734 4351 907 4407 timeamus.
994 4351 1039 4407 cui
1062 4351 1101 4406 ait
1122 4351 1282 4406 Dominus:
1300 4370 1314 4403 o
1335 4353 1375 4406 Tu
1398 4368 1427 4406 es
1448 4353 1562 4421 Petrus,
1584 4357 1613 4408 et
1633 4371 1719 4426 super
1737 4355 1809 4411 hano

169 4436 393 4495 Sollicitudinem
400 4442 532 4496 omnium
538 4443 736 4512 Ecclesiamm,
745 4444 822 4516 juxta
830 4446 946 4516 Aposto
994 4448 1109 4516 petram
1120 4444 1266 4499 aedisscabo
1277 4444 1428 4499 Ecclesiam
1438 4462 1533 4501 meam
1543 4447 1651 4516 (lfottli.
1664 4464 1718 4515 rvr,
1732 4448 1786 4520 l8),
1794 4471 1808 4499 a

145 4525 191 4584 lum
200 4531 430 4589 circumferentes
440 4534 621 4592 diviuaecirca
629 4537 791 4608 uosgratiae
802 4553 946 4593 memores
996 4541 1024 4592 et
1042 4537 1161 4610 reliqua.
1181 4538 1247 4608 Ejus
1267 4538 1344 4592 euim
1361 4537 1441 4593 sedes
1458 4539 1589 4610 primitus
1602 4540 1677 4611 apud
1691 4557 1739 4595 vos
1755 4541 1823 4596 fuit·

145 4636 192 4678 esse
206 4625 352 4695 debemus,
366 4627 416 4699 qui
431 4644 483 4683 nos
498 4645 551 4700 per
565 4629 737 4701 dignationis
758 4647 816 4686 suae
833 4631 944 4686 miseri-
996 4646 1060 4702 quse
1079 4635 1178 4702 postea
1189 4629 1309 4701 jubente
1329 4630 1451 4685 Domino
1467 4631 1587 4686 Romam
1602 4633 1739 4688 translata
1756 4637 1809 4703 est,

146 4717 254 4774 cordiam
268 4719 305 4774 ob
325 4720 377 4774 hoc
393 4720 429 4774 ad
445 4720 593 4792 fastigium
614 4723 788 4780 sacerdotale
806 4724 944 4796 provexit,
996 4723 1041 4777 cui
1056 4722 1277 4779 adminiculante
1296 4723 1388 4795 gratia
1403 4723 1498 4778 diviua
1516 4724 1657 4780 hodierna
1674 4727 1809 4798 preside-

146 4811 319 4866 nimandans
334 4811 422 4883 ipsius
436 4812 621 4883 inherentes,
635 4815 665 4870 in
679 4816 804 4888 quadam
818 4817 944 4874 sacerdo·
996 4832 1061 4871 mus
1072 4816 1127 4871 die.
1146 4817 1200 4871 Nec
1215 4815 1251 4871 ab
1266 4816 1327 4886 ejus
1341 4816 1523 4888 dispositione
1538 4834 1589 4872 nos
1601 4818 1713 4875 deviare
1727 4837 1809 4892 opor-

146 4904 194 4959 tum
207 4906 269 4976 ejus
286 4905 401 4977 specula
416 4907 559 4963 constituti
574 4909 780 4980 prohibeamus
796 4909 903 4981 illicita,
919 4914 948 4966 et
996 4913 1047 4978 tet,
1068 4909 1105 4964 ad
1128 4925 1216 4981 qnam
1238 4912 1339 4964 cuncte
1359 4909 1468 4996 majora
1492 4911 1678 4968 ecclesiastica
1696 4915 1811 4987 negotia

146 4997 279 5069 ameum
291 4999 454 5055 doceamus.
471 5000 559 5072 Unde,
575 5001 689 5058 directis
702 5018 754 5074 per
771 5003 947 5058 Bonifacium
998 5002 1091 5058 divina
1104 5002 1272 5074 disponente
1287 5001 1378 5074 gratia
1389 5004 1469 5075 jussa
1481 5008 1548 5060 sunt
1561 5006 1720 5076 referenda,
1732 5012 1765 5063 ut
1776 5008 1811 5063 nb

146 5087 287 5147 diaconum
296 5097 427 5148 nostrum
439 5093 550 5162 litteris,
559 5094 746 5152 admonemus
755 5101 787 5151 ut
800 5112 864 5168 quae
872 5096 947 5152 male
998 5110 1031 5152 ea
1048 5095 1216 5167 regulariter
1229 5095 1450 5167 disponantura
1467 5114 1525 5169 qua
1543 5115 1687 5173 sumpsere
1706 5103 1809 5174 princi·

145 5185 274 5252 pullulant
297 5185 508 5256 abscindantur,
534 5191 563 5243 et
586 5189 735 5245 malefacta
756 5190 946 5263 corrigantur,
997 5190 1054 5262 pla,
1065 5189 1087 5244 si
1098 5194 1190 5244 vestra
1199 5205 1265 5245 vero
1276 5189 1470 5261 antiochaena,
1482 5208 1546 5264 quie
1559 5193 1628 5248 olim
1638 5195 1731 5265 prima
1740 5202 1809 5265 erat,

145 5281 216 5350 atque
226 5279 306 5335 boun
316 5282 468 5352 sectentur,
480 5285 509 5337 et
520 5284 635 5338 Patrum
645 5287 808 5339 nostrornm
818 5284 949 5357 exempla
998 5284 1135 5338 Romame
1155 5282 1239 5338 cessit
1260 5282 1329 5351 sedi,
1349 5283 1429 5339 nulla
1447 5287 1490 5341 est
1508 5302 1572 5357 quae
1588 5287 1649 5359 ejus
1664 5304 1722 5342 non
1744 5288 1809 5342 sub-

145 5374 167 5424 et
178 5376 280 5428 statuta
294 5373 455 5431 imitentur.
470 5375 614 5448 Rogamus
628 5393 695 5449 ergo
710 5394 771 5446 ros,
789 5378 900 5447 fratres,
916 5382 949 5434 ut
996 5376 1069 5449 jecta
1090 5376 1126 5432 sit
1146 5375 1257 5444 ditioni,
1275 5376 1310 5431 ad
1331 5393 1418 5448 quam
1438 5394 1540 5434 omnes
1561 5380 1640 5452 quasi
1660 5382 1695 5435 ad
1716 5382 1810 5451 caput,

145 5478 192 5521 uon
211 5468 291 5524 aliud
312 5468 444 5538 doceatis,
463 5486 558 5543 neque
579 5471 706 5527 sentiatis
727 5486 813 5544 qnam
837 5471 912 5544 quod
933 5487 950 5526 a
995 5471 1075 5542 juxta
1092 5469 1287 5541 apostolorum
1306 5486 1464 5542 eorumque
1483 5488 1675 5527 successorum
1694 5473 1814 5529 sanctio-

146 5555 217 5616 heato
232 5564 317 5617 Petro
336 5565 474 5635 apostolo,
488 5570 518 5620 et
534 5581 551 5618 a
568 5564 684 5639 reliquis
698 5565 832 5637 apostolis
850 5568 880 5620 ct
898 5567 949 5621 Pa·
999 5581 1061 5632 nes,
1074 5563 1197 5635 episcopi
1211 5563 1261 5636 qui
1275 5564 1420 5620 voluerint
1431 5566 1474 5620 vel
1489 5565 1591 5636 quibus
1602 5581 1715 5621 necesso
1727 5568 1814 5624 fuerit

146 5653 225 5709 tribus
236 5656 394 5727 accepistis.
411 5658 452 5712 Ab
465 5658 513 5714 ilio
528 5658 605 5714 enim
621 5659 714 5731 primo
728 5659 858 5715 instructi
872 5659 948 5729 estis,
1001 5657 1153 5728 suffugere,
1173 5673 1294 5729 eamque
1317 5658 1459 5730 appellare
1479 5658 1590 5728 debent,
1611 5664 1642 5714 ut
1661 5657 1725 5716 inde
1739 5663 1812 5718 acci-

148 5743 201 5802 ideo
210 5766 270 5805 nou
278 5753 393 5824 oportet
402 5761 451 5807 tos
460 5752 609 5826 proprium
620 5753 817 5826 derelinquere
827 5756 949 5824 Patrem,
1000 5752 1080 5827 piant
1101 5751 1252 5808 tuitionem
1277 5755 1306 5806 et
1325 5750 1529 5808 liberationum
1549 5752 1631 5809 unde
1648 5761 1836 5829 acceperunt.
