3870 6150
594 256 828 314 becherellum
846 255 1040 313 comneno.
1520 292 1524 305 ·
1608 260 1660 314 450

103 361 188 419 rasit.
203 363 370 436 Quicunque
394 382 452 420 non
472 365 586 435 dixerit,
609 368 699 438 gloria
720 368 895 455 PotriAper
909 384 1025 422 omnem
1048 368 1189 423 mundum
1208 366 1391 440 pacatissime
1406 369 1435 423 et
1450 367 1576 423 emineat
1592 368 1661 424 doc·

103 458 133 512 et
147 457 264 529 Spiritui
279 462 390 527 sancto,
400 460 556 515 anathema
570 460 615 516 sit.
629 461 794 535 Quicunque
845 461 929 517 trinae
937 461 1084 516 sanctitate
1093 464 1278 532 etpotcslate.
1288 461 1457 534 Siquiintra
1468 478 1533 517 eam
1543 462 1660 530 suerint,

103 549 169 606 andi
200 551 381 624 sacrilegium
409 569 480 625 opus
499 554 687 610 essebonum
707 556 796 611 eredit
846 555 1187 626 communicaverintque,
1204 555 1234 610 hi
1254 555 1379 624 audient,
1396 553 1433 610 ad
1448 555 1594 611 dexteram
1609 556 1661 611 Pa·

103 642 193 700 iden't
209 661 304 717 agere,
326 650 355 700 et
373 647 473 717 egerit,
494 649 648 703 anathema
667 649 712 704 sit.
733 648 797 714 Qui·
846 648 896 703 tris
911 647 1013 720 positi:
1030 647 1141 715 Venite,
1164 647 1308 704 benedicti
1330 648 1422 704 Patris
1441 649 1509 718 mei,
1524 647 1663 721 percipite

103 736 232 793 libellum
246 738 442 795 detestabilem
458 742 626 797 duodecimo
641 759 715 798 anno
730 742 797 798 Leo
846 757 971 814 regnum
986 742 1062 814 quod
1075 741 1155 797 vobis
1169 746 1302 813 paratum
1317 747 1360 797 est
1372 741 1408 797 ab
1428 741 1538 815 origine
1551 741 1663 798 mundi.

104 831 185 904 regis
212 849 228 886 a
256 832 338 887 nobis
366 833 485 902 editum,
506 834 535 889 in
556 852 612 907 quo
637 834 797 893 continetur
846 835 875 891 Si
885 835 934 908 qui
947 838 1044 891 autem
1057 835 1093 891 ab
1109 852 1142 891 ea
1156 835 1335 906 recesserint,
1350 836 1469 908 ejusque
1489 836 1665 892 detraxerint

103 940 175 980 vrum
194 925 230 981 ad
248 926 383 982 hrianam
402 928 535 984 haeresim
555 929 701 998 traductio,
720 934 749 985 et
766 930 796 986 in
846 929 922 998 fidei,
944 933 974 985 et
997 929 1229 985 communionem
1254 928 1422 1002 spreverint,
1438 928 1468 985 hi
1481 929 1598 985 audient
1613 947 1662 985 ore

103 1018 144 1074 ria
156 1019 232 1075 Patri
245 1036 298 1093 per
313 1020 416 1076 Filium
433 1022 462 1076 in
478 1022 587 1095 Spiritu
601 1026 709 1092 sancto,
726 1025 797 1080 etin
847 1022 942 1078 divino
963 1022 993 1078 in
1017 1022 1063 1078 die
1085 1022 1206 1095 judicii:
1232 1023 1372 1079 Discedite
1392 1040 1409 1078 a
1431 1039 1488 1092 me,
1508 1023 1663 1093 maledicti,

103 1111 126 1169 le
146 1128 164 1167 a
188 1113 273 1169 nobis
292 1114 423 1170 instituta
441 1115 634 1188 continentur,
654 1117 795 1190 habuerit,
848 1114 1071 1172 noseiovos.1le
1092 1115 1237 1189 inignem
1255 1118 1397 1172 aternum
1418 1116 1469 1189 qui
1486 1118 1603 1188 paratus
1623 1120 1666 1172 est

103 1221 134 1261 na
148 1206 185 1263 sit
196 1207 227 1262 in
237 1209 388 1263 aeternum.
848 1209 962 1265 diabolo
978 1212 1008 1265 et
1020 1208 1129 1282 angelis
1148 1209 1218 1281 ejus.
1240 1210 1302 1267 Sint
1321 1227 1390 1283 ergo
1405 1209 1542 1266 damnata
1553 1209 1585 1264 in
1596 1209 1667 1265 coelo

103 1315 189 1356 amur
215 1302 293 1356 enim
324 1319 377 1358 nos
405 1318 437 1358 ex
471 1304 573 1360 haeresi
606 1304 709 1360 Ariana
737 1307 796 1362 boto
850 1306 879 1358 et
892 1303 922 1357 in
936 1307 1022 1372 terra,
1037 1319 1217 1376 quaecunque
1240 1320 1292 1375 per
1307 1304 1381 1358 hanc
1397 1303 1566 1360 catholicam
1580 1302 1667 1359 fidem

103 1397 159 1448 lota
181 1393 288 1462 anima,
309 1398 337 1450 et
358 1395 393 1451 de
407 1398 468 1451 toto
484 1403 579 1454 mente
593 1402 691 1454 nostra
704 1399 740 1454 ad
756 1416 798 1455 ee·
848 1395 1033 1465 damnantur,
1049 1402 1077 1451 et
1092 1395 1148 1451 sint
1162 1401 1278 1468 accepta
1290 1396 1321 1451 in
1336 1396 1407 1452 coelo
1417 1399 1446 1453 et
1458 1396 1488 1452 in
1499 1402 1583 1468 terra,
1593 1412 1668 1470 quae·

114 1487 289 1543 catholicam
306 1488 395 1544 inisse
409 1506 570 1547 conversos.
590 1493 665 1547 Nulli
679 1493 798 1549 dubium
848 1505 959 1561 cunque
973 1506 1026 1562 per
1040 1490 1114 1545 hanc
1137 1489 1225 1545 tidem
1246 1489 1435 1563 accipiuntur,
1451 1495 1592 1564 regnante
1612 1491 1665 1546 llo·

103 1597 108 1634 v
135 1585 305 1654 nostrosque
329 1599 504 1640 successores
523 1602 629 1641 errasse
648 1587 678 1641 in
697 1586 799 1642 haeresi
848 1583 926 1638 mino
941 1587 1038 1639 nostro
1052 1585 1119 1639 lesu
1131 1583 1251 1652 Christo,
1266 1583 1312 1639 cui
1327 1601 1393 1640 enm
1406 1585 1488 1640 Patre
1510 1587 1540 1641 et
1560 1583 1666 1657 Spiritu

108 1679 140 1730 et
166 1674 254 1730 fidem
284 1676 476 1748 evangelicam
504 1683 589 1751 atque
615 1679 799 1751 apostolicam
849 1680 947 1732 sancto
958 1681 1001 1732 est
1015 1677 1107 1749 gloria
1120 1677 1151 1732 in
1163 1678 1267 1732 saecula
1277 1679 1456 1734 saeculorum.

103 1770 153 1824 vtra
168 1768 323 1824 Ecclesiam
338 1771 507 1827 catholicam
521 1771 660 1829 didicisse.
677 1755 837 1830 Proindess

103 1866 209 1917 luctam
220 1879 306 1933 quam
319 1864 548 1937 religiosissimus
558 1867 690 1922 dominus
702 1873 800 1924 noster

103 1954 155 2012 lin
168 1955 264 2012 medio
279 1957 409 2029 concilio,
425 1963 550 2016 etmanu
561 1959 798 2033 sua'subscripsit,

120 2064 175 2105 nos
195 2053 336 2118 tenemus,
361 2052 433 2108 hanc
457 2045 626 2110 confitemur
644 2055 752 2126 pariter
771 2057 801 2110 et

103 2158 159 2213 rus,
173 2143 248 2199 hanc
260 2144 289 2198 in
305 2146 417 2217 populis
431 2147 585 2218 praedicare
599 2153 685 2221 atque
695 2149 799 2206 docere

103 2236 185 2292 unus.
201 2238 267 2292 llaec
283 2244 325 2293 est
336 2255 403 2294 vera
417 2240 485 2295 tides
495 2240 592 2313 (quam
603 2242 697 2298 omnis
707 2245 800 2301 Eccle

103 2346 111 2385 ι
129 2334 294 2402 pertulum
313 2332 455 2389 mundum
473 2337 561 2407 tenet)
581 2336 719 2392 catholica
737 2354 799 2394 esse

103 2428 147 2480 ·ct
158 2424 306 2496 probatur.
327 2426 377 2481 Cui
396 2428 457 2482 haec
476 2429 547 2483 fides
565 2446 623 2485 non
641 2431 735 2502 placet
752 2438 801 2488 ant

103 2517 201 2586 ruerit,
218 2520 375 2575 anathema
389 2521 426 2575 sit
439 2523 610 2578 maranatha
629 2524 658 2578 in
678 2524 800 2581 adventu

107 2611 198 2666 nostri
208 2612 272 2667 lesu
282 2613 394 2669 Christi.
408 2613 462 2679 Qui
474 2615 562 2671 fidem
573 2617 682 2688 spernit
694 2619 800 2674 Nicaeni

106 2707 137 2760 et
147 2706 452 2780 constantinopolitani
466 2713 580 2766 centum
591 2711 800 2784 quinquaginta

103 2813 181 2854 arum
194 2814 349 2872 veramque
363 2817 424 2857 esse
437 2819 496 2859 non
509 2804 621 2874 dixerit,
647 2805 800 2861 anathema

107 2890 197 2948 tidem
209 2892 358 2964 Ephesium
372 2896 472 2966 synodi
485 2897 586 2968 primoe
600 2903 628 2954 et
641 2897 798 2955 Chalcedo-

103 3001 149 3041 ron
163 2990 251 3054 tenet,
276 2992 305 3043 et
327 3005 359 3043 ea
381 3006 438 3044 non
459 2991 626 3062 delectatur,
646 2992 800 3049 anathema

103 3078 800 3159 conciliaomniumorthodoxorumepiscoporum

849 1820 1005 1891 Symbolum
1024 1825 1203 1878 trecentorum
1221 1820 1311 1946 decqm
1324 1825 1350 1877 et
1364 1825 1422 1877 octo
1435 1823 1550 1878 Petrum
1564 1824 1668 1882 Nicaei

1195 1907 1268 1947 coner
1279 1909 1310 1948 u.

884 2007 1033 2065 Credimus
1041 2008 1071 2063 in
1083 2024 1175 2064 unum
1185 2008 1339 2064 Dominum
1349 2008 1439 2064 Deum
1448 2009 1562 2065 Patrem
1571 2009 1665 2065 omni-

848 2105 1008 2174 potentem,
1024 2102 1156 2158 omnium
1170 2101 1323 2157 visibilium
1345 2107 1374 2158 et
1393 2102 1578 2159 invisibilium
1598 2119 1664 2159 con-

849 2195 983 2252 ditorem.
1008 2197 1043 2252 Et
1066 2195 1096 2250 in
1121 2212 1212 2252 unum
1231 2194 1386 2251 Dominum
1404 2197 1501 2252 lesum
1520 2194 1666 2253 Christum

849 2289 951 2344 Filium
966 2288 1016 2345 ilci
1028 2288 1063 2345 de
1078 2290 1161 2344 Patre
1181 2293 1281 2345 nalum
1297 2289 1491 2361 unigenitum,
1506 2290 1616 2346 horest
1631 2290 1667 2346 de

849 2381 1009 2438 substantia
1026 2382 1127 2452 Patris,
1144 2383 1234 2438 ileum
1252 2384 1371 2454 calleo,
1387 2383 1486 2440 lumen
1500 2382 1665 2454 delumine,

849 2477 938 2532 ileum
960 2492 1060 2531 verum
1085 2494 1118 2531 ex
1142 2477 1199 2531 Deo
1222 2493 1299 2546 vero,
1327 2483 1440 2547 natum,
1465 2493 1522 2533 non
1545 2479 1665 2550 iactum,

849 2570 999 2625 omousion
1011 2568 1097 2636 Patri,
1108 2569 1160 2624 hoc
1171 2575 1217 2626 est
1226 2569 1353 2641 ejusdem
1365 2588 1431 2626 cum
1440 2572 1523 2626 Patre
1534 2571 1665 2627 substan·

849 2664 906 2733 tiae,
922 2679 974 2735 per
986 2679 1073 2736 quern
1084 2662 1181 2719 omnia
1189 2663 1266 2719 lacta
1274 2667 1351 2733 sunt,
1364 2681 1429 2737 quae
1439 2664 1468 2720 in
1478 2665 1554 2721 coelis
1565 2670 1593 2720 et
1601 2681 1667 2738 quae

849 2755 982 2828 interris,
994 2757 1044 2829 qui
1053 2759 1171 2830 propter
1181 2773 1232 2812 nos
1242 2759 1271 2812 et
1280 2760 1397 2829 propter
1406 2761 1536 2814 nostram
1546 2759 1667 2815 salutem

850 2849 999 2907 descendit
1012 2856 1040 2907 et
1053 2850 1219 2907 incarnatus
1229 2857 1282 2921 est,
1293 2852 1380 2908 horno
1394 2852 1494 2921 lactus,
1505 2869 1602 2924 passus
1612 2857 1665 2923 est,

850 2948 879 3000 et
889 2944 1045 3000 resurrexit
1058 2944 1142 3000 tertia
1156 2945 1213 3014 die,
1228 2945 1356 3001 aseendit
1368 2945 1398 3000 in
1412 2946 1506 3017 coelos,
1518 2945 1585 3002 inde
1597 2962 1666 3002 ven-

848 3043 930 3093 turus
943 3041 985 3094 est
995 3037 1125 3111 judicare
1140 3038 1216 3094 vivos
1229 3041 1258 3095 et
1272 3043 1411 3109 mortuos,
1427 3043 1456 3096 et
1476 3039 1507 3095 in
1528 3040 1667 3112 Spiritum

810 3123 991 3202 Csanetum,
1011 3149 1059 3188 eos
1077 3136 1175 3188 aulem
1195 3133 1245 3206 qui
1263 3132 1371 3203 dicunt,
1391 3139 1462 3202 erat,
1483 3134 1597 3207 quando
1610 3149 1668 3189 non

851 3232 923 3296 erat,
938 3232 967 3283 et
979 3230 1136 3298 antequam
1156 3229 1324 3283 nasceretur
1346 3244 1405 3283 non
1426 3232 1495 3296 erat,
1510 3232 1539 3284 et
1552 3227 1620 3301 quia
1635 3244 1669 3283 ex

102 3172 799 3253 tconciliisNicaeno,Constantinopolitanoprimo,

103 3267 799 3380 ¹⁰⁰ffih³¹⁰ed⁰¹¹⁰¹¹⁸¹⁰⁰¹²r⁶⁰¹p¹t’³¹¹a¹h⁰m³⁵i,t‘
850 3319 935 3375 nullis
949 3320 1125 3376 exstantibus
1147 3321 1238 3377 factus
1260 3326 1312 3390 est,
1338 3325 1387 3377 aut
1409 3320 1514 3378 exalia
1537 3322 1668 3378 substan·

103 3360 359 3465 'etdamnilmnem
369 3363 445 3469 hane
455 3367 801 3473 perfidmwmminmms
851 3413 888 3469 tia
900 3413 945 3468 vel
958 3412 1148 3484 subsistentia,
1167 3414 1267 3470 dicunt
1290 3430 1361 3483 esse,
1377 3418 1427 3471 aut
1438 3414 1666 3485 convertibilem,

115 3456 145 3512 et
164 3471 295 3511 omnium
310 3459 495 3514 conciliorum
515 3460 655 3518 haeresem
666 3463 801 3518 Arranam

777 3557 782 3567 .
852 3509 901 3562 aut
913 3506 1142 3563 commutabilem
1155 3507 1259 3564 Filium
1269 3508 1328 3577 Dei,
1340 3507 1561 3564 anathematizat
1573 3509 1670 3565 calho-

103 3564 139 3604 uu
160 3564 227 3604 cum
248 3551 431 3608 anathemate
453 3570 555 3610 eorum
576 3571 665 3611 manu
686 3572 802 3628 propria
851 3600 974 3657 fimeta
995 3600 1112 3657 ospolim
1127 3601 1253 3658 Ecclesia

103 3640 196 3697 vimus.
213 3644 435 3702 constitutiones
447 3663 513 3702 vero
528 3653 689 3704 sanctorum
706 3650 800 3706 conci·
975 3617 993 3674 p
1256 3643 1263 3657 ’

110 3734 230 3805 lliceeni,
255 3736 400 3810 Ephesini‚
429 3741 736 3814 Constantinopolitani
756 3743 801 3799 vel
886 3739 1042 3811 Symbolum
1062 3741 1103 3799 GL
1121 3739 1549 3825 Potmmssomtommopolitmi
1568 3755 1631 3797 con-

103 3829 223 3885 onensis
233 3847 303 3903 quas
312 3833 470 3904 gratissima
483 3852 550 3892 aure
562 3836 803 3907 audivimus,con·
1004 3866 1010 3876 α
1225 3813 1292 3868 “¹⁸²⁸

103 3929 224 3980 snostra
232 3942 313 3981 veras
324 3943 384 3983 esse
391 3929 584 3999 probavimus,
593 3931 693 3988 detoto
704 3932 800 4002 corde,
886 3927 1032 3984 Credimus
1047 3927 1075 3982 in
1090 3943 1181 3983 unum
1192 3929 1283 3984 Deum
1298 3929 1409 3983 Patrem
1429 3926 1667 4000 omnipotentem,

103 4018 252 4090 taanima,
268 4024 297 4076 et
317 4020 353 4075 de
372 4026 431 4079 tola
449 4028 545 4080 mente
563 4029 660 4081 nostra
679 4025 801 4082 subscri·
852 4022 989 4078 factorem
1005 4021 1067 4078 coeli
1082 4027 1110 4078 et
1123 4025 1207 4078 terrae
1220 4020 1374 4077 visibilium
1394 4020 1525 4077 omnium
1546 4024 1575 4076 et
1593 4021 1667 4076 invi·

116 4111 190 4167 nihil
205 4111 243 4168 ad
254 4113 449 4186 cognitionem
461 4117 587 4174 veritatis
600 4118 723 4175 lucidius
729 4120 802 4175 arbi·
852 4115 979 4172 sibilium
993 4115 1182 4172 conditorem.
1199 4116 1232 4171 Et
1245 4115 1275 4170 in
1290 4131 1379 4171 unum
1393 4114 1549 4170 Dominum
1569 4115 1667 4171 lesum

103 4221 192 4278 quarn
207 4224 271 4280 quse
281 4210 507 4281 supradictorum
523 4212 706 4268 conciliorum
717 4213 802 4270 conti·
852 4210 954 4266 Filium
967 4209 1016 4265 Dei
1031 4208 1212 4282 unigenitum
1225 4225 1258 4265 ex
1282 4211 1363 4265 Patre
1377 4213 1480 4266 natum
1491 4211 1558 4264 ante
1572 4210 1669 4265 omnia

103 4299 269 4358 uctoritales.
297 4303 336 4358 ile
364 4304 491 4362 trinitate
515 4310 611 4363 autem
639 4309 668 4362 et
693 4308 802 4364 unitate
853 4304 964 4373 saecula,
987 4304 1078 4360 ileum
1101 4320 1134 4359 ex
1153 4305 1221 4375 Deo,
1246 4303 1346 4359 lumen
1370 4319 1406 4358 ex
1429 4303 1549 4374 lumine,
1577 4304 1668 4359 ileum

103 4396 126 4450 et
146 4392 207 4450 Filii
229 4402 257 4451 et
278 4395 400 4468 Spiritus
421 4400 512 4456 sancti
533 4400 606 4457 nihil
629 4401 672 4456 his
696 4402 801 4473 verius,
852 4414 952 4454 verum
974 4414 1008 4453 ex
1031 4398 1091 4453 Deo
1112 4414 1189 4466 vero,
1208 4400 1320 4467 natum,
1345 4413 1405 4452 non
1427 4396 1548 4466 factum,
1566 4412 1668 4451 omou-

103 4486 186 4544 idias
192 4505 321 4563 unquam
331 4498 425 4564 potest
432 4495 475 4550 vel
485 4495 590 4566 poterit
600 4495 801 4566 demonstrari,
811 4501 842 4574 1)
853 4493 914 4548 sion
931 4491 1019 4560 Patri,
1034 4491 1089 4546 hoc
1105 4495 1148 4546 est
1169 4491 1299 4563 ejusdem
1313 4506 1380 4545 cum
1394 4491 1477 4545 Patre
1491 4487 1667 4560 substantie,

103 4581 170 4639 letio
182 4581 385 4642 iucarnationis
399 4587 538 4660 unigeniti
551 4589 613 4645 Filii
628 4590 677 4646 [lei
690 4607 741 4663 pro
756 4607 800 4646 sa·
851 4603 903 4661 per
915 4602 1001 4658 quem
1019 4585 1116 4640 omnia
1138 4585 1212 4640 iacta
1233 4588 1308 4653 sunt,
1332 4599 1397 4655 qum
1418 4583 1450 4637 in
1473 4581 1548 4638 ecelis
1563 4586 1591 4638 et
1603 4599 1669 4656 quae

103 4674 187 4732 rmani
212 4680 325 4750 generis
349 4697 405 4752 quo
423 4698 490 4737 vera
512 4683 650 4754 probatur
665 4684 802 4740 humanas
852 4681 882 4737 in
897 4679 981 4736 terris
995 4683 1070 4735 sunt.
1083 4678 1138 4743 Qui
1148 4681 1266 4751 propter
1277 4679 1408 4732 nostram
1421 4676 1668 4733 salutemdescen·

106 4769 168 4827 sine
181 4773 290 4844 peccati
303 4775 473 4847 contagione
486 4777 638 4850 susceptio,
649 4781 678 4832 et
690 4795 802 4850 perma·
853 4774 949 4856 ditet
963 4773 1128 4829 incarnatus
1152 4775 1196 4826 est
1220 4770 1256 4826 de
1276 4769 1384 4842 Spiritu
1409 4774 1504 4826 sancto
1526 4787 1562 4826 ex
1581 4770 1670 4827 liaris

103 4870 265 4939 ucormptae
287 4868 317 4922 in
334 4884 367 4923 eo
391 4869 545 4926 divinitatis
559 4871 719 4942 plenitudo,
732 4872 805 4929 dum
851 4868 971 4940 virgine,
987 4867 1073 4923 homo
1089 4866 1190 4936 factus,
1205 4881 1304 4937 passus
1320 4866 1362 4920 est
1380 4862 1434 4921 sub
1457 4864 1556 4920 Pontio
1569 4864 1668 4935 Pilato,

103 4961 162 5015 tura
176 4963 296 5033 utraque
312 4979 370 5017 non
381 4963 501 5035 deperit,
518 4969 613 5019 etune
627 4965 707 5019 silex
722 4968 800 5021 utra-
852 4962 990 5034 sepultus,
1012 4960 1098 5016 tertia
1115 4959 1160 5015 die
1174 4957 1341 5014 resurrexit.
1366 4957 1501 5014 Ascendit
1520 4957 1551 5014 in
1573 4958 1669 5029 coelos,

103 5049 169 5108 nini
181 5055 273 5109 nostri
292 5055 357 5112 lesu
379 5057 482 5114 Christi
497 5075 619 5129 persona
638 5058 704 5113 satis
718 5060 802 5131 plane
852 5056 933 5111 sedet
947 5054 982 5111 ad
996 5054 1143 5111 dexteram
1166 5052 1217 5108 [lei
1238 5051 1338 5123 Patris,
1360 5051 1467 5108 iterum
1481 5056 1618 5108 venturus
1639 5051 1669 5107 in

103 5146 231 5202 conciliis
253 5150 390 5220 probatur
413 5151 540 5223 patelieri
566 5152 679 5220 veritas,
702 5169 803 5225 quma
853 5148 1085 5223 gloriajudicare
1106 5147 1183 5203 vivos
1202 5149 1231 5202 et
1245 5149 1383 5202 mortuos.
1407 5146 1493 5218 Cujus
1515 5146 1670 5218 regninon

103 5239 223 5312 radatur,
245 5244 325 5298 omni
348 5248 458 5300 remota
481 5243 670 5302 dubitatione.
685 5246 738 5311 Qui
751 5263 802 5302 un·
852 5243 907 5300 erit
921 5243 995 5313 finis,
1011 5247 1041 5298 et
1053 5243 1083 5296 in
1098 5241 1235 5314 Spiritum
1250 5240 1403 5297 Dominum
1422 5245 1451 5297 et
1470 5239 1667 5306 vivificantem,

103 5349 157 5390 ane
169 5335 257 5391 fidem
272 5344 399 5395 sanctam
421 5339 589 5413 depravare,
608 5357 802 5414 corrumpere,
853 5355 887 5395 ex
900 5340 983 5394 Patre
995 5336 1205 5410 procedentem,
1221 5350 1288 5392 cum
1301 5336 1382 5391 Patre
1404 5338 1433 5390 et
1457 5333 1528 5389 Filio
1545 5331 1669 5388 adoran-

108 5429 271 5500 tcntaverit,
294 5436 344 5487 aut
366 5433 401 5488 ah
424 5434 526 5489 eadem
543 5434 599 5490 lide
618 5435 663 5490 vel
677 5450 804 5490 commu·
853 5433 922 5490 dum
937 5435 967 5487 et
979 5429 1207 5505 glorificandum,
1219 5430 1271 5503 qui
1283 5429 1396 5485 locutus
1417 5429 1461 5483 est
1478 5442 1530 5498 per
1548 5424 1671 5497 prophe-

103 5521 223 5578 atholica
236 5525 331 5597 (quam
344 5542 439 5600 nuper
453 5544 550 5583 sumus
572 5530 630 5584 [leo
650 5528 803 5585 miserante
852 5531 906 5596 tas,
915 5541 1014 5595 unarm
1020 5524 1191 5581 catholicam
1202 5521 1418 5596 etapostolicam
1429 5518 1670 5575 EcclesiamCon·

103 5630 163 5672 sese
178 5633 309 5689 separare
325 5619 369 5675 vel
382 5619 531 5676 dissociare
547 5623 678 5694 voluerit,
700 5624 737 5679 sit
746 5623 803 5679 Deo
853 5621 937 5677 fiteor
950 5634 1043 5676 unum
1058 5618 1202 5691 baptisma
1216 5614 1458 5695 inremissionem
1475 5615 1670 5685 peccatorum.

103 5726 161 5769 erse
174 5711 284 5768 mundo
298 5710 413 5769 crimini
432 5714 605 5772 infidelitatis
619 5716 649 5771 in
663 5719 804 5773 veternum
853 5716 1055 5788 Exspectamus
1070 5711 1309 5770 resurrectionem
1322 5710 1511 5776 mortuorum,
1527 5704 1615 5762 vitam
1626 5705 1672 5762 iu·

103 5820 136 5864 rs.
152 5805 266 5864 Floreat
288 5812 385 5864 avrtem
408 5813 505 5865 sancta
525 5810 662 5868 calholica
684 5811 805 5868 Ecclesia
855 5808 914 5866 turi
928 5807 1034 5866 seculi.
1050 5809 1152 5864 Amen.

191 5906 329 5983 Psrnou.
354 5907 468 5974 CXXX.
1458 5904 1501 5966 ts
