3870 6150
609 213 848 272 nacnarnuuu
866 214 1059 271 corceone.
1506 190 1512 201 “
1623 216 1676 271 na

103 319 341 392 tiodispanienses
350 318 498 392 episcopos
509 321 805 393 celebrarecognosci·
816 333 846 406 ,q
856 336 924 378 nam
938 321 1100 390 habuerint,
1111 320 1178 392 quia
1186 319 1325 392 scriptum
1338 318 1368 374 in
1376 318 1469 375 Veteri
1475 317 1673 376 Testamento:

103 416 160 470 arat
171 413 277 486 aliquid
291 414 449 470 secundum
461 415 604 486 maj0rum
619 414 806 471 traditionem
860 417 1003 472 «Uxorem
1016 414 1156 486 virginem
1169 413 1289 485 accipiat
1301 413 1504 479 sacerdos;ret
1513 413 1676 470 alibisza-

104 506 186 576 dum,
203 507 257 562 nisi
266 506 515 579 perpenderemus
528 524 563 563 ne
577 507 808 579 perturbationes
858 509 988 565 cerdotes
996 508 1054 563 mei
1066 507 1154 562 semel
1167 507 1308 562 nubant.»
1320 507 1417 578 Neque
1427 506 1477 578 qui
1490 506 1560 562 duas
1572 523 1676 563 uxores

103 600 222 657 lurimas
230 600 358 657 Ecclesiis
366 617 554 656 moveremus.
562 602 689 666 Quorum
699 602 807 657 iactum
857 601 1020 669 habuerint,
1037 601 1103 672 quia
1118 600 1222 656 Paulus
1237 600 1379 671 apostolus
1392 599 1442 668 ait,
1454 621 1469 650 a
1481 599 1567 656 unius
1581 600 1675 656 uxoris
1711 586 1721 598 ’

103 694 301 764 rehendimus,
329 699 361 749 ut
390 698 507 766 propter
533 711 686 750 numerum
718 694 806 750 corri·
857 696 949 752 virum
965 694 1029 765 tttt.
1045 711 1065 764 1,
1080 697 1117 764 o).
1133 715 1148 743 a

103 803 163 857 um,
174 803 279 861 eaque
288 804 402 860 quoquo
415 789 491 843 iacta
504 791 571 844 sunt
584 788 679 844 nonin
688 788 807 844 dubiam
892 790 937 846 Vl.
953 790 1009 845 Nec
1031 787 1102 843 illud
1114 787 1219 842 debere
1242 786 1355 842 admitti
1367 787 1445 859 quod
1464 787 1603 859 aliquanti
1622 805 1675 861 pro

103 899 133 950 rs,
148 882 197 938 aed
213 882 261 937 Dei
277 882 369 954 potius
384 882 564 938 dimittamus
574 881 693 954 judicio.
856 883 1022 940 defensione
1036 882 1114 954 pravi
1124 879 1230 936 erroris
1244 885 1396 952 opponunt
1408 883 1437 935 et
1452 886 1584 936 asserunt
1598 882 1675 954 quod

103 980 206 1031 uentos
227 976 305 1030 enim
321 992 353 1030 ex
369 975 419 1041 eis,
438 976 486 1046 qui
508 978 575 1047 post
590 979 736 1047 acceptam
756 977 805 1031 ba·
856 973 1675 1050 antebaptismumomniadimittuntur,nonintelligentes

103 1069 223 1141 gratiam
235 1069 265 1124 iu
277 1068 384 1125 lorensi
397 1069 600 1124 exercitatione
616 1070 716 1125 versati
730 1074 805 1137 sunt,
856 1069 1205 1144 hujusmodiquodsolain
1213 1067 1352 1139 baptismo
1360 1069 1474 1139 peccata
1481 1068 1674 1137 dimittuntur,

103 1162 185 1218 uendi
206 1161 394 1234 pertinaciam
420 1166 615 1233 susceperunt,
642 1164 745 1218 ascitos
771 1164 808 1219 ad
858 1183 910 1221 nec
925 1165 1167 1222 uxorisnumerue
1181 1162 1321 1217 aboletur.
1337 1163 1409 1217 Nam
1423 1161 1445 1216 si
1459 1178 1476 1217 a
1488 1162 1557 1230 Deo,
1568 1164 1599 1216 ut
1611 1164 1676 1217 scri-

104 1253 177 1311 tium
189 1271 249 1310 esse
264 1255 478 1328 comperimus!
494 1257 535 1312 lix
549 1271 672 1328 quorum
685 1272 807 1312 numero
856 1263 937 1332 ptum
950 1262 993 1315 est
1006 1277 1021 1311 a
1035 1261 1213 1330 preparatur
1227 1255 1287 1310 viro
1302 1271 1375 1311 uxor
1387 1255 1476 1328 (Pacu.
1485 1272 1543 1325 xlx,
1554 1256 1608 1327 lt),
1618 1277 1632 1306 a
1645 1258 1675 1311 et

103 1365 109 1403 t
134 1352 164 1405 et
188 1349 341 1420 Gregorius
374 1348 571 1420 perhibentur.
613 1350 740 1414 Quantos
771 1367 807 1405 ex
857 1349 1673 1426 aquodDeusjunxit,bomononseparetfflctth.nx,6t,a

104 1441 155 1515 qui
177 1458 243 1497 cum
257 1442 447 1514 potestatibus
471 1441 632 1499 obedierint
644 1459 741 1498 severa
754 1459 806 1499 ne·
855 1447 942 1519 stipsi
948 1450 1080 1502 auctores
1086 1443 1324 1516 generishumaui
1334 1443 1363 1499 in
1372 1443 1484 1516 origine
1497 1445 1577 1500 alteo
1583 1444 1674 1499 bene·

103 1553 109 1588 ι
128 1539 275 1608 praecepta
292 1538 360 1591 sunt
380 1535 516 1605 exsecuti,
535 1539 659 1608 quantos
672 1553 706 1591 ex
719 1536 808 1592 curia·
855 1537 1676 1613 dicuntur,quomodointerpersectaistacreduntur,poase

103 1627 220 1701 ¹nidum
239 1633 344 1702 parent
367 1629 553 1701 potestatibus
579 1645 644 1700 quae
663 1629 717 1684 sibi
740 1632 809 1685 sunt
857 1633 985 1689 dimittit
1008 1632 1089 1698 Quod
1108 1632 1131 1687 si
1149 1632 1307 1687 secundum
1333 1631 1395 1686 illos
1419 1631 1468 1702 qui
1488 1631 1529 1686 ita
1542 1631 1673 1701 credunt,

103 1725 130 1778 ta
157 1723 286 1778 iecerunt
301 1723 307 1778 l
334 1723 459 1787 Quantos
473 1722 522 1795 qui
534 1723 692 1794 voluptates
707 1727 736 1779 et
746 1723 803 1778 edi·
817 1707 956 1782 Bverum
971 1730 1024 1796 est,
1044 1742 1113 1798 ergo
1135 1725 1226 1780 omnis
1237 1723 1348 1796 justitia
1362 1739 1420 1795 qua
1437 1740 1454 1779 a
1470 1724 1677 1780 catechuminis

103 1815 201 1888 >epulo
221 1816 409 1884 celebrarunt,
425 1815 461 1871 ad
483 1817 624 1872 honorem
639 1817 743 1871 summi
764 1833 806 1872 sa-
855 1825 921 1876 ante
929 1820 1107 1893 baptismum
1117 1819 1205 1875 luerit
1215 1822 1342 1889 operata,
1353 1817 1585 1889 perbaptismum
1594 1817 1673 1874 suie-

103 1909 296 1982 pervenisse!
314 1910 441 1974 Quorum
460 1909 592 1964 omnium
608 1909 754 1965 neminem
769 1925 805 1964 ue
855 1920 945 1970 ratur.
971 1914 1069 1970 Nullus
1099 1929 1167 1985 ergo
1186 1915 1283 1967 contra
1313 1910 1454 1983 apostolos
1483 1912 1539 1967 tale
1567 1911 1675 1982 aliquid

103 2006 202 2059 uatem
214 2002 332 2074 quidem
346 2002 628 2059 ordinisclericorum
642 2005 806 2074 oportuerat
854 2008 968 2079 sentiat,
984 2023 1038 2065 nec
1053 2007 1198 2074 admittat,
1210 2004 1260 2061 sed
1270 2004 1396 2060 fideliter
1408 2004 1549 2076 intelligat
1564 2005 1676 2060 iunius

105 2095 805 2168 sse.Quaesisiuguladiscutiendamandemus,non
855 2097 1674 2172 uxorievirum,rsiveautebaptismumessenominatum,

103 2194 242 2257 amotus,
266 2193 317 2244 aut
339 2189 471 2245 scandala
492 2189 725 2262 Hispaniensibus
743 2206 806 2263 pro·
854 2195 911 2252 sive
931 2199 995 2266 post
1025 2195 1212 2266 baptismum.
1241 2194 1269 2250 Si
1297 2192 1374 2248 enim
1399 2208 1471 2247 uxor
1494 2195 1562 2248 ante
1585 2192 1677 2264 bapti-

110 2283 215 2356 quibus
233 2283 343 2339 mederi
354 2283 495 2355 cupimus,
513 2283 548 2338 de
561 2283 656 2340 studio
672 2285 806 2341 emenda·
854 2306 952 2345 smum
964 2292 1081 2360 accepta
1094 2304 1153 2344 non
1164 2287 1279 2343 ducitur
1292 2287 1321 2341 in
1337 2302 1501 2355 numerum,
1511 2302 1564 2341 uec
1573 2285 1625 2340 tilii
1638 2301 1674 2340 ex

103 2376 272 2443 iudicemus,
297 2376 404 2433 idcirco
426 2377 598 2433 remittenda
626 2377 720 2450 potius
744 2379 806 2434 haec
855 2383 957 2439 eadem
979 2382 1101 2454 suscepti
1124 2381 1201 2437 inter
1227 2380 1302 2437 tilios
1327 2379 1434 2436 debent
1459 2378 1674 2436 communicari.

103 2487 130 2526 e.
156 2470 212 2526 Sed
236 2487 273 2525 ne
293 2470 426 2543 deinceps
452 2471 554 2526 similia
576 2471 804 2543 committantur,
855 2476 937 2541 Quod
951 2492 1039 2549 quam
1057 2474 1214 2531 absurdum
1233 2475 1270 2529 sit
1282 2477 1368 2545 atque
1383 2473 1509 2529 alienum
1525 2472 1677 2544 prudentia

103 2564 146 2620 uis
169 2568 271 2620 vestrae
294 2565 442 2621 maturitas
457 2565 607 2637 providere
632 2565 755 2637 debebit,
773 2570 806 2623 ut
855 2573 947 2626 vestra
975 2569 1076 2626 melius
1109 2567 1271 2624 aestimabit.
1305 2567 1385 2624 Unde
1417 2566 1564 2623 neminem
1593 2566 1678 2622 liceat

104 2657 281 2729 usurpationi
308 2658 411 2713 saltem
437 2674 514 2714 nunc
537 2658 602 2714 tinia
629 2660 806 2716 necessarius
855 2662 1039 2735 interpretari
1052 2662 1135 2718 aliter
1144 2661 1253 2717 divinas
1262 2661 1431 2733 Scripturas,
1441 2659 1495 2715 nisi
1507 2658 1586 2731 qarod
1597 2662 1676 2714 recta

103 2755 163 2819 tur,
188 2768 221 2807 co
248 2751 379 2807 videlicet
401 2752 562 2820 constituto,
586 2755 619 2807 ut
643 2753 806 2826 quicunque
854 2757 928 2814 ratio
942 2755 1092 2829 permittit,
1116 2771 1154 2811 ue
1173 2755 1243 2810 dum
1261 2753 1381 2827 quidam
1395 2752 1525 2810 remedia
1551 2751 1605 2807 sibi
1618 2751 1676 2807 ini-

103 2843 192 2900 dinati
207 2845 315 2900 tuerint
336 2862 402 2900 cum
415 2845 628 2901 ordinatoribus
653 2846 806 2920 suisdepo·
856 2867 912 2924 qua
935 2850 972 2906 ad
995 2849 1211 2906 excusationem
1235 2853 1407 2921 praeparant,
1436 2863 1469 2903 ex
1499 2862 1534 2902 eo
1567 2844 1677 2917 rupisse

856 2945 962 3016 legem,
973 2948 1002 3001 et
1010 2945 1126 3015 regulas
1137 2941 1449 3013 evertissejudicentur,
1456 2940 1506 2996 sed
1513 2955 1547 2996 aa
1554 2939 1679 2996 tenenda

103 3033 157 3087 'ost
169 3032 230 3087 haec
252 3032 276 3087 si
289 3032 353 3104 quis
366 3032 498 3088 adversus
517 3034 623 3089 formas
650 3050 804 3104 canonum,
816 3078 843 3152 C
855 3043 922 3094 sunt
941 3054 1006 3110 quae
1019 3037 1182 3093 divinarum
1203 3035 1417 3106 scripturarum
1430 3033 1516 3090 series
1539 3032 1676 3099 continet,

103 3124 311 3181 eclesiasticum
330 3126 472 3196 ordinem,
492 3127 536 3181 vel
548 3127 584 3182 ad
603 3127 698 3199 ipsum
713 3143 804 3184 sacer·
855 3136 884 3188 et
897 3129 1123 3187 asacerdotibus
1137 3129 1200 3185 utili
1214 3128 1326 3185 ratione
1341 3132 1408 3184 sunt
1422 3127 1584 3203 constituta.
1603 3126 1677 3181 Beue

107 3219 204 3275 venire
219 3219 380 3286 tentaverit,
388 3236 443 3274 una
451 3236 517 3275 rum
527 3220 739 3277 ordinatoribus
747 3221 805 3278 suis
854 3225 981 3292 valeatis,
995 3225 1098 3280 iratres
1110 3221 1281 3278 charissimi.

114 3328 172 3384 ‘1¹¹⁰
195 3312 305 3368 inventi
328 3313 433 3369 fuerint
455 3313 553 3370 ⁰sdi¹¹⁰
574 3317 602 3369 et
616 3316 725 3371 h⁰¹¹⁰f⁰
745 3315 804 3389 Psi·
934 3341 1058 3411 Epistola
1072 3339 1180 3395 concitit
1193 3337 1417 3408 Carttcptneaais
1431 3337 1600 3392 adaquatum

103 3405 128 3460 it
139 3406 269 3478 quumvis
285 3405 430 3462 dilectioni
445 3410 556 3475 vestrae,
572 3407 674 3463 tratres
695 3409 804 3464 charis·
1104 3411 1289 3466 lenocmtium
1309 3411 1426 3478 Papum.

103 3498 185 3570 rgulae
205 3499 325 3555 Nicaenre
340 3500 397 3555 sint
409 3499 544 3572 cognitae,
563 3501 720 3557 secundum
732 3518 805 3575 quos
891 3503 1011 3561 Domino
1027 3502 1192 3559 beatissimo
1214 3505 1243 3557 et
1256 3499 1478 3557 honoratissimo
1492 3498 1583 3570 tratri,
1599 3499 1678 3555 taro-

119 3608 180 3648 esse
201 3592 344 3648 faciendos
356 3593 553 3664 decernentes,
569 3598 666 3651 tamen
680 3595 805 3667 aliquam
855 3614 950 3656 caurio
981 3613 1075 3670 papae,
1106 3595 1247 3663 Aurelius,
1290 3593 1450 3661 Numidica,
1487 3592 1679 3660 Rusticianus,

104 3690 805 3763 quiedeordinationibusestprovisainserendam
855 3691 1010 3759 Fidentine,
1032 3690 1182 3762 Euagrius,
1205 3687 1356 3756 Antonius,
1382 3686 1525 3744 Palatinus
1547 3687 1679 3743 Adeoda·

110 3787 144 3840 ut
159 3785 315 3840 secundum
331 3801 396 3840 eam
408 3784 602 3841 ordinationes
613 3785 643 3840 in
658 3791 806 3858 posterum
854 3791 910 3852 tus,
935 3783 1110 3853 Vincentius,
1131 3781 1297 3852 Publianus,
1320 3781 1466 3849 Theseius,
1481 3782 1579 3848 Tutus,
1604 3781 1678 3835 Pan·

103 3878 170 3934 udas
192 3895 253 3935 esse
269 3879 401 3947 sciamus,
421 3894 474 3935 nec
498 3879 706 3951 interpretandi
723 3881 806 3937 aliter
854 3878 972 3947 nonius,
995 3877 1098 3945 Victor,
1122 3876 1292 3944 destitutus,
1311 3874 1384 3931 aliua
1398 3873 1565 3944 Restitutue,
1584 3873 1678 3929 llusti·

103 3971 280 4028 tarbitrium
301 3972 488 4044 relinquatur.
513 3973 577 4028 llaec
598 3973 725 4044 primum
740 3990 805 4046 quae
854 3990 914 4040 cus,
940 3969 1185 4037 ,Fortunatianua
1230 3968 1385 4041 ampelius,
1423 3966 1551 4035 avinius,
1590 3965 1678 4036 Felix,

103 4065 212 4121 ohibita
226 4066 403 4138 digerantur.
855 4065 1029 4124 Donatiauus
1049 4064 1213 4131 Adeotatus,
1237 4061 1377 4130 Octavius,
1404 4060 1562 4128 serotinus,
1593 4059 1679 4131 ltajo·

103 4159 124 4215 ie
155 4158 297 4231 quispiam
328 4159 379 4232 qui
400 4163 465 4231 post
494 4159 671 4232 baptismum
697 4161 804 4218 milita·
854 4161 943 4228 rinus,
965 4157 1161 4225 Porturiauus,
1182 4155 1327 4228 crispolis,
1351 4155 1457 4223 Victor,
1481 4153 1553 4210 alius
1573 4153 1679 4221 Victor,

103 4251 262 4308 lordinem
283 4252 387 4309 debeat
400 4252 548 4308 clericatus
571 4253 693 4322 admitti,
712 4270 805 4326 neque
854 4254 981 4324 Leutius,
995 4251 1130 4320 Marinus,
1157 4251 1337 4320 Fructuosus,
1356 4247 1563 4316 Faustinianus,
1582 4245 1677 4312 Quod·

103 4362 148 4401 sas
167 4351 231 4418 post
251 4351 400 4419 acceptum
419 4346 593 4417 baptismum
615 4347 737 4419 egerint,
757 4352 806 4403 eut
856 4348 998 4415 vultdeus,
1012 4344 1178 4412 Candorius,
1200 4343 1349 4413 Maximus,
1364 4342 1517 4414 liegarius,
1537 4339 1678 4409 Rusticus,

103 4442 125 4494 st
145 4444 291 4511 acceptam
314 4440 362 4495 ilci
384 4439 507 4511 gratiam
530 4440 1039 4525 administraverint30Rufinianus,
1061 4437 1209 4507 Proculus,
1222 4437 1356 4504 Thomas,
1377 4434 1538 4501 Ianuarius,
1552 4431 1679 4489 Octavia-

103 4531 134 4588 de
146 4532 300 4588 curialibus
310 4533 434 4605 aliquem
447 4535 483 4589 ad
497 4534 715 4590 ecclesiasticum
731 4534 808 4591 ordi·
857 4552 922 4602 nus,
936 4534 1135 4601 pretextatus,
1158 4530 1263 4599 Sixtus,
1276 4527 1500 4595 Quodvultdeus,
1515 4525 1678 4596 Pentadius,

104 4626 169 4681 nire
182 4642 272 4698 posse,
288 4626 338 4698 qui
353 4631 416 4698 post
431 4627 606 4699 baptismum
624 4629 666 4683 vel
682 4628 809 4684 coronati
858 4627 1026 4701 Cyprianus,
1036 4622 1181 4690 Servilius,
1195 4623 1337 4695 Pelagius,
1347 4620 1503 4687 Marcellus,
1513 4619 1679 4688 venantius,

103 4720 165 4784 ‚vel
179 4721 370 4776 sacerdotium
389 4721 467 4793 quod
485 4722 598 4790 dicitur,
613 4721 807 4794 sustinuerint,
858 4721 1006 4794 Dydimus,
1041 4716 1223 4784 Saturninus,
1254 4716 1422 4782 Bazecenus,
1462 4711 1679 4782 Germaniam,

103 4828 172 4870 erres
192 4813 318 4886 publicas
340 4815 554 4872 celebraverint.
573 4817 684 4872 Namet
703 4817 758 4872 hoc
773 4817 808 4872 de
858 4816 1085 4879 Germamsnus,
1112 4807 1278 4877 luventius,
1312 4806 1475 4878 llajorinus,
1509 4805 1679 4862 luventius,

103 4924 149 4963 rus
170 4911 214 4962 est
232 4908 398 4978 cavendum,
422 4925 460 4964 ne
481 4909 578 4978 iidem,
594 4909 644 4982 qui
664 4925 697 4965 ex
719 4910 808 4965 curia·
857 4907 1016 4976 Candidus,
1048 4903 1227 4977 Cyprianus,
1260 4904 1289 4958 et
1324 4899 1480 4956 Emiliauus
1512 4900 1676 4967 Romanus,

103 5001 445 5074 erint,aliquandoasuis
455 5003 632 5076 curiisquod
641 5003 809 5076 frequenter
856 5001 1014 5069 Africanus,
1040 5002 1069 5054 et
1088 4996 1277 5066 Marcellinus,
1290 4994 1340 5068 qui
1359 4994 1389 5050 iu
1409 4992 1526 5050 consilio
1546 4991 1679 5050 Ecclesia

103 5111 116 5150 s
131 5094 269 5164 accidere,
285 5099 448 5167 poscantur.
460 5098 528 5162 Quae
544 5097 639 5154 omnia
653 5097 807 5154 rationabi-
856 5091 1073 5166 Cathagineusis
1087 5090 1231 5147 siluimus.

103 5187 205 5244 >obita
217 5192 330 5260 oportet
343 5190 435 5245 modis
448 5190 580 5246 omnibus
590 5190 735 5247 custodiri.
893 5190 965 5246 Cum
978 5202 1012 5245 ex
1033 5202 1112 5243 more
1130 5185 1166 5241 ad
1180 5182 1435 5256 Carthaginensem
1460 5179 1613 5237 Ecclesiam
1635 5194 1677 5232 so-

103 5281 173 5338 rales
186 5298 252 5338 vero
265 5283 392 5356 eligendi
406 5288 474 5339 sunt
486 5283 516 5339 in
525 5284 626 5340 ordine
636 5285 807 5341 clericorum
856 5282 993 5340 lemniter
1012 5280 1187 5347 veniremus,
1209 5281 1294 5350 atque
1308 5294 1344 5334 ex
1368 5274 1485 5332 diversis
1507 5272 1597 5329 causis
1611 5286 1677 5326 con·

115 5375 350 5445 formadeclarat,
365 5378 460 5448 idest,
476 5378 524 5451 qui
541 5379 576 5434 ab
591 5379 710 5434 ineunte
725 5381 808 5434 oetate
858 5379 975 5450 gregata
989 5391 1024 5432 ex
1037 5373 1121 5431 nobis
1140 5372 1265 5446 synodus
1277 5371 1442 5438 haberetur,
1464 5364 1678 5439 compresbyter

103 5468 122 5525 ti
140 5468 259 5540 fuennt,
273 5474 302 5526 et
321 5471 462 5527 lectorum
477 5470 571 5528 officio
591 5471 699 5542 sociati,
720 5472 765 5528 vel
783 5471 807 5527 si
857 5475 957 5528 noster
976 5467 1093 5526 Orosius
1112 5466 1194 5524 nobis
1208 5465 1317 5523 litteras
1330 5465 1494 5519 sanctorum
1514 5458 1636 5513 fratrum
1650 5460 1679 5512 et

103 5568 198 5632 tsunt,
212 5579 278 5619 cum
293 5564 401 5621 fuerint
414 5565 464 5621 Dei
481 5566 602 5637 gratiam
617 5565 771 5637 consecuti,
784 5565 806 5621 si
857 5563 1092 5622 consacerdotum
1100 5565 1266 5617 nostrorum
1279 5557 1358 5613 dedit
1370 5551 1519 5611 hverothis
1528 5553 1559 5606 et
1570 5550 1675 5619 hazan,

103 5673 127 5713 re
145 5655 338 5714 ecclesiasticis
361 5659 509 5715 ordinibus
524 5658 757 5731 mancipaverint.
773 5660 809 5715 Et
857 5675 979 5731 quarum
996 5657 1120 5714 formam
1137 5655 1181 5712 his
1195 5649 1392 5710 constituimus
1410 5662 1472 5704 esse
1486 5644 1675 5701 subdendam.

103 5767 130 5813 te
149 5751 311 5827 habuerint,
332 5753 520 5831 quarendum
545 5753 568 5812 si
580 5769 701 5812 uxorem
718 5753 806 5831 virgi·
842 5753 906 5841 ¹llis
927 5767 996 5829 ergo
1019 5750 1107 5824 lectis,
1136 5747 1287 5824 Pelagium
1311 5746 1344 5802 et
1361 5739 1533 5800 caraem
1553 5744 1697 5797 austures
