3870 6150
71 221 140 277 tota
667 225 904 282 uacuefactus
922 226 1114 285 conlectio.
1685 238 1751 294 lel

66 329 123 385 bus
134 330 220 386 etiam
231 330 313 387 nobis
321 334 387 390 ante
400 333 495 388 oculos
507 335 623 388 Petrum
638 334 809 403 sanctiones,
821 335 884 407 qui·
895 347 925 420 Α
935 335 1072 408 scriptum
1080 339 1132 405 est,
1140 338 1317 409 perPaulum
1327 342 1503 413 apostolums
1517 362 1532 394 (ι
1542 340 1650 407 Quibus
1660 344 1751 400 crnci-

66 401 123 456 bus
137 418 306 457 excessuum
320 408 480 459 vestrorum
500 405 615 460 sentina
636 405 824 477 ponderetur,
840 406 885 462 lex
933 406 1006 462 fixus
1021 412 1064 462 est
1075 409 1198 464 mundus
1214 412 1284 478 idol.
1296 429 1332 478 vr,
1350 412 1403 483 14).
1416 412 1513 478 »Quid
1522 413 1578 468 illis
1587 429 1653 470 curn
1666 414 1750 471 foroi

67 473 258 529 ecclesiastica
279 475 442 545 pontificem
464 476 501 530 ab
519 476 582 531 eliis
604 482 767 533 accusatum
790 477 884 549 prius·
936 478 989 533 Sed
1003 478 1377 556 istanescitis,autqu0dest
1389 485 1502 555 gravius
1513 486 1750 542 notacontemni-

67 560 158 615 qnam
171 545 223 599 sub
236 545 299 602 luce
312 547 421 618 objecta
436 547 623 618 constiterint,
635 548 722 619 exigit
732 564 789 603 non
803 549 886 603 relin·
934 549 981 604 tis.
991 550 1574 627 Peregrinumcredoaliquid,etarntione
1584 562 1749 628 separatum

66 615 130 687 qui.
155 618 209 671 Vos
234 617 323 672 divini
345 635 411 673 rero
435 622 534 690 utputa
551 619 625 690 juris
645 636 797 690 memores,
857 620 886 675 ia
935 622 1081 692 postulans
1098 638 1174 693 papa
1189 622 1322 681 discessit.
1337 627 1437 682 Nonne
1452 627 1505 682 hoc
1526 627 1684 697 speraverit
1695 643 1750 699 pro

65 686 145 741 lesia
154 692 247 744 errata
256 687 306 743 des
327 689 401 745 icitis
414 690 463 761 qui
476 692 583 761 peccati
597 691 746 746 nobilitate
755 706 811 761 gau
832 690 885 746 etis
935 692 1748 777 statulabentisEcclesisepastoralicurnconstrictus,quod

64 774 106 813 ne
120 775 177 814 una
186 775 237 840 ros
249 776 284 814 ex
299 704 459 816 disertione
471 761 712 834 sacerdotisculpa
722 762 884 834 respiceret,
934 767 962 818 et
973 763 1106 835 religiosa
1120 766 1308 846 providentia,
1317 771 1346 823 et
1357 784 1450 825 cause
1462 769 1550 840 ipsius
1560 769 1631 824 ordo
1639 769 1749 841 flagita·

66 834 207 885 accusatis
221 847 286 886 cum
301 832 484 888 incrementis
494 833 674 889 delictorum.
688 833 730 888 ld
752 833 824 887 banc
838 849 885 889 vos
934 834 1074 899 bathuoe
1084 852 1160 891 enim
1164 837 1338 907 judiciorum
1344 840 1437 896 forma
1443 840 1748 910 praecesseratutvobis

65 901 275 967 valetudinem,
289 903 335 958 ille
349 904 398 975 qui
411 910 454 959 est
466 904 587 975 praevius
603 909 697 959 vester
709 903 837 972 adduxit,
853 909 886 959 ut
935 905 1075 962 hostiliter
1083 907 1219 988 disruptis
1227 909 1312 965 etiam
1323 927 1375 982 per
1387 911 1602 982 suggestionem
1611 917 1746 982 vestram,

64 977 133 1043 post
147 973 314 1042 desolatum,
330 978 392 1046 post
406 975 568 1046 impetitum
582 976 756 1047 pontificem,
768 976 827 1031 sine
846 977 885 1029 ul·
935 976 1052 1032 sublatis
1067 979 1197 1033 Ecclesiae
1212 979 1324 1051 opibus,
1339 981 1388 1053 qui
1412 981 1461 1037 diu
1476 983 1571 1037 fuerat
1583 982 1663 1038 cibus
1680 999 1747 1038 esu·

64 1043 124 1098 lius
130 1044 226 1114 rigore
234 1047 384 1101 sententias
393 1046 479 1101 totius
487 1063 559 1118 pene
567 1047 653 1101 ltaliae
664 1046 884 1117 improbandam
934 1048 1080 1115 rientium,
1093 1049 1178 1104 famis
1191 1051 1367 1123 mancipium
1380 1052 1525 1108 videretur
1539 1052 1665 1122 affectus,
1677 1052 1747 1109 dum

66 1115 230 1171 antistitum
245 1118 397 1172 crederetis
410 1135 470 1173 esse
484 1134 643 1174 censuram.
659 1118 808 1182 Quomodo
820 1118 882 1189 qui·
933 1119 1077 1174 alimentis
1098 1119 1265 1177 distributor
1280 1123 1391 1194 egebat,
1406 1128 1439 1178 ut
1458 1123 1540 1179 fieret
1553 1123 1584 1179 in
1596 1124 1748 1181 dominatu

66 1185 134 1241 darn
150 1187 222 1242 dixit
234 1187 269 1242 de
284 1189 398 1244 cohorte
420 1193 532 1245 vestra:
549 1189 733 1245 festinantem
757 1189 884 1244 animam
934 1191 1062 1258 servitus,
1077 1195 1106 1245 et
1117 1192 1147 1245 in
1166 1194 1299 1248 servitute
1314 1195 1492 1261 dominatus;
1506 1210 1595 1266 usque
1610 1196 1664 1251 hoc
1677 1212 1746 1276 qua·

64 1259 156 1314 morti
166 1259 286 1314 credidit
300 1259 394 1315 vestri.
408 1262 540 1316 Potestne
554 1277 634 1315 mens
648 1261 776 1316 indocilis
785 1260 882 1315 crimi-
933 1261 997 1316 litas
1015 1261 1203 1332 praecedentis
1225 1266 1279 1320 reri
1298 1281 1352 1346 per
1373 1267 1544 1321 memoriam
1568 1266 1598 1320 in
1619 1266 1747 1321 medium

64 1345 138 1384 uum
148 1330 212 1400 jam
226 1330 316 1386 ditata
330 1332 504 1387 successibus
517 1335 546 1386 et
560 1331 720 1387 detestabili
737 1332 883 1403 proposito
933 1337 1076 1388 transacta
1096 1334 1215 1404 redibat,
1230 1337 1350 1417 qualiter
1362 1337 1462 1393 babuit
1480 1336 1553 1392 effici
1575 1353 1608 1392 ex
1628 1353 1748 1392 censura

63 1401 146 1456 velut
155 1400 241 1457 effeta
250 1403 366 1458 feriari?
377 1404 422 1458 llle
437 1420 484 1458 vos
497 1403 543 1458 bis
555 1403 709 1485 locupletes
719 1403 802 1457 malis
813 1402 883 1457 elle·
934 1405 1077 1459 convictus
1089 1404 1224 1460 indicatio
1238 1424 1269 1462 m
1282 1423 1337 1478 quo
1349 1424 1464 1463 causam
1478 1407 1665 1478 adjudicatur,
1675 1425 1748 1481 prae·

64 1472 105 1526 cit
118 1473 165 1526 cui
177 1473 334 1528 elationum
348 1475 437 1547 copim
453 1490 523 1600 οΧΙιι
537 1476 681 1546 angelicas
695 1474 883 1542 sustulerunt,
934 1475 1060 1530 cedebat.
1074 1476 1136 1530 Non
1158 1477 1212 1531 fuit
1231 1478 1430 1550 privilegium,
1445 1495 1502 1550 quo
1524 1479 1640 1549 spoliari
1655 1479 1749 1551 potuit

65 1543 234 1599 etdivinum
244 1560 360 1600 censum
373 1563 462 1601 nocen
487 1547 492 1556 '
505 1546 726 1616 quodcxuberat
734 1546 884 1600 thesaurus
929 1546 991 1616 jam
1007 1547 1145 1616 nudatus;
1160 1564 1252 1602 unum
1265 1549 1344 1604 vobis
1362 1551 1467 1622 putatis
1482 1549 1606 1605 residere
1624 1551 1656 1605 in
1670 1567 1749 1606 sacra

64 1614 179 1670 invidit.
202 1615 257 1670 Sed
278 1616 472 1687 promissionis
494 1633 638 1672 memores
660 1617 792 1671 universa
818 1633 884 1688 quae
933 1617 1097 1672 collectione
1115 1619 1285 1687 subsidium,
1298 1627 1330 1676 ut
1345 1620 1568 1677 adtuendorum
1581 1622 1747 1678 immanita·

63 1686 148 1757 operi
160 1687 287 1757 ipsorum
301 1689 463 1757 recolimus,
479 1689 586 1743 inserta
603 1692 767 1758 tangamus.
780 1688 883 1758 Argui-
895 1719 922 1792 B
934 1691 992 1742 tem
1005 1688 1159 1768 criminum
1179 1692 1341 1746 sacerdotes
1352 1691 1431 1747 robis
1445 1693 1564 1747 comites
1582 1692 1747 1764 jungeritis,

64 1758 192 1829 turstylo
202 1759 430 1829 splendidissimo
438 1760 811 1831 papaSymmacbus,quare
819 1775 884 1813 con·
934 1762 962 1812 et
981 1759 1063 1814 fieret
1080 1761 1254 1831 impunitum
1275 1763 1384 1817 facinus
1405 1764 1561 1834 pollutione
1576 1763 1746 1831 multorum,

63 1829 231 1884 acutionem
240 1832 424 1900 preveniens,
436 1848 501 1886 crim
512 1832 682 1902 populorum
693 1830 809 1885 coetibus
820 1847 884 1885 exa·
933 1846 1074 1901 nusquam
1083 1834 1261 1888 convenienti
1270 1839 1396 1905 tempore
1406 1850 1508 1888 censor
1517 1833 1672 1902 asciscitur,
1680 1836 1748 1906 quia

63 1916 135 1957 men
156 1901 282 1969 intrarit,
299 1908 403 1974 etpost
422 1903 529 1973 judicia
549 1919 614 1956 cnm
634 1906 766 1956 evocatus
780 1904 884 2026 quater
933 1902 968 1955 ad
981 1902 1108 1956 decisum
1128 1920 1200 1973 pene
1214 1906 1362 1975 negotium
1384 1909 1578 1960 convocantur
1590 1905 1746 1960 criminosi.

64 1971 176 2038 fuisset,
192 1974 340 2044 spreverit.
358 1974 403 2029 Sic
421 1974 530 2029 avobis
545 1974 605 2029 reri
622 1973 779 2028 discessita
801 1973 882 2040 ectio,
933 1973 967 2026 Et
987 1973 1012 2026 si
1033 1977 1075 2028 est
1094 1975 1240 2045 meritum,
1254 1976 1326 2031 tollit
1339 1980 1497 2046 accusator,
1512 1976 1562 2057 qui
1580 1977 1610 2030 in
1631 1993 1665 2031 eo
1684 1978 1748 2049 plus

62 2049 98 2097 ut
110 2042 326 2099 mendaciorum
345 2045 456 2101 nebulis
471 2044 550 2099 urbis
568 2044 762 2100 testimonium
797 2044 883 2098 utetis
932 2044 1024 2098 furori
1039 2060 1090 2099 suo
1105 2046 1165 2099 vult
1177 2046 1263 2101 licere
1279 2064 1365 2118 quarn
1375 2048 1475 2119 judici.
1492 2047 1565 2101 ltrcit
1578 2047 1654 2102 enim
1669 2047 1748 2101 vobis

63 2114 183 2182 involvi,
198 2118 226 2168 et
244 2115 362 2170 fallaciae
382 2117 509 2187 periculo
525 2117 636 2188 depicta
655 2116 750 2183 verba,
765 2060 827 2186 pius
842 2115 881 2169 vi·
933 2115 1073 2185 impetens
1086 2117 1244 2187 propbeta:
1261 2140 1274 2167 o
1286 2119 1350 2173 Herc
1361 2124 1402 2175 est
1415 2135 1480 2190 pars
1493 2118 1650 2190 eorumqui
1660 2121 1747 2173 rasta·

63 2185 143 2239 rium
155 2186 278 2241 credatis
293 2187 400 2242 babere
419 2204 505 2258 quam
519 2188 666 2242 veritatem
679 2188 781 2252 Roma,
795 2202 883 2256 quam
932 2188 1411 2260 veruntnos,etsorsdiripientium
1422 2191 1543 2258 nostiae.
1553 2205 1618 2258 xvn,
1630 2191 1683 2260 ll);
1692 2208 1747 2241 n-

63 2257 183 2312 retinet.
202 2258 315 2327 Ergone
330 2257 378 2313 ille
394 2259 624 2329 disceptationem
643 2258 685 2313 rel
701 2259 883 2328 importunus
933 2277 947 2308 o
962 2257 1032 2311 item
1046 2259 1142 2330 angeli
1156 2260 1264 2314 veloces
1277 2261 1312 2315 ad
1325 2277 1444 2332 gregem
1458 2262 1623 2316 convulsum
1637 2264 1666 2315 et
1681 2260 1748 2315 dila·

62 2327 147 2395 adiit,
156 2328 200 2383 vel
209 2332 387 2400 exspectatus
400 2331 512 2402 aufugit
519 2330 533 2384 ‘l
543 2331 656 2400 Ergone
668 2328 745 2383 illam
756 2329 883 2383 multitu·
932 2332 1062 2383 ceratum
1075 2330 1111 2384 ad
1124 2331 1263 2401 populum
1276 2332 1432 2387 terribilem
1446 2333 1509 2402 lisa.
1532 2348 1608 2400 xvnr,
1623 2334 1660 2402 2).
1677 2353 1691 2381 s
1706 2332 1748 2388 lld

63 2396 166 2454 dinem
181 2398 292 2455 devotae
314 2401 404 2471 plebis
420 2418 477 2456 non
493 2417 544 2472 pro
559 2401 624 2455 fidei
638 2400 787 2471 diligentia
799 2400 880 2456 Chri·
933 2416 980 2453 ros
992 2401 1113 2470 angelus
1128 2402 1230 2456 missus
1245 2407 1295 2470 est,
1313 2403 1417 2459 scilicet
1429 2419 1482 2475 per
1494 2403 1663 2470 sacerdotes,
1680 2418 1749 2474 quo·

62 2470 160 2524 stiana
168 2471 260 2542 magis
273 2473 454 2544 exspectatio,
463 2490 549 2544 quam
560 2473 640 2527 furor
651 2471 792 2526 evocavit?
802 2470 883 2534 Quis·
931 2486 996 2524 rum
1010 2487 1076 2525 voce
1092 2488 1125 2526 nc
1138 2473 1241 2528 merito
1255 2475 1427 2543 proferenda
1440 2474 1551 2529 Christo
1571 2474 1647 2529 dona
1659 2473 1747 2528 susci·

61 2557 153 2612 quam
165 2557 201 2596 ne
211 2542 433 2599 adinferendam
442 2544 604 2599 violentiam
615 2559 732 2598 currens
741 2542 882 2612 lacrymas
931 2542 1024 2613 piunt,
1038 2546 1066 2597 et
1080 2544 1190 2613 placato
1206 2544 1372 2601 dominante
1385 2546 1539 2617 impetrata
1552 2561 1570 2599 a
1582 2545 1748 2600 mortalibus

61 2611 185 2666 comites
197 2612 296 2682 habet,
311 2620 340 2670 et
358 2615 407 2686 qui
422 2616 516 2670 studet
531 2632 590 2670 esse
607 2613 756 2669 formidini
770 2614 881 2667 vultum
930 2617 996 2667 rota
1010 2614 1181 2681 concedunt,
1196 2631 1247 2685 per
1260 2631 1330 2686 quos
1343 2616 1421 2672 vobis
1433 2616 1527 2672 oblata
1541 2618 1609 2671 sunt
1626 2631 1749 2671 munera

63 2684 193 2738 timentis
214 2685 359 2740 ostendit?
382 2685 530 2741 Nultitudo
550 2686 600 2740 illa
613 2686 707 2741 vincta
727 2683 881 2739 sacerdotis
931 2683 1081 2754 repudiata
1094 2686 1262 2754 concordien,
1276 2686 1325 2758 qui
1340 2704 1455 2758 poenam
1471 2686 1656 2742 moerentibus
1669 2687 1746 2742 dele-

62 2755 164 2810 officiis
177 2756 273 2810 attulit
285 2756 322 2812 ad
335 2774 387 2812 nos
399 2758 535 2825 lamenta,
551 2774 609 2813 non
619 2758 725 2827 jacula,
739 2771 791 2810 nec
804 2756 882 2810 venit
931 2756 1063 2810 clationis
1076 2757 1195 2828 praemia
1208 2757 1381 2828 detulerunt,
1389 2760 1440 2830 qui
1448 2759 1518 2814 dum
1528 2774 1557 2813 se
1567 2757 1749 2813 considerant

61 2826 190 2881 telorum
205 2827 314 2896 minax,
325 2829 375 2882 sed
388 2828 500 2883 fletibus
512 2828 690 2893 miserabilis,
703 2842 758 2881 una
768 2829 881 2882 tacitum
931 2826 962 2880 in
974 2827 1053 2881 nullo
1073 2828 1150 2908 quod
1167 2829 1355 2885 merebamini
1373 2835 1565 2902 respexerunt.
1582 2828 1652 2894 Quis
1670 2829 1748 2884 enim

61 2897 254 2954 intentionem
281 2904 376 2955 vestra
406 2900 592 2955 ostentatione
624 2903 785 2969 gravatura,
813 2897 881 2969 quia
931 2896 1043 2969 (inquitl
1063 2899 1133 2954 rrdit
1162 2916 1227 2954 cum
1257 2901 1468 2956 accusatoribus
1498 2900 1555 2955 suis
1586 2903 1685 2971 aperta
1707 2899 1749 2969 (ut

60 2968 201 3024 uberibus
220 2971 368 3025 oculornm
382 2971 548 3026 fluminibus
563 2969 776 3026 demonstrabat
833 2985 881 3023 am
929 2969 1018 3037 aiunt)
1033 2986 1130 3042 pugna
1148 2970 1323 3041 confligeret
1336 2970 1593 3043 lmprudentissimi
1616 2970 1748 3026 omnium

62 3044 140 3094 esset
160 3056 213 3121 per
231 3041 414 3097 acerbitatem
435 3047 559 3097 vestram
583 3042 746 3096 conditione
761 3040 796 3095 do
808 3040 881 3095 enda
930 3039 979 3111 qui
994 3057 1060 3095 cunr
1073 3040 1178 3113 quibus
1189 3042 1274 3096 vultis
1288 3043 1443 3112 decertare,
1453 3043 1594 3113 respicite,
1606 3042 1748 3097 etutrius-

61 3112 168 3181 pnlsatr
189 3116 217 3166 et
236 3112 266 3167 in
289 3113 440 3168 sobrietate
460 3113 615 3168 venerandi
636 3110 786 3178 examinis,
806 3089 986 3181 atili-(ique
1007 3113 1097 3182 partis
1119 3113 1143 3166 si
1168 3112 1237 3182 quid
1261 3113 1357 3168 salutis
1383 3115 1411 3168 in
1434 3114 1512 3168 vobis
1535 3113 1650 3180 resedit,
1674 3114 1746 3179 loca,

61 3183 156 3237 ctione
179 3199 230 3252 pro
251 3183 294 3239 ria
316 3185 543 3252 commendabat,
561 3200 647 3255 quem
669 3198 736 3238 vnce
751 3198 810 3237 non
826 3198 878 3252 po·
929 3185 1069 3253 tempora,
1092 3186 1120 3236 et
1144 3199 1281 3264 personas
1303 3185 1450 3251 attendite,
1473 3190 1503 3240 et
1523 3184 1545 3238 si
1567 3200 1616 3239 vos
1637 3184 1748 3238 nefarie

62 3256 147 3308 terat.
162 3253 219 3310 Sed
232 3200 345 3310 iabetis
359 3257 548 3315 manifestum
562 3273 597 3311 ex
613 3256 665 3310 bae
683 3270 714 3308 re
727 3254 777 3324 qui
790 3253 879 3308 bilem
930 3257 1064 3323 congesta
1078 3254 1169 3334 cordis
1184 3254 1279 3308 adbuc
1294 3255 1374 3325 pravi
1392 3271 1450 3310 non
1465 3255 1577 3326 subegit
1590 3255 1746 3325 opulentia,

60 3325 143 3379 furor
156 3326 302 3392 accendat,
318 3327 365 3398 qui
378 3344 452 3398 pene
467 3328 612 3381 absolutus
626 3326 663 3381 ad
672 3324 782 3396 judicia
791 3325 878 3392 venit,
930 3324 1026 3377 oculos
1038 3325 1072 3378 ad
1088 3325 1241 3379 Dominum
1264 3326 1409 3396 paulisper
1423 3326 1553 3391 attollite,
1569 3330 1598 3380 et
1611 3326 1654 3379 vel
1667 3325 1748 3379 brevi

61 3412 116 3463 pro
133 3412 190 3466 quo
205 3397 281 3452 orbis
296 3398 465 3469 illacrymat,
480 3404 508 3453 et
523 3400 592 3454 dum
613 3399 698 3452 rebus
712 3399 879 3451 extraneam
930 3394 1748 3467 temporesinistrimonitorisjussacontemnite.dgn0scite

61 3467 91 3521 in
108 3467 277 3538 predictum
292 3469 428 3524 invidiam
437 3486 569 3524 sermone
581 3468 723 3538 colligitis,
735 3467 880 3539 paulisper
931 3464 1681 3591 25qsummiregisproeccptionibnsrosinhisquae
1689 3483 1748 3521 me-

999 3554 1016 3606 P

60 3539 228 3594 reverentiae
250 3543 350 3594 vestrae
369 3541 418 3596 diu
436 3541 528 3595 cervix
548 3540 670 3611 superba
692 3538 878 3593 submittitur.
929 3541 984 3591 roo
1030 3539 1146 3592 ectenda
1161 3545 1225 3593 sunt
1244 3556 1300 3593 non
1323 3539 1441 3607 muniri,
1457 3539 1522 3610 quia
1539 3554 1668 3610 quamvis
1685 3554 1747 3592 res-

61 3610 178 3665 Sacram
195 3610 271 3664 enim
286 3613 540 3682 congregationem
556 3617 624 3666 tunc
636 3610 750 3678 vocatis,
765 3610 879 3679 qnando
930 3608 1746 3681 ponsiqualitatemdictcntdogmatapostulataetpetitio,

62 3681 266 3736 exstinctorem
283 3689 410 3738 nostrum
424 3683 630 3753 Symmachum
643 3682 727 3736 vultis
742 3696 878 3747 asserere,
931 3680 999 3733 dum
1021 3680 1126 3747 existit,
1146 3681 1252 3752 praesia
1270 3698 1334 3753 quae
1358 3685 1424 3736 sunt
1444 3685 1574 3735 secutura
1594 3680 1746 3735 describat.

62 3756 93 3805 et
108 3751 218 3806 crudeli
235 3753 339 3823 pietate
356 3754 456 3809 honori
471 3760 569 3810 nostro
585 3753 690 3826 putatis
709 3767 878 3817 accrescere,
930 3751 1080 3822 Nunquam
1088 3754 1183 3806 tamen
1191 3751 1656 3822 casibusvestrisliberaregnentis
1663 3750 1748 3805 verba

62 3823 140 3895 quod
162 3824 292 3878 residens
309 3826 339 3880 in
359 3826 542 3881 ecclesiarum
562 3842 626 3880 arce
641 3823 808 3896 perdiderit.
826 3823 880 3876 Nos
930 3823 1209 3894 cepistis,nunquam
1217 3823 1363 3879 desideriis
1390 3823 1577 3894 eraucupiam
1588 3820 1748 3903 calliditatis

61 3895 102 3950 ita
118 3911 176 3949 ιιοιι
196 3896 288 3950 solnm
303 3914 361 3951 non
374 3899 522 3964 sensimus,
540 3898 588 3952 sed
603 3897 714 3951 diversa
729 3895 878 3949 sentimus.
930 3894 1089 3964 imperialia
1111 3895 1191 3949 vobis
1212 3896 1315 3964 scripta
1379 3895 1505 3949 litarunt.
1530 3893 1644 3958 Quoties
1667 3908 1748 3947 ranis

61 3966 103 4021 lld
114 3966 185 4021 alios
199 3967 291 4037 magis
299 3968 397 4023 tutelae
407 3974 507 4023 vestrae
518 3985 626 4023 venena
637 3966 803 4022 convertite.
817 3966 879 4020 Non
931 3965 1056 4019 hiatibus
1077 3966 1197 4021 nocendi
1212 3966 1344 4021 inefficax
1367 3983 1477 4020 morsus
1495 3964 1647 4035 increpuit,
1663 3964 1748 4018 toties

61 4038 150 4092 babet
169 4039 367 4094 testimonium
388 4041 554 4106 defensoris,
571 4040 619 4111 qui
639 4037 810 4109 repugnanti
825 4036 878 4090 im-
931 4036 965 4090 dc
979 4041 1108 4091 accusato
1119 4038 1257 4108 quidquid
1270 4054 1319 4108 spe
1334 4038 1464 4092 tenuistis
1479 4036 1590 4107 cffugit,
1602 4039 1631 4089 et
1644 4050 1748 4089 vacuos

61 4109 162 4181 pendit
177 4110 233 4164 oris
247 4111 423 4183 obsequium.
446 4112 540 4166 Perdit
553 4127 639 4181 quam
655 4126 714 4165 esse
734 4111 817 4179 putat
828 4109 879 4162 be·
930 4107 1027 4178 imago
1042 4109 1268 4190 praesumptione
1282 4114 1418 4180 occupata
1430 4107 1564 4163 deseruit.
1576 4107 1634 4161 Deo
1644 4105 1748 4231 qlratias

60 4181 158 4235 nelicii
173 4182 304 4251 gratiam,
321 4183 369 4254 qui
384 4184 491 4254 aliquid
505 4185 621 4254 praestat
633 4182 730 4248 invito,
742 4181 809 4252 quia
824 4196 881 4234 non
931 4196 995 4250 quie
1010 4181 1083 4234 hanc
1100 4181 1304 4252 providentiam
1324 4180 1426 4236 indidit
1438 4180 1464 4235 ei
1479 4179 1524 4233 cui
1537 4195 1635 4233 rerum
1668 4193 1748 4232 uma-

61 4257 105 4307 est
127 4269 245 4321 munus,
264 4254 319 4308 nisi
340 4256 417 4326 qnod
437 4255 506 4309 velis
527 4254 666 4324 accipere.
690 4253 769 4306 Nunc
792 4252 881 4321 longa
930 4267 1032 4305 narum
1050 4267 1193 4305 summam
1214 4252 1364 4307 commisit.
1386 4252 1456 4322 Spes
1475 4254 1551 4304 certa
1569 4248 1673 4330 quietis
1693 4253 1746 4329 est,

60 4341 121 4379 non
133 4340 206 4395 opus
215 4328 258 4379 est
270 4326 466 4381 admonitione
473 4327 535 4396 J'am
544 4325 678 4396 perditis3
691 4323 788 4378 odium
799 4322 881 4377 debe·
931 4326 960 4376 et
972 4322 1079 4389 salutis,
1090 4323 1213 4403 perfecta
1222 4325 1252 4382 in
1263 4323 1456 4393 gubernatore
1471 4338 1502 4375 sa
1523 4321 1622 4376 ientra.
1631 4321 1748 4390 Puppis,

60 4397 255 4465 musoperide
268 4397 349 4466 cujus
356 4398 417 4468 jam
430 4414 489 4452 non
498 4399 626 4468 superest
639 4395 715 4466 quod
727 4395 882 4448 damnetur
932 4394 1011 4463 cujus
1022 4400 1159 4464 magister
1168 4394 1204 4448 ad
1214 4395 1282 4448 clari
1293 4395 1421 4465 regimen
1432 4339 1592 4448 intelicctus
1603 4392 1666 4446 dote
1677 4406 1749 4471 prce·

59 4467 235 4521 auctoribus.
251 4468 400 4523 ldulierum
421 4470 516 4523 turbas
530 4467 656 4522 asseritis
674 4465 792 4520 urbanis
806 4466 881 4519 colo·
891 4470 921 4543 Ι)
933 4467 1059 4544 paratur,
1076 4465 1182 4536 ubique
1199 4466 1363 4546 stationem⁸
1373 4465 1483 4544 ubique·
1491 4468 1605 4533 portum
1619 4461 1705 4516 babet
1719 4476 1749 4515 ιιι

61 4539 143 4593 ribus
156 4555 221 4593 cum
237 4540 355 4609 praefato
370 4541 407 4594 ad
423 4540 531 4610 judicia
551 4539 714 4594 convenisse
729 4541 757 4592 et
771 4536 819 4591 illa
832 4553 880 4590 re·
932 4534 1072 4589 fluctibns.
1086 4538 1169 4591 Certa
1184 4536 1379 4605 generalitatis
1394 4538 1529 4613 securitas
1543 4532 1659 4613 quando
1671 4546 1747 4613 rem·

62 4614 120 4663 stra
131 4609 288 4665 subtilitate
298 4611 545 4666 ostenditurscxns
555 4609 753 4683 quimajorem
763 4607 882 4662 antistiti
932 4606 1075 4677 publicam
1089 4606 1233 4661 nobilibus
1250 4607 1324 4677 regit
1342 4606 1449 4661 artibus
1463 4605 1619 4660 institutus.
1634 4603 1675 4658 Srt
1692 4618 1747 4657 rm-

62 4681 208 4736 debuisset
220 4681 366 4747 allectum;
381 4683 574 4750 profanissimi
585 4681 734 4735 hominum
744 4679 881 4750 scriptum
932 4677 1071 4748 peratoris
1084 4678 1175 4732 nostri
1190 4678 1260 4732 caclo
1274 4677 1367 4731 infusa
1383 4675 1555 4756 dispensatio
1566 4674 1677 4729 obviam
1686 4690 1748 4728 rna-

61 4752 174 4806 retineo
190 4770 196 4806 :
211 4753 294 4807 Aliud
309 4758 350 4807 est
369 4753 462 4808 dicere
485 4755 568 4820 male,
583 4753 661 4807 alind
684 4767 825 4806 accusare.
850 4751 883 4804 Et
933 4765 1002 4802 num
1018 4749 1131 4803 famosis
1146 4750 1175 4802 in
1190 4748 1314 4802 fallendo
1332 4747 1456 4818 ingeniis
1473 4746 1619 4801 exhibere.
1638 4744 1749 4826 Labore

61 4823 234 4894 prophetam
244 4825 348 4879 dixisse
360 4842 366 4878 :
379 4825 570 4893 Reprobantes
579 4825 698 4878 verbum
708 4821 841 4892 sperastis
851 4821 881 4875 in
933 4819 1008 4890 apud
1024 4836 1090 4874 cum
1102 4836 1159 4875 non
1174 4836 1245 4890 opus
1260 4825 1312 4884 est,
1324 4835 1411 4889 quem
1426 4818 1526 4873 sortita
1538 4822 1580 4872 est
1589 4817 1665 4873 nuda
1674 4833 1748 4872 verr-

60 4896 217 4959 calumnia,
232 4900 261 4950 et
285 4896 313 4950 in
335 4897 470 4959 tumultu,
486 4901 514 4951 et
531 4895 598 4950 estis
618 4895 647 4949 in
670 4911 714 4948 co.
729 4895 882 4972 Propterea
932 4895 975 4945 tas
994 4891 1182 4946 defensorem.
1206 4892 1321 4945 Cessent
1345 4890 1433 4960 impia
1455 4889 1650 4944 commentitia
1672 4888 1748 4959 apud

61 4967 116 5020 erit
129 4966 209 5020 vobis
224 4966 357 5037 iniquitas
374 4967 433 5020 hacc
456 4968 527 5021 sicut
548 4965 730 5035 interruptio,
745 4980 812 5033 quia
828 4980 880 5033 pro
932 4962 1011 5015 illum
1040 4962 1251 5042 simplicitatem
1274 4961 1372 5016 fraude
1394 4959 1677 5041 mentiriquidquid
1702 4959 1747 5023 sit,

62 5036 147 5092 nobis
163 5037 232 5092 dicit
244 5039 317 5092 Deris
330 5038 394 5105 (lsn.
411 5054 475 5103 xxx,
493 5042 535 5106 tr,
554 5038 607 5109 ta).
622 5039 674 5091 Eos
689 5036 739 5106 qui
751 5034 881 5104 Judicant
932 5034 1001 5087 dum
1010 5032 1152 5102 justitiam
1163 5033 1284 5098 noverit,
1294 5037 1492 5087 mostenetur.
1505 5032 1609 5086 thila
1631 5030 1670 5086 ud
1679 5046 1748 5110 proe·

60 5126 110 5164 ros
120 5108 268 5179 judicabo.
286 5112 319 5165 Et
331 5110 434 5164 iterum
446 5110 481 5164 ad
494 5126 588 5164 servos
606 5125 670 5162 suos
684 5107 769 5161 dicit:
786 5105 880 5159 Nolite
932 5104 1038 5159 dictum
1057 5105 1147 5158 tutirrs
1160 5104 1324 5161 innocentia
1341 5110 1397 5170 est3
1413 5105 1531 5160 lectione
1550 5049 1643 5158 valida
1658 5105 1749 5180 utitur

58 5179 768 5252 timereopprobriumhominum,etblasphemiam
778 5192 877 5231 eorum
931 5175 999 5247 quia
1012 5175 1137 5246 aequitati
1152 5193 1198 5230 res
1212 5180 1407 5246 congruenter
1420 5176 1556 5231 insinuat.
1571 5176 1639 5238 Qure
1654 5186 1747 5242 gravis

59 5269 96 5306 ne
111 5253 248 5307 metuatis
263 5254 370 5321 (uasti.
387 5270 413 5319 x,
430 5256 485 5319 26).
501 5255 623 5308 Rursum
637 5251 722 5306 etiam
735 5248 813 5303 vobis
826 5247 880 5302 cla·
932 5249 974 5300 est
992 5246 1161 5318 plerumque
1182 5247 1359 5319 principibus
1373 5248 1411 5302 im
1436 5246 1551 5318 ugnatio
1566 5243 1662 5298 minus
1674 5240 1745 5295 lide-

57 5329 119 5378 mat
133 5341 141 5377 ι
157 5324 287 5379 accedite
301 5325 357 5379 buc
371 5340 469 5379 semen
482 5324 615 5378 adulterii
628 5329 655 5378 et
670 5318 823 5384 fornicarii,
835 5336 879 5372 su·
931 5318 1001 5371 lium
1018 5318 1160 5373 blanditiis
1174 5335 1232 5374 non
1248 5319 1363 5391 ligatur.
1378 5265 1433 5375 Sei
1449 5320 1510 5374 brec
1525 5318 1581 5370 lleo
1594 5315 1748 5396 narrantur

56 5410 203 5467 perquem
212 5396 325 5462 lusistis,
334 5412 510 5466 superquem
521 5394 656 5449 dilatastis
670 5409 711 5459 os,
720 5397 748 5447 et
757 5389 879 5461 ejecistis
931 5389 1030 5444 melius
1042 5406 1059 5444 a
1072 5406 1129 5462 quo
1144 5391 1236 5463 frugis
1250 5391 1335 5463 buius
1348 5390 1446 5469 planta
1466 5385 1624 5468 descendit.
1704 5452 1710 5464 ·

54 5467 214 5538 linguam?
231 5467 361 5539 Nunquid
377 5483 435 5522 non
447 5483 497 5522 vos
511 5466 561 5521 lilii
575 5465 686 5521 scelesti
700 5463 766 5518 estis
779 5477 879 5517 semen
965 5461 1008 5516 dd
1028 5478 1077 5516 ros
1100 5478 1146 5517 me
1169 5463 1280 5518 reducit
1304 5462 1440 5534 propositi
1462 5474 1556 5529 operis
1575 5472 1634 5511 non
1652 5469 1747 5534 amica

53 5537 206 5594 mendax?
220 5540 282 5607 tiso.
298 5556 361 5606 uvir,
375 5539 441 5609 al.)
458 5538 526 5602 Quos
542 5537 645 5609 quibus
666 5534 804 5606 copulatis
826 5533 877 5588 ad·
930 5533 1066 5600 conditio,
1080 5550 1169 5605 quam
1190 5534 1357 5590 melioribus
1378 5533 1514 5611 hactenus
1535 5542 1659 5607 operam,
1670 5525 1748 5579 volui

53 5610 170 5667 vertite.
185 5610 288 5665 Nicetis
303 5610 333 5665 in
346 5610 419 5665 dicta
432 5626 517 5665 causa
532 5607 727 5664 defensoribus
739 5621 814 5677 papa
823 5603 879 5658 dis·
929 5606 1077 5675 pervagari
1108 5605 1298 5673 sermonibus,
1324 5604 1396 5683 dum
1419 5605 1561 5682 'captivam
1589 5602 1748 5653 orationem

52 5682 158 5748 cessit3
171 5680 225 5736 fori
240 5681 319 5735 robis
333 5682 361 5735 in
376 5682 509 5751 presenti
531 5680 648 5745 negotio
668 5682 695 5732 et
716 5678 877 5747 platearum
929 5675 1016 5746 exigit
1030 5676 1180 5747 imperiosa
1190 5675 1350 5732 necessitas.
1367 5674 1477 5727 llrxrstrs
1490 5687 1567 5725 emm
1579 5687 1585 5725 :
1597 5666 1746 5749 Quomodo

52 5753 257 5826 ‹piarumcstis
268 5753 422 5824 hypocritae
433 5753 563 5824 exempla
577 5752 783 5824 proponentes:
793 5747 877 5802 Nobis
930 5746 965 5802 de
979 5763 1013 5802 ea
1027 5749 1071 5802 vel
1089 5749 1223 5819 qualitate
1243 5747 1304 5817 ejus
1323 5743 1454 5817 primitus
1476 5741 1647 5809 tractabitis,
1660 5742 1753 5795 etiam
