3870 6150
59 270 111 326 rm
672 264 911 327 oacaaruruu
930 268 1123 326 conterno.
1693 272 1744 332 rra
1784 254 1787 261 '

136 425 242 495 lTlfbf
263 425 476 497 EPISTOLA
498 426 715 498 STEPHANI
737 424 868 497 PAPAE
891 423 948 493 DE
970 423 1343 498 ACCUSATIONIBUS
1368 427 1671 500 SACERDOTUM.

91 573 254 631 &maanus
276 580 380 632 sancte
403 576 565 648 apostolicae
591 581 619 633 et
643 577 806 634 universalis
824 578 876 632 lto
885 583 916 659 Α
926 578 1024 630 ceatur
1034 574 1160 631 ecclesia
1173 592 1261 648 usque
1274 577 1309 632 ad
1322 577 1493 650 condignam
1508 577 1740 636 satisfactionem

55 683 153 723 maure
175 669 305 725 Ecclesiae
332 670 497 743 episcopus,
521 671 653 728 omnibus
674 687 725 745 per
750 671 876 727 disemus
925 672 1108 725 Accusatores
1125 686 1191 726 vero
1208 673 1238 725 st
1255 670 1448 727 accusationes
1462 688 1533 745 quas
1552 672 1648 728 saculi
1661 673 1742 747 leges

55 762 219 833 provincius
233 764 395 819 constitutis
408 765 558 838 episcopis,
569 765 599 820 in
609 766 730 823 Domino
743 766 874 822 amulam.
925 779 984 818 uon
1001 763 1153 835 recipiunt,
1169 767 1198 821 et
1210 769 1400 821 antecessores
1415 766 1504 822 nostri
1520 767 1740 839 prohibuerunt,

91 856 255 912 Plurimum
270 858 428 930 gaudemus
443 860 473 914 in
488 860 618 929 Domino,
633 864 660 916 et
674 861 705 915 in
717 860 792 917 donc
807 876 874 932 gra·
926 860 955 912 et
968 873 1020 913 nos
1032 857 1240 914 submovemus.
1256 860 1355 915 Nullus
1368 859 1445 915 enim
1460 859 1623 932 alienigena
1636 866 1685 917 aut
1698 877 1743 918 ac·

56 950 203 1022 lieeipsius
210 951 377 1022 gloriamur,
384 954 463 1025 quod
471 953 639 1010 fidesvcstra
647 954 780 1027 perbona
788 970 876 1027 opera
925 955 1036 1007 cusator
1049 967 1148 1008 eorum
1166 953 1215 1008 fiat
1234 955 1284 1009 aut
1300 953 1398 1025 judex.
1414 952 1493 1009 Unde
1508 958 1537 1010 et
1552 953 1587 1010 de
1602 955 1655 1010 Lot
1670 955 1739 1012 scri·

56 1045 157 1099 crescit
171 1045 333 1116 magnifice,
345 1051 373 1102 et
385 1047 517 1103 dilatatur
525 1048 711 1120 amplissime.
723 1048 780 1106 Sed
789 1048 876 1104 nimis
923 1049 1006 1118 ptum
1021 1047 1081 1102 est:
1094 1067 1108 1096 κ
1123 1048 1268 1118 lngressus
1281 1064 1311 1103 es
1325 1051 1355 1103 ut
1370 1047 1489 1117 advena,
1503 1047 1636 1120 uunquid
1650 1052 1682 1104 ut
1691 1048 1741 1119 ju·

55 1137 216 1211 affligimur
225 1143 254 1194 et
266 1139 437 1196 tribulamur
446 1141 481 1198 de
491 1147 584 1198 vestra
596 1143 779 1216 oppressione
789 1158 876 1215 super
925 1139 1001 1195 dices
1020 1140 1121 1210 (Geras.
1142 1157 1199 1210 xix,
1218 1142 1263 1212 op
1279 1163 1293 1191 a
1307 1144 1460 1197 Accusator
1473 1145 1571 1197 autem
1583 1145 1742 1199 vestrorum

55 1249 113 1304 qua
129 1232 260 1289 crebrior
273 1236 500 1292 commeantium
516 1237 663 1309 usquead
684 1254 735 1293 nos
753 1237 874 1293 fratrum
924 1233 1020 1289 nullus
1041 1234 1077 1290 sit
1099 1223 1197 1289 servus
1219 1239 1269 1292 aut
1291 1235 1427 1306 libertus,
1453 1235 1588 1308 nullaque
1613 1239 1742 1308 suspectu

56 1342 150 1382 sermo
168 1328 299 1398 perlatus
313 1332 364 1383 est.
383 1329 446 1385 Nou
463 1334 630 1402 oportuerat
643 1330 758 1402 quidem
770 1331 805 1387 ab
819 1331 874 1386 illis
924 1343 1048 1400 persona
1058 1331 1107 1384 aut
1117 1327 1243 1384 infamis.
1254 1328 1441 1402 Repellantur
1450 1329 1536 1385 etiam
1546 1329 1743 1386 cohabitantes

56 1420 192 1491 aquibus
210 1421 372 1491 accentari,
393 1426 423 1478 et
440 1424 560 1495 portari,
574 1427 603 1479 et
616 1425 751 1481 honorari
767 1425 873 1481 debue-
924 1420 1047 1476 iuimicis
1059 1424 1088 1478 et
1101 1438 1200 1478 omues
1212 1422 1287 1490 laici,
1299 1423 1368 1496 quia
1380 1422 1595 1479 infestationem
1607 1424 1741 1496 blaspbe-

56 1514 133 1583 raus,
149 1515 240 1570 tantis
252 1531 301 1570 vos
315 1516 547 1588 oppressionibus
559 1519 681 1575 concuti.
696 1520 875 1592 Quapropter
924 1515 989 1571 miae
998 1516 1111 1572 effectio
1122 1516 1257 1572 amicitiae
1267 1516 1386 1573 incitare
1399 1518 1479 1573 solet.
1494 1518 1549 1574 Nec
1559 1517 1600 1573 illi
1609 1518 1640 1573 in
1649 1521 1742 1573 vestra

56 1606 252 1663 harenarium
268 1613 321 1679 est,
338 1614 369 1665 ut
384 1610 503 1666 remotis
518 1610 618 1667 talium
636 1612 875 1684 tergiversationi·
924 1614 991 1665 suut
1008 1610 1179 1681 suscipiendi
1199 1611 1388 1682 accusatione,
1404 1611 1453 1683 qui
1467 1627 1517 1666 vos
1532 1611 1563 1666 in
1576 1628 1627 1667 sua
1643 1612 1743 1667 volunt

56 1699 115 1769 bus,
132 1699 240 1773 quibus
254 1718 397 1759 venenosa
409 1704 517 1761 malitia
531 1706 663 1774 revelari,
680 1711 765 1779 atque
777 1706 874 1762 obscu·
924 1703 1050 1775 recipere
1063 1704 1260 1760 infamatione.
1275 1705 1374 1761 Nullus
1386 1704 1464 1761 enim
1481 1705 1639 1761 anathema
1652 1705 1740 1760 susci·

56 1795 110 1848 rari
123 1795 238 1851 bonitas
256 1798 284 1851 et
300 1797 403 1852 veritas
416 1799 498 1868 solet,
511 1799 718 1855 adminiculum
736 1816 793 1856 non
811 1817 873 1856 mo·
925 1797 1028 1869 piatur,
1044 1813 1097 1853 nco
1109 1813 1126 1853 a
1140 1814 1284 1870 quoquam
1297 1798 1529 1870 credanturque
1543 1798 1579 1854 ab
1592 1799 1632 1855 eis
1645 1799 1688 1855 vel
1701 1798 1742 1855 di-

57 1887 146 1944 dicum
166 1889 247 1945 vobis
266 1907 284 1945 a
300 1889 432 1947 fidelibus
450 1893 642 1963 impendatur,
663 1897 747 1966 atque
767 1894 803 1950 ab
820 1895 874 1950 hac
924 1893 1029 1946 cuntur
1040 1891 1084 1946 vel
1098 1891 1327 1948 conscribuntur.
1343 1893 1396 1947 Eos
1410 1908 1526 1965 quoquc
1541 1892 1603 1948 dioc
1620 1892 1739 1948 anathe-

56 1983 208 2053 apcstolioa
226 1984 292 2041 sede
309 1985 491 2058 suffragetur,
508 2003 580 2060 quos
598 2003 650 2059 per
667 1987 793 2043 divinam
812 1957 912 2060 ἔτει-Β
923 1984 1071 2041 matizatcs
1086 2001 1163 2056 esse,
1185 2001 1257 2058 quos
1275 1985 1401 2058 episcopi
1418 1984 1477 2041 suis
1495 1985 1607 2058 scriptis
1625 1986 1742 2041 anathe-
1846 1976 1848 1986 ⁴

55 2076 128 2131 tiam
144 2077 249 2133 Christi
264 2078 368 2134 auxilio
388 2079 510 2151 dignum
524 2083 567 2136 est
579 2081 717 2152 adjuvari,
732 2098 768 2137 ne
784 2081 814 2137 in
829 2086 872 2138 to·
923 2077 1138 2148 matizaverunt,
1165 2081 1216 2134 aut
1236 2094 1337 2134 comm
1362 2082 1467 2135 statuta
1489 2078 1740 2136 anathematizant.

54 2170 112 2224 tius
132 2171 264 2227 &clais
284 2173 530 2245 perturbationem
549 2175 717 2247 imprudens
736 2176 874 2249 procedat
923 2174 976 2228 Per
992 2172 1096 2244 scripta
1114 2172 1192 2228 enim
1209 2172 1315 2228 nullius
1334 2172 1475 2230 accusatio
1493 2162 1673 2244 suscipiatur,
1689 2172 1740 2227 sed
1856 2182 1859 2189 '

54 2263 187 2332 intentio,
206 2270 237 2321 et
255 2282 288 2321 ea
304 2282 369 2338 quae
386 2284 403 2322 a
422 2268 526 2323 sanctis
544 2269 803 2340 praedecessoribus
821 2286 871 2325 no·
924 2266 1038 2338 propria
1048 2282 1125 2334 roco,
1136 2265 1159 2321 si
1169 2266 1297 2337 legitima
1307 2271 1336 2322 et
1347 2266 1491 2338 condigna
1501 2265 1669 2323 accusatoris
1678 2282 1741 2337 per-

55 2357 124 2425 stris,
134 2363 166 2413 et
175 2358 295 2431 reliquis
305 2360 410 2415 sanctis
420 2361 550 2417 Patribus
562 2362 671 2418 dudum
684 2363 800 2419 fuerant
809 2380 873 2435 pro·
922 2375 995 2415 sona
1019 2360 1114 2428 fucrit,
1136 2364 1277 2433 praesente
1298 2359 1430 2416 videlicet
1450 2377 1484 2417 eo
1507 2376 1593 2433 quem
1612 2375 1742 2416 accusare

55 2451 149 2518 hibita,
166 2452 266 2508 denuc
279 2453 456 2510 reviviscant.
475 2455 543 2510 Loci
558 2472 684 2528 namque
698 2457 787 2512 nostri
802 2473 872 2512 con·
923 2453 1076 2524 desiderat,
1100 2454 1166 2526 quia
1185 2455 1281 2510 nullus
1302 2454 1404 2510 absens
1429 2459 1479 2522 aut
1498 2453 1624 2510 accusari
1649 2457 1743 2525 potest

55 2544 225 2601 sideraticne
233 2548 432 2619 compellimur
439 2563 473 2604 ea
481 2564 546 2621 quae
555 2549 590 2604 ad
601 2549 732 2605 notithm
743 2553 872 2606 nostram
923 2552 974 2602 aut
983 2563 1126 2604 accusare.
1137 2546 1235 2603 Nullus
1247 2551 1346 2603 tumen
1360 2547 1471 2619 praefati
1485 2546 1594 2604 ordinis
1605 2547 1648 2602 vir
1661 2564 1742 2603 accu-

55 2639 237 2694 emendanda
248 2645 450 2711 pervenerunt,
465 2647 582 2714 propter
591 2643 745 2699 bominum
759 2644 873 2699 nonde
923 2641 978 2696 sari
990 2643 1154 2712 potestant
1166 2641 1338 2713 respondere
1351 2642 1408 2696 suis
1421 2640 1632 2696 accusatoribus
1645 2640 1739 2707 debet,

55 2732 227 2804 relinquere,
245 2733 297 2788 sed
311 2734 399 2806 digna
413 2735 615 2792 emendatione
631 2737 786 2810 corrigere.
801 2739 835 2792 Et
849 2737 872 2794 si
922 2734 1090 2808 priusquam
1103 2735 1276 2807 regulariter
1288 2752 1306 2791 a
1318 2752 1368 2790 suo
1381 2735 1502 2808 primate
1515 2737 1631 2791 vocatus
1642 2735 1689 2804 sit,
1701 2736 1742 2790 lo-

55 2825 238 2882 sacularibus
251 2825 352 2882 officiis
365 2828 436 2884 urdo
450 2846 517 2885 suus
529 2834 558 2886 et
569 2829 672 2886 tradita
685 2847 701 2884 a
714 2831 872 2902 majoribus
922 2844 1043 2901 cumque
1049 2829 1221 2886 defendendi
1227 2832 1255 2885 et
1261 2828 1553 2903 inquirendiaccipiat
1559 2827 1741 2885 adablueuda

56 2919 205 2992 disciplina
219 2921 357 2977 servanda
373 2925 424 2990 est,
441 2923 504 2995 quis
519 2924 592 2980 ferat
606 2923 810 2981 ecclesiasticos
824 2940 870 2980 or·
922 2922 1052 2978 crimina.

56 3013 130 3070 diues
142 3014 302 3070 temeraria
316 3016 539 3088 presumptione
554 3017 701 3087 confundi,
715 3018 811 3074 audita
826 3034 873 3075 ue
957 3016 1033 3072 Nulli
1042 3016 1121 3072 enim
1131 3017 1346 3090 metropolitani
1354 3015 1458 3073 autulii
1464 3014 1740 3091 episcopiappellun-

57 3108 173 3180 gligere,
189 3111 220 3163 et
236 3108 415 3164 emendanda
434 3126 493 3166 uon
514 3127 601 3183 opem
617 3111 735 3168 ferendo
753 3116 870 3184 postpc-
921 3112 969 3165 tur
981 3109 1130 3182 primates,
1149 3110 1203 3166 nisi
1221 3111 1271 3184 qui
1288 3111 1394 3183 primas
1410 3111 1491 3168 sedes
1504 3114 1613 3179 tenem,
1629 3111 1659 3165 ct
1672 3126 1739 3182 quo

56 3202 138 3257 neret
156 3199 330 3256 Audivimus
347 3203 425 3258 enim
446 3219 495 3259 vos
518 3220 536 3257 a
554 3203 726 3276 quibusdam
747 3205 872 3262 accusmi
921 3220 986 3260 rum
1009 3204 1136 3261 civitates
1159 3204 1271 3277 antiqui
1300 3204 1436 3277 primates
1467 3220 1528 3261 esse
1555 3208 1739 3260 censuerunt.

56 3309 107 3350 non
122 3298 185 3350 tam
202 3311 257 3366 pro
272 3298 366 3351 vestra
378 3297 470 3369 culpa,
488 3313 577 3369 quam
589 3314 641 3369 pro
655 3314 754 3354 eorum
769 3298 868 3369 libitu;
921 3298 1033 3370 Reliqui
1054 3314 1121 3355 vero
1143 3299 1191 3372 qui
1216 3301 1331 3355 crateras
1354 3299 1587 3370 metropolitanas
1612 3297 1738 3354 civitates

56 3393 83 3442 ut
95 3392 194 3444 vestra
206 3405 309 3461 rapere
322 3390 440 3462 possint,
456 3394 485 3446 et
496 3391 562 3447 ideo
579 3407 629 3448 vos
644 3392 728 3447 nimis
741 3392 829 3464 afiligi
843 3398 871 3449 et
920 3391 1015 3464 adepti
1037 3394 1113 3461 sunt,
1133 3410 1191 3448 nou
1214 3393 1361 3465 primates,
1384 3393 1434 3449 sed
1454 3396 1504 3448 aut
1519 3390 1735 3465 archiepiscopi,

56 3482 164 3537 concuti
177 3481 337 3550 intantum,
350 3485 384 3537 ut
397 3483 481 3539 etiam
495 3502 513 3538 a
526 3484 641 3540 sedibus
655 3485 775 3558 propriis
785 3486 871 3557 pella·
921 3491 969 3541 cut
982 3486 1195 3558 metropolitani
1208 3489 1355 3543 vocentur.
1368 3487 1456 3542 Urbes
1470 3485 1547 3541 enim
1561 3488 1590 3541 et
1601 3486 1665 3541 loca
1680 3483 1740 3557 qui·

56 3575 134 3643 niuiJ
145 3579 178 3630 et
187 3574 241 3631 teli
251 3576 397 3632 occasione
411 3577 540 3633 Ecclesiae
554 3577 759 3650 facultatesque
769 3585 871 3634 restrae
920 3578 973 3633 bus
986 3579 1125 3650 primates
1139 3579 1293 3651 presidere
1308 3579 1423 3649 debent,
1437 3580 1496 3636 non
1515 3578 1673 3649 modernis,
1689 3578 1740 3634 sed

56 3673 197 3725 vastentur
224 3685 256 3724 ac
283 3669 494 3742 depraedentur.
525 3673 589 3740 lsta,
617 3671 784 3742 charissimi,
813 3689 870 3728 non
921 3672 1006 3728 etiam
1029 3673 1127 3728 multis
1147 3677 1213 3728 ante
1237 3673 1393 3728 adventum
1414 3673 1517 3728 Christi
1541 3677 1608 3729 sunt
1629 3675 1740 3728 saluta

57 3762 246 3833 apostotilam,
256 3779 308 3818 nec
322 3764 417 3820 denuo
428 3764 569 3838 replicari.
580 3767 690 3821 Tamen
702 3783 817 3823 necesse
829 3771 872 3822 est
920 3765 1108 3839 temporibus,
1128 3782 1252 3838 quanun
1274 3766 1412 3837 primates
1434 3766 1520 3822 etiam
1543 3766 1662 3838 gentiles
1686 3782 1739 3837 pro

59 3871 112 3926 qua
131 3857 219 3912 toties
241 3863 424 3930 usurpantur,
443 3859 547 3930 sapius
566 3859 742 3932 replicentur
756 3862 785 3915 et
803 3876 870 3933 pro·
919 3860 1074 3932 majoribus
1088 3860 1177 3915 etiam
1190 3853 1316 3932 ‘negotiis
1335 3859 1523 3931 appellabant.
1540 3861 1570 3914 ln
1589 3858 1657 3930 ipsis
1670 3874 1739 3915 vero

58 3948 215 4006 bibcantur.
238 3951 464 4024 Numquidquid
482 3953 512 4007 in
534 3953 650 4009 sacratis
669 3955 724 4010 beo
743 3954 828 4010 rebus
843 3958 872 4011 ct
920 3953 1039 4008 urbibus
1051 3957 1114 4026 post
1130 3953 1233 4008 Christi
1247 3953 1401 4009 adventum
1416 3952 1537 4025 apostoli
1553 3959 1581 4009 et
1594 3968 1737 4008 successo·

59 4044 191 4116 episcopis
208 4045 314 4117 injuste
333 4045 427 4116 agitur
444 4062 496 4117 pro
515 4045 665 4119 sacrilegio
680 4048 869 4119 reputabitur,
921 4063 965 4103 res
981 4062 1082 4103 eorum
1100 4046 1277 4119 patriarchas
1294 4046 1338 4103 vel
1358 4045 1495 4120 primates
1514 4049 1681 4118 posuerunt.
1697 4046 1741 4101 Ad

58 4138 114 4207 quia
128 4153 213 4193 sacra
231 4141 307 4207 sunt,
325 4142 354 4193 et
367 4138 468 4193 violari
486 4155 503 4194 a
517 4156 662 4212 quoquam
677 4157 735 4196 non
755 4141 869 4198 debent.
922 4158 991 4213 quos
1002 4140 1203 4213 episcoporum
1215 4140 1341 4212 negotia,
1352 4141 1427 4196 salva
1439 4140 1468 4196 in
1482 4140 1616 4197 omnibus
1629 4143 1741 4211 aposto·

83 4231 186 4287 Nullus
201 4232 282 4286 euim
296 4232 507 4305 episcopcrum,
523 4233 593 4289 dum
610 4234 669 4288 suis
686 4235 774 4290 fuerit
785 4236 872 4290 rebus
919 4235 973 4290 lica
986 4234 1165 4302 auctoritate,
1183 4238 1212 4290 et
1231 4236 1356 4306 majores
1371 4251 1462 4290 causae
1479 4237 1543 4306 post
1557 4235 1740 4306 apostolicam

57 4325 233 4396 exspoliatus,
252 4329 301 4380 aut
319 4342 336 4379 a
357 4325 424 4382 sede
445 4327 563 4399 propria
582 4328 709 4399 qualibet
725 4329 871 4385 occasione
920 4330 1017 4385 sedem
1028 4333 1095 4384 suut
1104 4328 1273 4385 referendae.
1285 4330 1318 4384 Et
1328 4329 1404 4399 licet,
1415 4330 1549 4401 Apostolo
1559 4328 1739 4401 prohibente,

57 4419 158 4488 pulsus,
175 4417 263 4475 debet
273 4419 411 4486 accusari,
423 4423 473 4475 aut
487 4437 504 4476 a
517 4437 665 4493 qucquam
677 4422 703 4476 ei
716 4425 810 4493 potest
820 4423 872 4477 cri·
921 4421 1178 4478 interChristianos
1190 4438 1250 4478 uon
1264 4422 1387 4479 debeant
1398 4423 1594 4479 accusationes
1604 4421 1739 4490 exerceri,

56 4525 115 4567 meu
129 4511 228 4584 objici,
244 4511 413 4585 priusquam
432 4513 620 4586 integerrime
642 4518 827 4586 restauretur,
844 4519 873 4571 et
921 4515 971 4570 scd
986 4516 1008 4572 si
1021 4515 1169 4588 prohiberi
1182 4532 1241 4572 uon
1254 4521 1418 4588 potueruut,
1430 4516 1625 4573 accusationes
1634 4514 1739 4587 cpisco·
1836 4536 1840 4541 ’

57 4605 148 4660 omniu
163 4621 230 4678 quae
246 4605 287 4660 illi
300 4605 395 4662 ablata
413 4623 586 4680 quocunque
607 4608 725 4680 ingenio
747 4609 870 4676 fuerant,
920 4608 1068 4680 porumad
1079 4611 1256 4664 memoratos
1266 4609 1403 4681 primates
1413 4608 1563 4665 debentab
1573 4608 1740 4665 accusatori·

57 4696 161 4770 legibus
175 4698 422 4772 redintegrentur,
437 4706 465 4757 et
478 4701 539 4773 ipsc
553 4703 678 4774 propria
693 4704 754 4759 sedi
769 4707 798 4760 et
812 4704 870 4776 pri-
880 4701 911 4777 Ι)
921 4701 974 4757 bus
983 4702 1097 4757 deferri.
1106 4703 1282 4759 Studendum
1292 4706 1436 4759 esttamen
1450 4703 1601 4775 episcopis,
1616 4707 1646 4759 ut
1657 4702 1738 4759 dissi·

57 4792 124 4848 uno
139 4793 230 4848 statui
242 4793 415 4866 regulariter
428 4795 575 4864 reddatur,
591 4795 631 4851 ita
643 4801 676 4851 ut
690 4814 791 4853 omnes
805 4815 869 4870 pos·
921 4796 1020 4852 dentes
1036 4797 1138 4852 hahes
1153 4797 1246 4867 magis
1264 4796 1299 4852 ad
1320 4813 1420 4870 parem
1440 4814 1526 4869 quam
1546 4798 1583 4852 ad
1597 4796 1740 4870 judicium

57 4887 201 4954 usiones,
221 4890 250 4941 et
271 4890 373 4943 cuncta
391 4888 444 4944 sibi
463 4889 568 4960 injuste
582 4889 687 4958 ablata,
707 4895 792 4963 atque
809 4892 870 4946 fru-
920 4889 1272 4962 coerceantur.Episcopus
1282 4893 1379 4945 autem
1389 4889 1472 4946 aliter
1482 4907 1542 4947 non
1554 4890 1638 4948 debet
1647 4890 1740 4947 audiri

57 4982 111 5034 ctus
120 4968 228 5036 omues
241 4962 312 5037 ente
326 4986 448 5055 coeptam
467 4982 677 5039 accusationem
692 4983 829 5056 primates
843 4989 871 5041 et
920 4987 970 5039 aut
980 4983 1113 5057 judicari,
1131 4983 1185 5039 nisi
1199 4983 1229 5038 iu
1244 4985 1397 5056 praeseutia
1411 4985 1540 5041 omnium
1560 4984 1737 5057 comprovin-

58 5073 178 5141 modus
192 5073 325 5147 episcopo
339 5075 374 5131 de
388 5092 445 5148 quo
460 5075 556 5147 agitur
568 5076 696 5132 funditus
708 5078 870 5146 restituant,
921 5077 1046 5147 cialium,
1058 5082 1087 5133 et
1099 5078 1134 5133 ab
1150 5077 1283 5133 omnibus
1294 5078 1579 5150 comprovincialibus
1589 5079 1738 5151 episcopis,

58 5167 188 5235 quiahoc
203 5183 262 5223 nou
275 5170 369 5225 solum
384 5170 592 5240 ecclesiash'cae,
607 5171 658 5226 sed
672 5171 758 5226 etium
776 5172 871 5228 saeculi
921 5171 988 5243 quia
1005 5171 1073 5243 ipsis
1093 5171 1266 5240 absentibus,
1286 5188 1338 5228 nec
1362 5171 1458 5242 debet,
1476 5190 1529 5229 nec
1547 5176 1650 5246 potest.
1670 5171 1739 5237 Quae

57 5256 126 5331 leges
139 5260 205 5317 fieri
222 5262 387 5334 prohibent.
403 5265 500 5336 Neque
514 5264 616 5337 uliquis
635 5281 734 5321 eorum
750 5268 799 5321 aut
818 5268 869 5323 Ec·
920 5280 988 5320 vero
1010 5281 1140 5337 personae
1162 5265 1199 5320 ad
1221 5265 1430 5322 accumtionem
1455 5283 1554 5322 eorum
1587 5281 1646 5320 uon
1672 5267 1738 5318 suut

57 5352 201 5410 etesiarum
214 5359 343 5412 actorum
356 5359 400 5413 vel
415 5345 598 5414 defensorum
613 5358 650 5414 ad
669 5359 779 5432 aliquos
792 5358 871 5432 prius
921 5358 1116 5428 admittenda,
1140 5363 1169 5414 et
1187 5358 1318 5431 superius
1338 5376 1372 5414 er
1399 5365 1479 5432 parte
1500 5360 1608 5416 dictum
1631 5360 1683 5423 est,
1709 5360 1738 5411 et

57 5447 177 5504 amari
196 5447 283 5506 debet
297 5466 385 5523 quam
404 5450 459 5523 ipsi
476 5451 641 5508 charitative
655 5451 708 5520 bis,
725 5456 754 5508 et
770 5457 817 5508 ter
835 5453 870 5509 ab
919 5451 1003 5508 latius
1013 5456 1075 5508 tam
1089 5451 1119 5508 hi
1137 5469 1222 5524 quam
1237 5457 1266 5508 et
1280 5452 1402 5509 infames
1417 5470 1557 5526 personae,
1574 5451 1605 5506 in
1620 5449 1738 5523 epistola

57 5540 91 5595 cis
103 5542 153 5614 qui
170 5558 203 5598 se
216 5544 300 5600 loesos
315 5543 469 5616 estimant,
485 5546 529 5601 vel
545 5561 592 5602 eos
606 5563 658 5618 pro
673 5545 815 5619 aliquibus
828 5562 872 5602 er·
920 5545 1124 5619 quamdudum
1135 5545 1239 5602 hilario
1250 5546 1389 5617 misimus,
1401 5547 1682 5603 suntadnumerate.
1694 5543 1738 5598 lll-

57 5634 159 5693 nubes
166 5637 312 5710 corripere
319 5638 448 5712 cupiunt,
459 5640 674 5708 conveniantur,
685 5644 718 5695 ut
727 5639 812 5697 abeis
822 5644 871 5697 aut
919 5643 965 5697 tra
974 5638 1201 5713 provineiaevero
1210 5640 1349 5696 terminos
1359 5640 1508 5697 accusandi
1520 5636 1664 5695 licentiam
1678 5653 1737 5694 non

58 5727 224 5788 familiarem
230 5731 289 5806 41
296 5733 704 5806 emendationem,autjustum
709 5734 872 5807 percipiant
920 5733 1130 5808 progrediatur,
1141 5735 1191 5791 sed
1209 5733 1302 5790 omnis
1315 5732 1457 5791 accusatio
1472 5732 1551 5791 intra
1562 5731 1751 5807 productam

57 5825 369 5895 excusationemouod
379 5827 430 5902 qui
437 5828 662 5902 presumpserit,
672 5827 817 5887 liminibus
825 5845 869 5888 ar·
919 5828 1064 5904 audiatur,
1085 5835 1115 5892 et
1137 5849 1154 5889 a
1174 5828 1472 5908 comprovincialibus
1491 5828 1692 5898 terminetur,
1708 5821 1775 5881 dia
