3870 6150
639 268 874 327 nauuatatlult
893 270 1086 327 cunetatio.
1650 276 1701 330 raa

103 378 196 437 aaut.
210 377 335 449 rv1,t6);
351 398 367 428 ιι
383 378 438 433 hoc
455 382 507 446 est,
525 379 565 433 Τιι
576 379 626 450 qui
635 395 665 434 es
678 394 746 434 vere
759 379 835 435 lilius
843 392 873 466 Α
884 379 962 434 nubs
973 379 1104 451 patimini
1116 385 1196 451 parte
1209 380 1363 453 eorrumpi.
1375 382 1437 436 Nou
1448 379 1534 436 dubie
1543 378 1621 436 enim
1628 381 1702 438 aaut

103 471 155 540 nis,
175 472 252 529 idem
268 488 335 528 rere
350 488 382 527 es
394 471 480 528 Filius
492 472 543 529 Dei
556 473 622 529 vivi.
636 474 687 543 Tu,
702 473 832 546 inquam,
883 472 960 528 vobis
976 471 1098 545 Spiritus
1111 476 1224 528 sanetus
1242 474 1377 530 reserauit
1395 473 1616 531 llanicbaeorum
1628 492 1699 532 con·

118 566 152 622 in
168 567 284 636 deitate,
307 582 392 622 verns
407 566 438 622 in
456 582 552 637 carne,
575 571 603 621 et
616 567 691 622 salva
710 567 833 639 geminae
882 566 1056 623 foederantur
1069 567 1168 636 errori,
1179 568 1228 639 qui
1241 568 1277 622 ab
1288 568 1438 640 unigenito
1445 568 1495 625 Dei
1506 569 1587 639 Filio,
1597 586 1699 626 verum

103 661 192 716 ietate
199 664 320 728 natura,
328 664 482 732 utrumque
488 677 572 716 unus.
578 660 659 725 Quod
665 661 833 732 siEutyches
882 664 910 715 et
922 663 1028 716 nostrae
1043 665 1154 715 nature
1169 660 1317 717 hominem
1331 668 1510 734 negantesse
1523 668 1698 737 susceptum,

103 754 215 828 igenter
235 770 267 810 ac
287 754 423 810 vivaciter
443 753 584 825 crederet,
600 770 782 828 nequaquam
796 754 832 810 ab
882 770 1037 827 omnesque
1050 755 1110 825 ejus
1120 770 1271 825 corporeus
1282 756 1407 812 actiones
1416 756 1587 813 simulatorii
1599 758 1701 815 volarit

106 848 175 905 tldei
182 848 443 916 tramitedeviaret‚
454 853 668 921 propterquam
681 848 833 921 eirespon·
881 848 968 903 fuisse
979 847 1196 920 phantasmatis.
1210 849 1261 905 Cui
1273 849 1413 921 impietati
1425 866 1461 906 ne
1472 850 1502 906 iu
1515 850 1610 924 aliquo
1624 869 1696 925 prae-

106 959 126 998 s
137 943 260 998 Domino
275 960 282 998 :
299 963 314 994 ι
331 943 433 997 Beatus
446 959 476 997 es
491 941 590 998 Simon
606 943 751 1013 Bariana,
766 943 833 1015 quia
881 941 983 997 beretis
991 958 1149 1010 assensum,
1156 943 1217 1014 jam
1227 943 1379 1014 perfilium
1387 960 1485 1000 meum
1494 945 1696 1016 Epiphaniam,

103 1039 130 1092 st
144 1036 262 1108 sanguis
281 1052 339 1093 uon
359 1036 493 1092 revelavit
507 1036 569 1105 tibi,
585 1037 634 1092 sed
650 1037 733 1093 Pater
748 1053 832 1093 meus
881 1039 910 1091 et
928 1035 1092 1108 Dionysium
1115 1037 1253 1093 ltomanre
1277 1037 1407 1092 Ecclesia
1428 1038 1553 1094 notarios
1567 1039 1696 1095 cohorta-

103 1133 133 1186 st
152 1130 182 1186 in
201 1131 288 1186 cetis.
305 1152 319 1180 »
335 1132 368 1185 Et
384 1147 439 1203 ego
458 1131 521 1187 dieo
541 1130 592 1186 tibi
610 1148 617 1186 :
640 1152 654 1182 ι
666 1131 738 1196 Quia
755 1134 787 1187 tu
800 1148 831 1186 es
881 1129 952 1185 turia
961 1129 998 1185 ad
1010 1130 1193 1186 dilectionem
1204 1134 1328 1186 vestram
1343 1133 1450 1204 scripta
1460 1131 1627 1200 direximus,
1637 1134 1699 1205 qui-

103 1241 127 1294 s,
152 1230 182 1281 et
193 1240 278 1296 super
293 1225 368 1280 hanc
383 1228 494 1296 petrem
514 1223 661 1280 aeditleabo
678 1225 830 1281 Ecclesiam
880 1222 1697 1298 busoonssrmationemquamexpetisusultroprebuimus,

103 1335 122 1387 ι,
141 1322 171 1373 et
191 1323 283 1390 porta
303 1318 387 1373 inferi
404 1335 463 1375 non
481 1319 677 1390 prevalebunt
697 1319 831 1375 adversus
880 1319 912 1371 ut
924 1332 978 1372 nos
989 1321 1141 1390 paternam
1156 1318 1233 1373 robis
1248 1335 1346 1373 euram
1361 1335 1421 1374 non
1434 1320 1570 1376 dubitetis
1587 1320 1698 1392 impen-

103 1412 267 1481 notmxvr,
286 1412 428 1481 t7,18).s
449 1412 540 1467 Nimis
556 1417 830 1485 autemacompage
881 1408 958 1478 dere,
984 1426 1017 1465 sc
1043 1411 1138 1467 modia
1164 1411 1298 1468 omnibus
1321 1412 1462 1479 laborare,
1487 1418 1527 1481 ιιι,
1543 1414 1697 1470 auxiliante

111 1505 310 1562 aedificationis
321 1505 431 1562 alienus
447 1511 499 1576 est,
518 1506 569 1577 qui
579 1506 657 1561 beati
670 1506 747 1561 Petri
758 1522 829 1563 con·
879 1503 1074 1559 misericordia
1099 1505 1160 1575 ltei,
1189 1505 1288 1560 omnia
1313 1522 1378 1578 quae
1401 1506 1437 1561 ab
1458 1506 1600 1580 imperitis
1615 1511 1642 1563 et
1661 1508 1697 1564 ab

103 1615 167 1657 nem
184 1616 240 1655 non
256 1600 340 1671 capit,
358 1603 387 1655 et
401 1599 507 1656 Christi
521 1600 673 1671 Evangelio
688 1600 830 1656 contradi·
878 1596 1079 1669 insipientibus
1111 1598 1229 1654 excitata
1263 1603 1330 1653 sunt
1372 1600 1506 1656 scaudala
1545 1601 1697 1657 destruan-

103 1693 237 1750 stendeus
258 1709 289 1748 se
303 1694 415 1748 nullum
427 1709 557 1764 unquam
578 1693 704 1749 studium
721 1709 828 1765 cogno·
878 1693 935 1746 tur.
949 1691 1004 1746 Nec
1018 1692 1170 1764 quisquam
1183 1692 1236 1748 sibi
1248 1693 1353 1748 audeat
1366 1692 1401 1748 de
1412 1693 1576 1749 sacerdotali
1587 1695 1697 1751 honore

103 1804 127 1844 n
140 1787 421 1857 venutishebuisse,
437 1787 616 1859 etsuperiluo
631 1766 866 1843 honorabilemB
879 1783 1003 1839 blandiri
1026 1785 1076 1856 qui
1100 1785 1226 1856 potuerit
1257 1786 1285 1841 in
1314 1787 1478 1842 exsecrandi
1511 1804 1609 1843 sensus
1642 1790 1696 1844 im-

103 1882 170 1954 :qui
185 1882 264 1936 nulla
278 1880 446 1936 auctoritate
459 1879 553 1936 cordis
570 1881 681 1937 ornavit
695 1880 829 1937 canitiem
879 1877 986 1948 pietate
1000 1879 1140 1935 convinci.
1155 1881 1226 1934 Nam
1243 1880 1267 1934 si
1283 1880 1325 1934 vis
1343 1880 1372 1934 in
1390 1880 1469 1935 luicis
1486 1881 1639 1937 tolerabilis
1654 1883 1696 1937 vi·

103 1974 176 2031 hstis.
190 1977 296 2031 Verum
312 1975 381 2047 quia
393 1975 478 2031 etiam
495 1973 596 2031 talium
610 1991 668 2031 non
682 1976 828 2048 estnegli-
879 1970 964 2026 detur
981 1971 1100 2041 inscitia,
1117 1978 1225 2045 quanto
1241 1973 1333 2045 magis
1342 1974 1372 2030 in
1382 1974 1423 2030 eis
1433 1974 1482 2046 qui
1492 1981 1696 2046 praesunt3nec

103 2085 200 2140 scura,
214 2069 305 2141 pieac
318 2069 449 2142 religiose
463 2068 718 2126 christianissimus
739 2070 828 2141 impe·
879 2065 1061 2122 excusatione
1090 2071 1134 2122 est
1160 2065 1258 2139 digna,
1286 2084 1338 2123 nec
1366 2068 1460 2135 venia,
1485 2068 1611 2124 maxime
1631 2086 1696 2127 oum

112 2163 216 2219 babere
241 2162 332 2218 voluit
354 2163 516 2235 episcopale
533 2163 696 2231 concilium,
718 2167 750 2218 ut
767 2165 827 2235 ple·
878 2157 965 2215 etiam
979 2160 1134 2216 defendere
1144 2176 1341 2233 perversarum
1356 2162 1523 2233 opinionum
1533 2168 1697 2220 commenta

114 2256 226 2329 jndicio
250 2256 342 2311 omnis
368 2255 458 2328 possit
484 2271 564 2311 error
586 2256 705 2327 aboleri,
725 2257 827 2312 fratres
877 2257 1067 2326 praesumunt,
1085 2258 1114 2309 et
1126 2255 1155 2310 in
1171 2271 1341 2311 consensum
1354 2272 1450 2323 suum,
1467 2259 1518 2312 aut
1528 2273 1636 2326 errore,
1648 2263 1698 2314 aut

103 2366 135 2421 rs,
157 2351 302 2407 lulianum
319 2350 495 2422 episcopum,
517 2350 657 2406 Renatum
677 2351 825 2423 presbyte·
878 2348 972 2419 gratia
992 2347 1163 2405 insanabiles
1186 2365 1316 2422 quosque
1332 2350 1497 2406 traducunt.
1523 2350 1697 2423 Separentur

103 2446 130 2500 at
143 2443 237 2499 tilium
248 2446 378 2499 nostrum
390 2443 528 2499 Hilarium
542 2443 700 2511 diaconem,
719 2448 827 2500 etcum
877 2441 1042 2513 hnjusmodi
1051 2458 1068 2496 a
1077 2441 1183 2498 sanatis
1192 2443 1462 2516 membriscorporis
1472 2444 1586 2515 Christi,
1601 2462 1695 2517 neque

103 2537 228 2594 ulcitium
244 2537 388 2593 notarium
406 2538 536 2609 probata
558 2538 641 2593 nobis
662 2537 729 2593 fidei
750 2538 825 2608 misi,
877 2534 931 2589 sibi
944 2535 1082 2591 catholice
1092 2535 1210 2592 libertas
1222 2536 1495 2609 infideliumjugum
1508 2538 1695 2610 patiaturim-

103 2631 142 2687 ice
161 2648 223 2687 mea
243 2636 339 2686 sancto
359 2630 510 2687 conventui
526 2634 627 2687 vestrae
643 2631 827 2688 fraternitatis
877 2628 954 2699 poni.
968 2629 1052 2685 Extra
1065 2629 1144 2684 anun
1156 2629 1265 2685 donum
1280 2630 1386 2686 divinae
1402 2631 1502 2702 gratiae
1517 2635 1637 2688 etextra
1649 2650 1694 2688 sa·

103 2724 152 2795 int,
166 2728 196 2779 et
208 2725 355 2781 communi
370 2725 513 2780 vobiscum
526 2725 680 2793 sententia,
694 2742 759 2798 quae
774 2726 826 2781 llo
877 2725 1057 2778 uramentum
1084 2722 1212 2779 habendi
1241 2729 1307 2779 sunt
1326 2724 1424 2779 salutis
1448 2724 1598 2795 humanm,
1626 2727 1694 2798 qui,

103 2820 158 2876 sint
171 2819 321 2893 placitura,
334 2819 517 2875 constituant.
530 2821 637 2876 ilocest
651 2825 682 2875 ut
693 2818 826 2893 primitus
875 2818 1016 2888 negantes
1030 2818 1161 2871 naturam
1172 2821 1278 2873 nostrae
1288 2819 1381 2873 curnis
1393 2818 1423 2873 in
1432 2818 1553 2887 Christo,
1567 2822 1597 2875 et
1606 2820 1696 2875 Evan-

103 2929 146 2968 sro
161 2929 257 2968 errore
273 2913 419 2980 damnato,
439 2911 526 2967 etiam
546 2912 582 2969 de
598 2912 687 2984 ipsius
707 2913 756 2985 qui
774 2913 826 2968 im·
876 2909 952 2981 gello
965 2910 1175 2979 contradicunt,
1189 2916 1218 2967 et
1227 2911 1356 2983 symbolo
1364 2913 1550 2981 reluctantur,
1562 2929 1617 2969 nec
1630 2929 1695 2970 sen·

103 3011 166 3063 nter
187 3007 300 3075 erravit,
316 3007 496 3063 restitutione
514 3010 673 3062 tractetur:
692 3007 716 3062 si
728 3011 825 3062 tamen
876 3003 951 3060 tiunt
961 3020 992 3058 se
1007 3003 1037 3059 in
1054 3005 1108 3059 hoc
1126 3009 1304 3076 praeruptum
1316 3021 1368 3060 sua
1379 3005 1567 3062 obcaecatione
1584 3006 1694 3077 deduci,

103 3117 169 3157 nam
194 3101 320 3156 veritatis
352 3102 526 3171 amplectens
552 3117 652 3155 sensus
680 3101 825 3157 hereticos
834 3140 862 3215 C
875 3103 908 3153 ut
919 3113 972 3152 uec
990 3097 1020 3152 in
1039 3097 1179 3169 passionis
1192 3098 1361 3169 Dominicis,
1375 3116 1427 3154 nee
1439 3099 1467 3155 in
1481 3102 1695 3157 resurrectionis

103 3195 269 3267 simperitia
281 3195 342 3266 ejus
356 3194 567 3250 lueratirretita
575 3194 661 3265 plene
670 3199 824 3268 aperteque
875 3191 992 3247 veritate
1006 3191 1176 3258 consistant;
1193 3192 1262 3264 quia
1275 3196 1432 3265 utrumque
1446 3194 1475 3248 in
1492 3194 1634 3252 salvatore
1646 3213 1692 3250 va-

103 3289 127 3344 ls
147 3305 215 3344 voce
236 3293 265 3343 et
290 3288 499 3360 subscriptione
526 3287 715 3343 damnaverit.
744 3290 824 3354 Quod
874 3290 985 3354 cuatur,
1001 3285 1025 3340 si
1040 3285 1068 3340 in
1082 3301 1117 3340 eo
1133 3285 1222 3342 nostri
1238 3287 1354 3357 generis
1365 3303 1430 3343 caro
1443 3305 1501 3343 non
1515 3289 1651 3345 creditur.
1663 3292 1693 3345 ln

109 3383 141 3437 in
156 3383 250 3438 libello
263 3400 349 3454 quem
363 3383 397 3436 ad
415 3399 468 3438 nos
482 3383 602 3437 miserat
616 3386 660 3437 est
672 3382 822 3453 protessus,
874 3378 978 3451 quibus
1000 3378 1048 3434 isti
1077 3379 1245 3451 ignorantia
1271 3381 1406 3451 tenebris,
1432 3381 1462 3436 in
1479 3398 1536 3453 quo
1557 3382 1694 3437 hacteuus

103 3492 152 3545 ens
172 3493 225 3548 per
247 3476 342 3531 omnia
368 3479 497 3531 nostram
518 3481 681 3532 secuturum
707 3492 737 3532 se
763 3492 824 3532 esse
874 3472 991 3528 desidie
1012 3477 1127 3545 torpore
1142 3473 1269 3544 jacuere,
1293 3477 1327 3528 ut
1347 3491 1399 3529 nec
1421 3474 1692 3542 audita'diseerant,

103 3570 190 3626 itiam.
218 3571 344 3642 Acceptis
368 3576 465 3626 autem
484 3570 580 3625 fratris
607 3575 636 3626 et
663 3570 824 3643 coepiscopi
874 3557 922 3621 vel⁸
937 3565 1058 3622 lectione
1077 3570 1294 3638 cognoscerent,
1317 3567 1394 3639 quod
1414 3567 1444 3623 in
1459 3569 1581 3624 Ecclesia
1595 3569 1645 3625 bei
1664 3569 1693 3624 iu

110 3664 235 3720 flaviani
245 3664 346 3719 litteris
356 3665 467 3735 plenius
477 3665 511 3719 ad
523 3681 590 3719 eum
602 3664 638 3718 de
653 3664 697 3719 his
709 3680 775 3736 quae
787 3666 824 3721 ad
875 3659 1005 3716 oninium
1026 3677 1086 3728 ore,
1106 3665 1165 3715 tam
1185 3677 1345 3717 consonum
1365 3667 1416 3732 est,
1439 3666 1470 3716 ut
1483 3679 1535 3718 nec
1549 3663 1584 3718 ah
1597 3664 1690 3719 inlau-

103 3757 182 3814 latur
191 3758 320 3812 retulisse
331 3757 536 3830 rescripsimus,
546 3764 576 3813 ut
585 3758 765 3826 abolitohoc,
775 3759 824 3830 qui
873 3754 945 3810 tium
970 3754 1075 3826 linguis
1099 3753 1203 3810 ueritas
1229 3755 1358 3826 corporis
1378 3760 1406 3811 et
1424 3755 1570 3827 sanguinis
1589 3759 1692 3815 Christi

103 3852 250 3908 ridebatur
260 3869 366 3921 errore,
379 3852 408 3906 in
419 3852 572 3907 laudemet
584 3853 705 3923 gloriam
714 3853 764 3909 bei
774 3869 824 3925 per
873 3847 949 3903 inter
959 3848 1169 3904 communionis
1187 3851 1368 3905 sacramenta
1379 3849 1444 3905 lidei
1458 3851 1604 3907 taceatur?
1620 3853 1692 3917 Quia

113 3946 256 4002 mundum
270 3962 329 4000 una
341 3945 377 4000 sit
388 3945 469 4013 tides,
480 3949 576 4000 etune
587 3946 746 4020 eademque
760 3963 825 4002 con·
874 3942 902 3997 in
917 3942 965 3997 illa
979 3942 1099 4015 mystica
1119 3941 1318 3998 distributione
1333 3943 1468 4015 spiritalis
1481 3945 1626 4001 alimoniae
1639 3948 1691 4002 hoe

116 4040 216 4095 «etin
230 4040 345 4094 nonrine
355 4040 422 4095 lesu
436 4055 520 4095 omne
533 4055 611 4111 genu
624 4040 754 4096 flectatur
766 4057 822 4097 coe-
874 4036 1047 4106 impartitur,
1063 4039 1095 4091 ut
1109 4035 1281 4108 accipientes
1294 4036 1430 4092 virtutem
1446 4038 1567 4094 coelestis
1585 4040 1639 4095 cibi
1661 4041 1690 4096 iu

103 4149 131 4202 n,
146 4133 337 4201 terrestrium,
348 4135 377 4187 et
389 4132 566 4188 infernorum
578 4136 607 4188 et
620 4133 714 4189 omnis
726 4134 824 4206 lingum
874 4145 991 4185 carnem
1003 4130 1093 4202 ipsius
1103 4130 1152 4202 qui
1162 4146 1227 4185 earo
1238 4131 1433 4186 nostraiactus
1441 4135 1493 4200 εει,
1503 4137 1689 4190 transeamus.

103 4230 177 4282 ratur
196 4227 264 4299 quia
288 4227 425 4281 Dominus
444 4227 525 4282 lesus
544 4227 671 4282 Christus
686 4227 716 4283 iu
731 4228 824 4299 gloria
874 4224 953 4280 Unde
966 4228 995 4281 et
1011 4224 1048 4280 ad
1063 4224 1310 4282 confirmationem
1334 4224 1480 4281 charitatis
1501 4230 1602 4282 vestra.
1626 4245 1691 4300 qma

103 4320 117 4376 l
132 4320 222 4376 Petris
239 4320 348 4390 (Philip.
367 4337 396 4388 ιι,
421 4323 463 4386 ιθ,
480 4319 534 4391 ιι).
550 4339 563 4372 ι
577 4323 647 4376 Data
661 4320 724 4376 ldus
735 4320 823 4391 lunii,
873 4317 1007 4374 laudabili
1023 4318 1080 4373 lide
1091 4319 1211 4374 inimicis
1224 4318 1351 4374 veritatis
1364 4319 1512 4388 obnititur,
1528 4325 1691 4395 aptantque

103 4431 116 4470 o
138 4420 168 4470 et
189 4412 347 4486 Protogene
368 4413 436 4468 viris
459 4413 623 4468 clarissimis
647 4414 821 4481 consulibus,
874 4414 1033 4482 opportune
1049 4429 1181 4468 sermone
1201 4413 1362 4485 affectuque
1380 4413 1500 4486 apostoli
1526 4417 1588 4470 utar
1603 4417 1632 4471 et
1645 4416 1690 4472 di-

103 4523 134 4563 ss
144 4524 240 4579 supra.
834 4514 864 4588 Ι)
876 4521 949 4560 cam.
960 4505 1115 4577 Propterea
1121 4511 1149 4562 et
1157 4522 1212 4578 ego
1220 4506 1339 4562 audiens
1345 4506 1434 4561 tidem
1443 4511 1566 4563 vestram
1575 4524 1639 4580 quoe
1649 4513 1692 4564 est

175 4603 215 4656 Xl.
230 4631 265 4642 -
278 4601 324 4656 Ad
337 4601 656 4672 contantinopolitano.
872 4598 902 4655 in
917 4597 1028 4654 Christo
1045 4599 1121 4667 lesu,
1143 4603 1171 4654 et
1191 4599 1373 4655 dilectionem
1391 4599 1421 4654 in
1445 4616 1547 4655 omnes
1566 4604 1689 4669 sanctos,

126 4695 277 4767 episcopus
299 4698 328 4749 et
350 4698 447 4750 saneta
470 4694 594 4765 synodus
618 4711 682 4767 quae
702 4695 731 4752 in
753 4696 823 4751 urbe
873 4709 930 4747 non
945 4693 1140 4763 cessogratius
1152 4709 1241 4763 agens
1253 4710 1306 4765 pro
1321 4693 1410 4762 vobis,
1427 4693 1690 4751 memoriamrestri

108 4786 253 4856 convenit,
270 4788 345 4842 clero
360 4791 389 4842 et
399 4787 476 4858 plebi
489 4786 656 4842 consistenti
668 4788 823 4843 Constanti·
873 4787 975 4841 taciens
994 4786 1024 4841 in
1044 4786 1224 4842 orationibus
1247 4787 1328 4854 meis,
1342 4791 1374 4842 ut
1388 4787 1462 4842 [teus
1476 4787 1590 4843 Domini
1602 4791 1690 4845 nostri

103 4927 105 4936 .
871 4880 956 4935 Pater
969 4879 1068 4952 gloria
1081 4879 1130 4935 det
1141 4879 1222 4935 subis
1235 4880 1367 4952 spiritum
1380 4880 1528 4951 sapientias
1540 4886 1569 4938 et
1580 4883 1689 4938 revela·

103 4980 118 5031 t
138 4975 173 5030 de
194 4974 238 5030 his
267 4991 331 5046 quae
351 4976 380 5029 iu
405 4975 524 5030 concilio
544 4974 723 5030 sacerdotum
746 4975 824 5046 apud
872 4974 969 5041 tionis,
982 4973 1012 5029 in
1034 4974 1181 5046 agnitione
1203 4974 1266 5046 ejus
1288 4973 1465 5029 illuminatos
1485 4975 1583 5031 oculos
1598 4978 1692 5033 cordis

103 5086 153 5126 um
176 5075 255 5142 gesta
279 5074 490 5136 memorantur,
515 5069 621 5123 multos
644 5083 695 5122 nos
720 5084 824 5124 moeror
873 5068 967 5135 vestri,
987 5071 1021 5123 ut
1036 5067 1129 5123 sciatis
1143 5085 1208 5140 quse
1223 5073 1266 5124 est
1280 5084 1344 5140 spes
1363 5068 1518 5124 vocationis
1538 5070 1609 5142 ejus,
1627 5089 1690 5144 que·

103 5168 122 5233 t,
141 5180 176 5221 eo
197 5164 273 5236 quud
287 5165 359 5218 sicut
373 5179 534 5218 consonans
549 5162 626 5217 fama
638 5161 780 5234 dispersit,
795 5167 824 5218 et
874 5160 988 5228 divitiae,
1003 5160 1113 5233 gloria,
1135 5161 1308 5218 hereditatis
1327 5161 1388 5233 ejus
1409 5162 1437 5216 in
1459 5164 1563 5219 sanctu
1579 5165 1649 5236 ejus,
1663 5172 1691 5219 et

103 5275 180 5316 emm
192 5261 368 5313 monstratur
383 5257 495 5326 ellectu,
512 5255 824 5327 neojustitimillicmo·
874 5271 937 5325 qnce
960 5253 998 5309 sit
1021 5256 1238 5327 supereminens
1261 5256 1430 5329 magnitudo
1453 5257 1565 5314 virtutis
1584 5259 1645 5330 ejus
1662 5258 1690 5312 iu

103 5371 128 5420 o,
152 5369 204 5408 nec
227 5352 284 5407 lide
302 5357 345 5407 est
362 5354 470 5406 servata
484 5350 594 5422 religio,
614 5355 713 5405 vestre
727 5352 821 5405 ιειιιειι
874 5347 955 5403 nobis
967 5348 1016 5420 qui
1029 5348 1203 5404 credidimus
1215 5349 1374 5406 secundum
1384 5352 1578 5423 operationem
1588 5357 1690 5422 poten-

103 5448 164 5503 onis
187 5447 292 5519 pietate
317 5445 487 5518 gaudemus,
512 5448 540 5500 et
566 5445 595 5499 in
615 5447 719 5498 sancte
734 5442 824 5515 plebis
874 5443 923 5497 tiae
934 5441 1045 5498 virtmis
1055 5442 1116 5513 ejus
1127 5459 1214 5516 quam
1228 5448 1362 5516 operatus
1374 5449 1416 5500 est
1427 5445 1457 5499 iu
1467 5444 1590 5513 Christo;
1606 5444 1692 5498 susci·

103 5539 500 5612 rationibus‚quarumadnos
509 5538 639 5608 exempla
649 5537 823 5606 delatasunt,
875 5541 938 5592 tans
954 5537 1033 5592 illum
1047 5554 1064 5592 a
1080 5538 1209 5607 mortuis,
1223 5541 1251 5594 et
1262 5538 1435 5594 consumens
1446 5537 1526 5591 illum
1539 5536 1576 5591 ad
1589 5537 1690 5592 dexte·

103 5650 138 5692 m
162 5641 319 5692 saeuorum
344 5633 500 5706 probamus
526 5631 679 5699 affeetum3
702 5629 770 5702 quia
796 5633 824 5686 et
875 5646 937 5685 ram
951 5630 1070 5686 suumin
1083 5631 1244 5687 coelestibus
1257 5648 1343 5703 supra
1356 5646 1473 5686 omnem
1488 5630 1689 5703 principatum,

103 5744 130 5785 rc
149 5733 300 5801 permanet
319 5729 394 5799 apud
412 5728 500 5782 bonos
521 5725 593 5780 tilios
616 5723 718 5797 optimi
738 5723 825 5796 patris
875 5729 903 5779 et
919 5725 1098 5794 potestatem,
1112 5727 1141 5779 et
1154 5724 1298 5790 virtutem,
1314 5727 1343 5778 et
1356 5723 1590 5794 dominationem,
1606 5742 1691 5781 onina

103 5822 219 5898 tilectio,
236 5829 266 5880 ot
277 5823 422 5881 catholicae
438 5821 574 5878 doctriua
589 5818 778 5877 eruditionem
794 5818 824 5876 iu
874 5832 982 5877 nomen
994 5819 1073 5896 quod
1092 5819 1271 5889 nominatur,
1282 5833 1348 5876 nou
1359 5817 1576 5878 salaminam
1590 5818 1719 5883 seems,
