3870 6150
219 269 284 321 {ectr
666 267 805 320 ,ll‘reltlt
826 267 869 320 nl)
888 267 969 321 SAEC.
990 266 1033 320 lx.
1048 292 1082 302 -
1103 262 1222 318 lSlDOltl
1241 262 1452 319 uuhcnloms
1836 263 1895 316 lun

219 381 248 430 nt
262 375 296 429 ad
310 392 475 446 compagem
489 376 615 446 corporis
628 377 671 430 sui
686 377 794 448 reliqua
808 393 872 448 quae
885 377 977 431 adhuc
991 376 1031 430 di·
1041 387 1071 459 Α
1082 373 1240 443 integritas.
1255 373 1303 427 llis
1315 373 1344 427 in
1361 372 1462 427 robore
1480 388 1531 426 suo
1546 371 1623 426 omui
1642 371 1895 443 circumspectione

217 469 276 522 visa
290 473 356 523 sunt
369 470 501 524 membra
514 469 658 539 festinent,
675 475 733 525 cta
749 470 908 542 potioribus
920 470 1031 524 minora
1081 466 1198 521 servatis
1222 465 1349 521 remedia
1371 465 1551 536 sperantibus
1572 467 1792 521 conservantur.
1817 465 1898 520 llabet

217 578 276 617 non
291 562 461 634 discrepent.
475 564 604 635 nequod
620 580 686 618 cum
701 581 750 619 me
763 564 877 619 dileetio
893 567 941 619 tua
954 563 1031 620 Chri·
1081 560 1159 615 enim
1183 559 1438 615 ecclesiasticarum
1462 559 1532 614 orde
1559 559 1744 631 regularum,
1766 561 1795 612 et
1819 558 1897 628 ipsius

218 657 316 712 stianae
329 657 424 712 studio
442 656 587 713 eharitatis
608 659 747 725 hortatur,
764 658 849 714 debet
870 658 944 730 quod
957 658 1030 713 invi-
1081 654 1174 709 torma
1186 652 1315 725 justitiae,
1330 657 1361 707 ut
1374 652 1517 708 medicina
1533 652 1716 708 rationabilis
1735 652 1860 722 benigne
1873 659 1897 706 et

217 757 259 806 tat
271 751 361 823 sequi,
375 756 404 807 et
416 753 492 823 quod
504 753 659 807 amandum
674 752 774 807 suadet
786 752 931 824 amplecti.
946 752 1029 808 Simi·
1081 747 1204 803 fideliter
1227 747 1409 819 sperantibus
1432 763 1492 802 nou
1516 752 1651 818 negetur,
1674 762 1731 801 nec
1754 746 1897 818 quisquam

216 847 275 901 lom
287 846 363 901 enim
376 847 437 916 jam
449 845 515 901 fidei
532 862 629 901 curam
653 851 783 917 gerentes
800 863 851 918 per
866 847 1030 918 religiosam
1081 844 1124 896 est
1136 841 1175 895 ita
1188 841 1224 895 ab
1239 841 1417 896 humanitate
1435 840 1584 908 discretus,
1598 856 1691 913 quem
1707 856 1770 895 nou
1782 857 1800 894 a
1811 840 1896 912 rigore

217 939 392 1012 patientiam,
407 957 458 1011 per
471 939 558 994 etiam
570 940 721 1011 praemium
737 941 773 995 de
785 941 856 996 boni
868 942 961 1013 operis
970 958 1032 1012 spe·
1082 934 1264 990 districtionis
1280 934 1398 991 inclinet
1411 937 1494 990 cauta
1508 934 1691 1006 simplicitas.
1709 934 1765 991 Sed
1781 936 1813 989 ut
1825 938 1897 988 caute

217 1050 313 1088 ramus
335 1034 445 1089 ellectu.
466 1034 561 1103 Neque
584 1033 663 1088 enim
688 1033 899 1089 difficultatibus
921 1040 963 1089 est
984 1051 1030 1089 ee·
1082 1029 1135 1083 hoc
1153 1032 1328 1100 caeterasque
1347 1028 1477 1100 querelas
1500 1034 1549 1084 aut
1572 1044 1691 1084 errores
1715 1028 1836 1099 alicujus
1853 1029 1897 1082 ari

218 1127 355 1183 dendum.
375 1128 436 1182 Non
457 1126 534 1181 enim
550 1126 686 1198 fatigatur
706 1127 813 1198 asperis
835 1126 914 1198 tides,
928 1144 980 1183 nee
996 1127 1032 1182 ad
1082 1123 1176 1177 valeas
1186 1122 1329 1193 expedire,
1341 1123 1523 1179 dilectissime
1536 1123 1635 1191 irater,
1648 1138 1805 1194 personam
1815 1138 1897 1177 meam

218 1222 353 1276 coelorum
369 1221 457 1275 ardua
475 1237 527 1292 per
540 1220 663 1292 proclive
676 1220 817 1285 tenditur;
832 1237 885 1276 nec
899 1237 1031 1278 remune-
1083 1225 1111 1275 te
1127 1220 1156 1274 in
1173 1220 1227 1275 hoc
1249 1223 1360 1293 oportet
1382 1221 1512 1287 induere,
1528 1221 1672 1277 scientem
1692 1220 1724 1275 in
1744 1220 1897 1291 hujusmodi

217 1315 359 1370 rationem
382 1313 451 1368 citra
479 1314 584 1368 laboris
608 1314 774 1369 exercitium
805 1315 868 1386 quis
893 1320 1030 1370 meretur.
1082 1315 1182 1382 causis,
1198 1314 1269 1369 sicut
1287 1314 1456 1385 praedictum
1477 1321 1529 1382 est,
1545 1315 1616 1387 quid
1636 1314 1806 1370 cavendum
1819 1315 1861 1382 sit,
1875 1320 1897 1368 et

218 1409 296 1464 Unde
308 1424 344 1464 ue
356 1408 493 1464 iacientes
502 1408 576 1462 bona
586 1407 750 1462 deficiamus
765 1408 926 1480 specialiter
935 1409 1033 1464 admo·
1082 1407 1123 1462 ita
1133 1407 1229 1462 omnia
1238 1408 1456 1480 providendum,
1466 1414 1498 1464 ut
1506 1413 1534 1464 te
1544 1425 1605 1464 non
1617 1408 1757 1480 ambigas
1768 1408 1896 1463 rationem

216 1521 331 1575 nemur,
345 1506 431 1559 etiarn
454 1508 525 1559 teste
547 1504 697 1559 Psalmista
712 1521 718 1557 ε
735 1528 748 1552 «
771 1505 848 1559 Beati
868 1504 916 1576 qui
938 1510 1031 1561 eusto-
1084 1501 1300 1572 dispensationis
1320 1501 1406 1573 hauns
1426 1502 1482 1558 beo
1506 1519 1566 1558 esse
1589 1502 1774 1559 reddendam
1792 1502 1850 1558 :ita
1862 1507 1896 1557 ta·

218 1598 457 1670 diuntjudieium,
467 1597 762 1669 olfaciuntjustitiam
772 1599 801 1652 in
815 1598 1033 1670 omnitempore
1082 1612 1148 1651 men
1163 1599 1194 1650 ut
1206 1612 1256 1651 eos
1270 1595 1317 1666 qui
1331 1596 1409 1651 vobis
1429 1597 1546 1653 luerunt
1566 1597 1783 1652 commuuione
1802 1597 1897 1663 sociati,

217 1695 300 1764 (Psal.
317 1710 374 1760 vm,
392 1694 447 1763 32),
466 1713 479 1743 n
495 1692 632 1764 quianon
645 1691 759 1746 initium
774 1691 877 1746 laboris
895 1709 1031 1747 remune-
1083 1690 1127 1744 vel
1142 1705 1194 1761 per
1205 1705 1253 1744 vos
1266 1688 1327 1744 sedi
1339 1690 1501 1761 apostolicae
1514 1694 1611 1747 restra
1632 1691 1722 1746 nobis
1735 1692 1840 1762 scripta
1857 1691 1897 1744 de·

216 1787 356 1843 rationem
369 1786 482 1858 praemii
494 1785 642 1840 consuevit
655 1784 795 1855 iuvenire,
812 1785 861 1841 sed
880 1786 1031 1843 terminus,
1042 1761 1071 1834 Β
1083 1784 1200 1850 clarent,
1214 1782 1318 1855 quibus
1332 1784 1419 1840 etiam
1434 1787 1465 1840 et
1477 1800 1565 1856 quam
1578 1785 1799 1840 continentiam
1809 1785 1899 1840 libello

218 1883 291 1953 Ergo
310 1881 436 1936 studium
459 1879 653 1935 sollicitudinis
670 1882 857 1948 assumentes,
870 1880 973 1951 quibus
991 1886 1034 1937 est
1083 1894 1149 1933 rum
1163 1876 1320 1933 obtulerint
1339 1878 1490 1934 inseratur.
1507 1879 1553 1934 Sic
1574 1895 1699 1951 quoque
1717 1879 1897 1935 humilitatem

216 1993 275 2031 una
288 1976 316 2030 in
329 1974 531 2030 communione
547 1974 668 2029 societas
679 1977 707 2029 et
720 1972 881 2043 credulitas,
895 1974 1032 2045 quemad-
1084 1971 1222 2028 debemus
1244 1976 1342 2028 tenere
1365 1972 1396 2026 in
1420 1976 1527 2040 mente,
1542 1977 1576 2029 ut
1592 1973 1666 2029 inde
1689 1973 1805 2029 ordinis
1824 1973 1897 2028 nostri

218 2070 336 2125 modum
351 2069 388 2123 de
401 2067 511 2122 unitate
526 2067 775 2138 sedisapostolicae
790 2071 820 2122 et
830 2067 1032 2123 Constantino·
1083 2066 1251 2137 dignitatem
1265 2082 1409 2122 servemus
1421 2066 1452 2122 iu
1468 2067 1589 2136 honore,
1603 2070 1759 2139 quatenus
1776 2069 1807 2122 in
1821 2068 1897 2131 nobis,

217 2163 351 2234 politanae
365 2161 494 2216 Ecclesiae
507 2161 613 2232 pariter
625 2160 799 2216 exsultamus
811 2160 842 2215 iu
857 2161 985 2231 Domino,
995 2161 1034 2216 ita
1083 2176 1135 2215 nec
1148 2159 1294 2216 humilitas
1309 2160 1442 2228 unienda,
1454 2177 1507 2216 nec
1518 2161 1592 2216 ratio
1608 2162 1649 2216 sit
1663 2162 1804 2234 superba.
1819 2162 1898 2216 Omni

218 2259 252 2312 de
268 2256 444 2327 reliquorum
458 2271 573 2326 quoque
586 2255 659 2308 sicut
672 2253 819 2309 allectione
833 2253 981 2322 admones,
993 2272 1034 2310 re·
1085 2257 1188 2326 potens
1209 2256 1291 2325 Deus,
1305 2254 1476 2323 charissime,
1491 2271 1540 2310 sua
1560 2259 1589 2310 te
1613 2258 1801 2327 protectione
1820 2262 1898 2310 erute

217 2349 425 2421 dintegratione
447 2349 588 2415 laetemur,
614 2353 643 2403 et
663 2363 796 2403 curemus
819 2347 982 2419 premium,
1004 2353 1035 2404 ut
1086 2348 1153 2418 diat,
1167 2352 1252 2422 atque
1261 2349 1424 2405 adeoelestis
1437 2350 1713 2406 remunerationem
1727 2352 1830 2423 patriae
1841 2352 1898 2405 mul-

218 2445 303 2499 hdcm
327 2443 577 2514 integritatemque
607 2444 733 2496 nostram
759 2442 971 2497 immaculatam
999 2442 1034 2497 ab
1085 2442 1174 2514 tiplici
1192 2442 1355 2498 animarum
1376 2443 1469 2498 fructu
1484 2443 1635 2515 perducat.
1654 2446 1733 2499 Deus
1753 2448 1782 2499 te
1801 2445 1896 2499 incolu-

217 2539 297 2594 omni
310 2536 483 2608 contagione
497 2552 654 2592 servemus.
672 2535 750 2591 Nosti
762 2535 850 2603 enim,
866 2536 954 2592 irater
965 2537 1033 2591 cha·
1085 2552 1152 2591 men
1173 2537 1322 2604 custodiat,
1338 2536 1572 2593 reverendissime
1593 2537 1701 2594 frater.
1719 2541 1823 2593 Amen.
1839 2539 1897 2592 bata

217 2633 328 2688 rissime
352 2648 384 2686 ac
409 2630 596 2696 sanctissime,
619 2629 686 2701 qnia
709 2628 900 2684 ecclesiastiea
922 2633 1034 2685 servant
1085 2632 1183 2685 octavo
1205 2629 1323 2686 Kalend.
1340 2630 1478 2698 Octobris,
1495 2631 1703 2688 Valentiniano
1722 2634 1743 2688 ll
1764 2638 1793 2688 ct
1813 2632 1897 2687 Oresta

217 2728 329 2782 vincula
344 2724 523 2781 concordiam
538 2740 601 2794 quas
616 2740 667 2779 nos
681 2723 717 2779 ab
738 2723 939 2778 haereticorum
952 2729 1032 2780 tuea·
1084 2725 1117 2778 IV
1131 2724 1302 2780 consulibus.

218 2827 265 2875 tur
281 2819 402 2887 insidiis,
419 2835 471 2890 per
491 2834 577 2890 quam
602 2818 689 2872 etiam
714 2833 856 2872 canonum
878 2817 1035 2874 custoditur

511 3211 796 3306 lNClPlUNT
839 3213 1101 3307 DECRETA
1143 3214 1377 3308 lOANNlS
1425 3216 1591 3308 PAPAE

254 3565 496 3622 llcverendissimo
529 3566 610 3621 fratri
638 3566 756 3622 Vacante
786 3568 916 3638 episcopo
947 3568 1150 3654 toan-cuam
1165 3584 1232 3623 eum
1249 3570 1359 3626 actibus
1373 3569 1440 3640 suis,
1457 3574 1486 3626 et
1502 3569 1659 3628 induentes
1672 3587 1893 3629 uorumcumeo

218 3678 277 3716 nas.
1086 3662 1133 3733 qui
1143 3667 1298 3718 renovatur
1306 3664 1336 3719 in
1345 3663 1492 3735 agnitione
1501 3664 1665 3721 seeundum
1674 3667 1834 3741 imaginem
1844 3667 1893 3735 ejus

252 3755 361 3827 Scripta
387 3760 442 3809 tuae
464 3754 622 3809 sanctitatis
643 3754 799 3826 suscipiens
818 3756 901 3826 plena
918 3771 951 3810 ea
968 3755 1034 3811 lidei
1083 3756 1134 3825 qui
1148 3756 1251 3812 creavit
1265 3774 1332 3812 eum
1346 3757 1536 3829 (Gol.1n,8).n
1551 3758 1693 3831 Nunquid
1707 3760 1733 3816 is
1744 3760 1894 3834 quinnien-

218 3851 317 3922 regula
332 3866 389 3921 qua
404 3849 529 3920 primum
543 3849 633 3920 polles
646 3848 750 3918 inveni,
764 3854 793 3904 et
802 3848 858 3904 Deo
873 3849 979 3920 gratias
992 3865 1034 3904 re·
1084 3864 1144 3903 sam
1154 3855 1323 3920 creaturam,
1333 3851 1455 3907 risibilia
1464 3851 1659 3908 etiuvisibilia
1673 3870 1693 3908 a
1702 3855 1818 3928 propria
1828 3859 1894 3926 peta

217 3944 268 3999 tuli
281 3944 357 4016 qnod
376 3942 471 3997 anima
494 3948 522 3998 et
543 3957 661 4014 corpore
680 3947 708 3998 te
723 3942 796 3998 bene
815 3942 911 4014 vigere
934 3943 1032 4000 didici.
1084 3943 1165 3998 statis
1178 3943 1282 4000 virtute
1302 3945 1461 4015 procrearit
1479 3960 1512 4000 ae
1527 3945 1605 4015 lecit,
1619 3947 1753 4019 seipsam
1770 3952 1846 4004 antea
1860 3946 1893 3999 rel

216 4040 286 4094 Sane
301 4053 334 4092 ea
347 4053 410 4108 quaa
426 4036 591 4108 significasti
611 4037 747 4108 quosdam
771 4035 865 4091 dicere
884 4036 959 4106 quod
974 4053 1033 4091 non
1084 4037 1280 4107 postmodum,
1291 4038 1561 4111 quoddicerenefas
1573 4043 1631 4108 est,
1643 4043 1757 4099 crearit
1765 4042 1807 4100 rel
1816 4042 1894 4096 taccu

215 4132 342 4186 sitlilins
350 4130 466 4202 aqualis
474 4130 597 4200 Patri,et
607 4130 721 4201 quodin
730 4129 884 4200 Evangelio
895 4129 1033 4201 seriptum
1084 4129 1187 4201 potuit.
1205 4130 1290 4186 Filius
1305 4132 1400 4188 minor
1420 4137 1462 4188 est
1474 4134 1554 4188 Patre
1569 4132 1602 4188 in
1621 4136 1769 4208 assumpti
1786 4134 1894 4192 hominis

216 4226 251 4279 sil
267 4242 273 4279 :
292 4247 304 4276 a
319 4215 402 4279 Pater
422 4223 514 4294 maj0r
528 4239 574 4277 me
588 4229 639 4287 est,
659 4243 672 4276 n
687 4223 758 4278 scias
778 4238 835 4277 non
853 4227 930 4278 recte
950 4224 1031 4278 intel·
1084 4223 1187 4292 forma,
1198 4226 1318 4296 equalis
1328 4242 1395 4283 vero
1408 4227 1484 4283 Patri
1496 4229 1540 4282 est
1552 4227 1583 4282 in
1597 4227 1718 4285 deitatis
1728 4227 1894 4287 natasset

216 4319 303 4390 ligere
322 4317 392 4372 tales
410 4316 476 4371 fidei
494 4317 619 4386 regulas,
640 4332 691 4371 nec
705 4321 812 4372 rectam
833 4317 921 4372 tidem
946 4333 1033 4388 penes
1083 4319 1185 4373 stantia
1193 4335 1202 4387 ;
1213 4319 1313 4375 eodem
1324 4323 1499 4391 protestante
1511 4339 1517 4377 :
1531 4322 1619 4394 oligo
1630 4326 1660 4378 et
1668 4325 1759 4381 Pater
1767 4338 1893 4380 unumne

216 4430 244 4468 se
259 4413 376 4468 habere.
396 4410 499 4465 Paulus
521 4411 662 4480 apostolus
677 4426 737 4465 nou
751 4410 909 4465 secundum
922 4411 1033 4466 deitatis
1083 4427 1147 4464 mus
1168 4409 1264 4486 266
1282 4415 1368 4483 tJooa.
1391 4430 1419 4483 1,
1441 4416 1496 4483 30).
1510 4434 1524 4463 e
1540 4415 1575 4470 Et
1596 4415 1709 4472 iterum
1728 4436 1766 4474 :a
1787 4418 1838 4483 Qui
1855 4432 1892 4471 me

214 4511 346 4562 naturam
360 4506 504 4561 Christum
520 4509 648 4559 creatum
662 4504 797 4571 insinuat,
811 4503 862 4559 sed
875 4504 1032 4560 secundum
1083 4504 1169 4572 videt,
1185 4505 1261 4562 videt
1281 4510 1311 4561 et
1329 4508 1442 4563 Patrem
1458 4508 1546 4580 (toan.
1563 4525 1623 4577 xrs,
1637 4512 1678 4582 9).
1695 4532 1711 4564 a
1727 4513 1762 4569 Et
1782 4514 1889 4568 iterum:

214 4598 666 4657 humanaenaturaesubstantiam
677 4598 808 4655 eamdem
820 4601 948 4655 creatum
958 4597 1032 4654 affir-
1085 4622 1097 4647 e
1114 4599 1166 4663 Qui
1189 4600 1249 4655 odit
1271 4616 1327 4668 me,
1344 4601 1404 4656 odit
1422 4606 1451 4657 et
1469 4603 1584 4658 Patrem
1597 4604 1692 4675 (Jeen.
1707 4623 1758 4678 xv,
1776 4607 1830 4677 23).
1843 4604 1891 4658 »a

215 4702 282 4765 mat,
307 4696 366 4767 ipso
393 4693 520 4766 Ephesiis
546 4692 742 4748 conscribente
765 4711 771 4748 :
798 4715 811 4743 a
834 4693 1030 4763 honoremini,
1083 4692 1187 4748 iterum
1205 4712 1211 4750 :
1228 4696 1291 4750 «Ut
1305 4711 1406 4751 omues
1427 4695 1620 4753 honorificent
1635 4699 1756 4769 Filium,
1770 4701 1888 4758 sicartbo

215 4791 317 4861 inquit,
335 4788 434 4861 spiritu
450 4787 554 4842 mentis
566 4791 668 4842 vestrae
684 4790 713 4841 et
727 4785 838 4842 induite
859 4803 965 4842 novum
978 4788 1030 4842 ho·
1082 4786 1238 4844 uorillcarit
1259 4790 1373 4844 Patrem
1388 4790 1476 4860 (toan.
1493 4806 1519 4857 v,
1533 4792 1590 4862 23).
1607 4814 1621 4842 »
1637 4793 1675 4850 Et
1694 4795 1801 4853 iterum
1817 4814 1848 4850 :e
1864 4793 1889 4847 t't

214 4884 321 4938 minem
335 4882 384 4954 qui
398 4881 555 4936 secundnm
575 4882 666 4935 Deum
686 4885 795 4936 creatus
818 4881 906 4936 estin
922 4881 1032 4952 justitia
1081 4881 1180 4937 sintin
1193 4882 1274 4938 nobis
1288 4899 1390 4951 unum,
1404 4883 1477 4938 sicut
1489 4887 1518 4938 ct
1531 4900 1585 4940 uos
1598 4903 1704 4945 sumus
1718 4891 1886 4959 uuumltoua.

213 4983 243 5032 et
268 4976 416 5031 sanctitate
438 4975 564 5029 veritatis
578 4975 686 5046 (Eptes.
702 4991 739 5044 iv,
755 4975 809 5046 ⁶23).
828 4997 843 5024 a
860 4976 894 5030 Et
916 4975 953 5029 ad
978 4954 1883 5053 lle-Diri1,2l).»lttiternm:aTuinmeetegoineisllb'den

213 5072 304 5126 trecas
321 5087 327 5124 :
347 5090 360 5122 a
378 5072 408 5123 ln
427 5086 461 5123 eo
482 5068 602 5123 enimin
618 5085 675 5141 quo
691 5085 788 5139 passus
808 5071 850 5124 est
862 5068 909 5123 ille
924 5073 954 5124 et
967 5073 1029 5124 ten·
1080 5070 1115 5124 Et
1126 5068 1229 5125 iterum
1247 5087 1254 5124 :
1275 5093 1289 5121 «
1303 5070 1408 5125 Omnia
1421 5087 1486 5127 mea
1508 5077 1556 5127 tua
1578 5079 1650 5130 sunt
1662 5076 1760 5146 (atta,
1776 5081 1824 5146 tet.
1835 5098 1848 5125 r
1860 5074 1884 5127 tt

211 5169 295 5233 tatus,
319 5165 406 5220 etiarn
436 5165 529 5234 potest
558 5161 601 5216 his
630 5162 680 5234 qui
708 5166 856 5218 tentantur
885 5161 1027 5218 auxiliari.
1079 5163 1236 5218 iterumue
1262 5166 1321 5236 Ego
1344 5164 1373 5218 in
1395 5166 1490 5234 Patre,
1507 5168 1686 5227 etPatarin
1711 5171 1881 5244 malitiis-{¹³

211 5261 290 5316 Unde
307 5261 410 5314 sanctae
424 5256 578 5311 vocationis
591 5256 756 5329 participes,
768 5256 947 5312 considerate
962 5272 1029 5327 apo·
1079 5258 1112 5312 Et
1123 5258 1230 5313 iterum
1246 5275 1252 5313 :
1271 5280 1285 5309 a
1298 5259 1427 5314 Peterin
1440 5275 1488 5316 me
1505 5276 1638 5331 maneus,
1657 5265 1732 5322 tacit
1742 5283 1823 5340 opera
1834 5265 1880 5319 hae

210 5356 313 5410 stolum
338 5358 366 5408 et
388 5350 551 5423 pontificem
576 5350 763 5406 confessionis
785 5353 890 5405 nostrae
917 5351 1026 5419 lesum,
1077 5352 1163 5422 (Jocn.
1177 5369 1232 5419 aiv,
1256 5352 1310 5424 lt).
1330 5374 1345 5403 n
1367 5354 1401 5408 Et
1420 5355 1543 5411 loannes
1560 5360 1745 5431 evangelista
1762 5363 1801 5417 ait
1814 5377 1820 5414 ε
1835 5356 1877 5408 aln

210 5449 323 5504 lidclem
332 5447 501 5501 existentem
513 5445 597 5516 oiqui
611 5443 716 5499 creavit
726 5460 792 5499 eum
802 5443 893 5512 (Hetr.
906 5460 935 5512 n,
947 5445 998 5515 18).
1012 5463 1025 5496 n
1077 5445 1216 5518 principio
1231 5451 1292 5502 erat
1305 5447 1429 5503 Verbum
1442 5452 1471 5504 et
1483 5448 1611 5506 Verbum
1629 5461 1697 5511 erat
1713 5456 1787 5528 apud
1798 5454 1875 5515 Mtte

209 5545 241 5598 ht
257 5543 292 5597 ad
311 5542 510 5597 colossenses:
529 5560 543 5588 «
558 5539 637 5593 Nune
657 5542 753 5593 autem
777 5537 912 5608 deponite
930 5542 958 5593 et
977 5554 1027 5594 vos
1077 5543 1105 5594 et
1119 5541 1192 5595 Deus
1216 5542 1279 5595 erat
1300 5540 1426 5598 Verbum
1438 5543 1525 5613 (teau.
1542 5559 1563 5612 a,
1581 5545 1619 5616 l).
1634 5568 1652 5598 s
1666 5548 1704 5606 Et
1717 5548 1816 5606 itam
1830 5546 1873 5614 ipsc
1927 5595 1934 5617 ἒ

207 5637 360 5691 universa:
376 5634 463 5700 hain,
477 5631 718 5703 indignationem,
734 5630 884 5698 malitiam,
897 5632 1026 5704 blasphe-
1077 5633 1111 5688 ad
1128 5635 1263 5690 Parthos:
1280 5656 1295 5686 a
1313 5636 1380 5692 Tres
1401 5641 1479 5704 sunt,
1497 5636 1604 5710 inquit,
1625 5643 1680 5714 qui
1705 5638 1870 5701 testimoninm

208 5731 312 5796 mium,
327 5728 481 5800 turpiaque
494 5744 529 5782 ex
544 5743 593 5781 ore
608 5730 698 5782 vestro
713 5741 771 5779 non
785 5726 951 5795 procedant.
968 5727 1024 5781 llo-
1075 5728 1269 5799 perhibentia
1285 5732 1363 5785 terra
1378 5747 1386 5795 ;
1402 5746 1486 5802 aqua,
1501 5732 1622 5804 sanguis
1640 5738 1675 5792 et
1693 5736 1810 5810 spiritu.
1820 5732 1868 5786 ns
1922 5780 1934 5815 :

208 5824 254 5878 lite
266 5819 382 5877 mentiri
392 5819 726 5891 invicem‚exspoliantes
737 5824 918 5877 resteterem
929 5821 1023 5877 homi·
1075 5821 1105 5877 iu
1117 5821 1200 5878 nobis
1214 5827 1290 5892 sunt,
1304 5829 1332 5880 et
1346 5829 1404 5881 tres
1417 5823 1465 5898 qui
1478 5825 1685 5888 testimouium
1701 5824 1866 5904 perhibentia
1920 5880 1925 5897 ,
