3870 6150
219 269 269 325 843
659 267 800 322 ΑΡΡΕΝΙ).
820 266 865 322 AD
884 265 965 322 SAEC.
986 265 1029 319 lll.
1045 292 1080 303 -
1100 263 1224 321 lSlDORl
1243 263 1455 321 hubethonis
1846 262 1894 318 stt

217 393 341 451 quorum
358 372 435 448 prior·
453 374 608 444 Nestorius,
624 375 764 446 Eutyches
782 374 922 429 secundus
938 389 1030 429 emer·
1043 372 1163 456 Apatre
1196 373 1281 445 (quod
1310 372 1400 428 Greci
1427 371 1528 429 dicunt
1552 371 1714 440 omousion)
1740 388 1795 444 per
1815 387 1894 444 quem

216 472 262 539 sit,
289 470 338 543 qui
362 469 489 526 Ecclesiae
515 469 565 524 hei
588 469 658 524 duas
683 469 804 524 haereses
823 468 939 524 sibimet
962 484 1030 523 con·
1083 466 1183 522 omnia
1206 468 1374 537 factasunt,
1398 466 1456 522 sive
1476 483 1540 539 quoe
1559 468 1589 524 in
1608 469 1690 534 coelo,
1711 464 1772 521 sive
1790 482 1854 538 que
1870 466 1913 521 in'

216 565 319 621 trarias
344 564 448 620 inlerre
471 564 634 630 voluerunt,
658 568 691 618 ut
712 566 833 635 uterque
856 580 872 616 a
898 562 1033 634 praedica·
1081 563 1168 616 terra.
1198 561 1252 626 Qui
1279 564 1396 633 propter
1420 554 1473 616 nos
1501 565 1531 617 et
1554 578 1676 634 prosper
1701 565 1832 617 nostram
1856 579 1893 617 sa·

217 658 328 715 toribus
345 659 470 716 veritatis
488 659 589 714 merito
605 658 800 727 damnaretur,
818 657 884 730 quia
898 658 1031 712 insanum
1083 656 1173 711 lutem
1198 656 1345 712 descendit
1367 655 1402 712 de
1428 657 1508 727 coelo,
1536 662 1565 712 et
1593 656 1763 712 incarnatus
1792 661 1844 724 est,
1872 661 1895 711 et

217 752 303 809 nimis
338 757 366 809 et
402 753 574 824 sacrilegum
605 752 660 806 fuit
693 751 769 824 quod
803 752 879 806 varia
910 751 1033 806 falsitate
1082 751 1169 805 homo
1195 751 1294 818 laetus,
1324 768 1421 822 passus
1445 753 1497 818 est,
1523 754 1552 806 et
1573 749 1731 806 resurrexit
1753 750 1839 806 tertia
1855 751 1894 805 die

216 848 300 903 ambo
324 850 484 904 senserunt.
509 846 771 903 Anathematizetur
796 862 865 917 ergo
890 826 1040 900 Nestorius¹
1083 846 1209 901 ascendit
1238 846 1268 899 iu
1299 845 1400 912 coelos,
1432 849 1569 901 venturus
1598 844 1734 917 judicare
1768 844 1845 900 rivos
1872 850 1895 899 et

217 941 266 1013 qui
287 942 399 998 beatem
425 940 572 1012 Virginem
591 940 705 996 hieriam
726 956 784 994 non
799 939 857 1008 Ilei,
879 939 1033 995 sedhomi·
1083 944 1219 995 mortuos.
1242 941 1275 995 Et
1296 938 1326 994 in
1352 938 1489 1009 Spiritum
1505 941 1697 995 sanctum.1n
1713 954 1776 1011 qua
1797 939 1894 1010 proles-

217 1035 261 1089 nis
292 1035 491 1090 tantummodo
523 1033 644 1089 credidit
680 1033 847 1104 genitricem
886 1049 965 1100 esse,
1002 1035 1034 1086 ut
1083 1035 1162 1089 sione
1185 1034 1240 1089 hoc
1272 1032 1485 1089 evidentissime
1499 1034 1676 1101 continetur,
1709 1032 1792 1104 quod
1821 1033 1894 1088 etiarn

218 1128 303 1184 aliam
332 1144 483 1200 personam
509 1128 617 1196 carnis,
656 1127 742 1182 aliam
767 1127 872 1183 faceret
897 1126 1031 1182 deitatis:
1083 1145 1135 1183 nos
1162 1128 1196 1182 dc
1228 1128 1341 1183 Domini
1363 1127 1558 1183 incarnatione
1585 1127 1773 1193 confitemur,
1797 1129 1825 1181 et
1842 1143 1893 1181 cre·

218 1236 271 1279 nec
295 1239 383 1278 unam
410 1222 554 1277 Christum
576 1222 606 1276 in
628 1222 719 1277 Verbo
741 1223 792 1277 [lei
814 1225 842 1276 et
863 1237 948 1276 carue
968 1236 1031 1275 sen·
1084 1223 1177 1278 dimus
1198 1222 1247 1294 qui
1271 1221 1446 1277 adsalutem
1466 1221 1585 1277 humani
1608 1221 1727 1294 generis
1743 1221 1896 1276 reforman-

217 1314 298 1385 tiret‚
332 1317 381 1371 sed
413 1316 567 1388 separatim
602 1320 688 1388 atque
720 1316 872 1388 sejunctim
912 1315 1034 1370 alterum
1085 1316 1161 1382 dani,
1179 1332 1272 1371 veram
1286 1331 1399 1370 carnem
1414 1315 1696 1387 nostraefragilitatis
1711 1315 1823 1370 nonde
1838 1316 1896 1370 celo

218 1410 319 1465 Filium
352 1409 417 1480 Dei,
445 1410 566 1466 alterurn
595 1410 717 1465 hominis
745 1409 931 1480 praedicarem
968 1425 1033 1464 cum
1084 1426 1181 1464 secum
1207 1409 1321 1477 detulit,
1346 1409 1395 1465 scd
1421 1409 1449 1464 in
1478 1415 1558 1465 utero
1584 1407 1712 1481 Virginis
1742 1409 1840 1465 matris
1863 1425 1898 1462 ae

220 1508 354 1560 manente
380 1504 427 1559 illa
452 1503 694 1559 incommutabilis
714 1503 808 1572 Verbi,
829 1502 949 1558 essentia
969 1519 1034 1574 quae
1084 1503 1217 1576 sumpsit.

218 1598 244 1652 oi
269 1614 333 1653 com
362 1599 443 1654 Patre
471 1603 500 1653 et
521 1597 628 1669 Spiritu
654 1600 752 1652 sancto
778 1595 975 1667 intemporalis
989 1599 1032 1650 at·
1122 1599 1152 1653 ll.
1190 1598 1357 1670 Quicunque
1393 1613 1462 1667 ergo
1499 1601 1565 1652 sunt
1595 1597 1636 1652 ita
1667 1597 1810 1653 obcaecati
1833 1604 1859 1654 et
1884 1616 1897 1653 a

220 1708 274 1764 que
310 1694 454 1747 coaeterna
490 1696 548 1760 est,
591 1691 632 1745 ita
662 1691 736 1745 intra
768 1690 897 1761 virginea
928 1689 1034 1745 viscera
1085 1691 1193 1746 lumine
1218 1691 1346 1747 veritatis
1373 1691 1460 1746 alieni
1478 1693 1511 1745 ut
1532 1690 1624 1745 Verbo
1656 1691 1708 1746 Dei
1734 1707 1752 1746 a
1783 1697 1898 1764 tempore

218 1786 343 1841 Verbum
367 1802 432 1840 caro
458 1785 494 1840 sit
517 1786 637 1852 factum,
659 1788 691 1839 ut
714 1802 766 1856 per
785 1784 814 1839 id
836 1784 913 1856 quod
935 1759 1288 1841 insila-Bincarnationis
1307 1785 1441 1840 humanm
1461 1784 1553 1840 carnis
1575 1784 1726 1855 denegent
1750 1786 1896 1853 veritatem,

217 1878 273 1934 hile
294 1884 336 1936 est
350 1878 562 1934 sacramentum
577 1894 636 1934 uno
653 1882 805 1950 conceptu,
828 1893 939 1950 unoque
952 1883 1036 1948 partu
1085 1879 1235 1934 ostendant
1247 1879 1275 1933 in
1289 1896 1345 1950 quo
1360 1878 1411 1934 sibi
1425 1878 1617 1935 Christianum
1631 1895 1747 1934 nomen
1762 1884 1895 1952 usurpent.

218 1973 374 2029 secundum
398 1973 547 2028 veritatem
576 1972 727 2048 utriusque
754 1977 864 2027 naturas
893 1988 927 2026 ea
953 1972 1035 2043 virgo
1086 1975 1120 2029 Et
1142 1990 1206 2028 cum
1231 1973 1385 2045 Evangelio
1414 1971 1541 2028 veritatis
1568 1988 1625 2044 qua
1651 1973 1769 2028 ratione
1794 1990 1895 2029 coneor-

218 2068 246 2120 ct
268 2066 370 2121 ancilla
395 2067 442 2122 hei
466 2069 539 2120 esset
561 2069 590 2120 et
614 2069 714 2120 mater.
738 2066 818 2130 Quod
838 2064 923 2120 etiam
946 2064 1034 2120 Elisa·
1086 2069 1164 2135 deut,
1187 2067 1209 2122 si
1232 2067 1324 2123 beatae
1344 2066 1467 2138 Virginis
1489 2070 1572 2138 partu
1593 2068 1645 2121 aut
1667 2083 1741 2123 caro
1768 2069 1827 2123 sine
1846 2067 1895 2122 dei·

217 2161 287 2215 heth
302 2160 384 2230 (sicut
408 2161 494 2215 Lucas
513 2159 835 2230 evangelistadeclerat)
849 2159 992 2213 intellexit
1009 2163 1037 2214 et
1086 2166 1154 2231 tate,
1179 2164 1228 2215 aut
1257 2161 1344 2215 deitas
1369 2163 1412 2214 est
1441 2165 1504 2216 orta
1528 2159 1588 2215 siue
1607 2176 1711 2216 carne.
1735 2162 1816 2217 Sicut
1832 2162 1893 2216 enin

219 2253 318 2308 dixit:
341 2276 355 2303 «
380 2254 459 2308 Unde
488 2253 540 2308 hoc
564 2252 656 2320 mihi,
684 2255 717 2307 ut
741 2252 837 2307 veniat
863 2256 954 2306 mater
980 2253 1034 2307 Do·
1087 2255 1184 2326 negari
1197 2272 1255 2310 non
1271 2258 1374 2326 potest,
1393 2253 1567 2326 evangelista
1579 2253 1705 2322 dicente,
1724 2255 1804 2328 quod
1818 2277 1831 2303 o
1844 2256 1894 2310 Ver·

219 2347 290 2402 miui
312 2347 368 2403 mei
391 2347 427 2401 ad
456 2346 527 2402 me?
552 2368 566 2394 o
582 2348 653 2417 (huc.
669 2363 688 2413 1,
704 2348 757 2415 45.)
779 2343 1036 2419 Eutichesquoque
1086 2349 1154 2404 bum
1175 2365 1240 2403 caro
1265 2349 1369 2403 lactum
1393 2353 1445 2415 est,
1470 2351 1499 2404 et
1515 2348 1656 2403 habitavit
1678 2348 1712 2403 in
1725 2348 1810 2404 nobis
1823 2350 1890 2417 (lora

220 2442 322 2497 eodem
351 2441 522 2514 percelletur
547 2441 741 2507 anathemate,
769 2441 819 2513 qui
851 2458 903 2512 per
934 2441 1037 2512 impios
1088 2461 1106 2509 1,
1136 2445 1200 2513 tt);
1230 2465 1243 2491 a
1272 2443 1311 2497 ita
1345 2442 1447 2514 negari
1475 2458 1533 2496 non
1562 2444 1673 2513 potest,
1711 2443 1797 2499 beato
1823 2443 1890 2499 Paulo

218 2540 348 2592 veterum
369 2537 569 2592 hereticorum
599 2537 743 2591 volutatus
772 2551 891 2600 errores,
917 2535 1035 2590 tertium
1086 2537 1213 2609 apostolo
1235 2536 1421 2608 praedicante,
1445 2536 1521 2609 quod
1539 2558 1552 2586 o
1571 2538 1646 2592 Deus
1663 2542 1732 2593 erat
1753 2537 1783 2593 in
1800 2537 1889 2594 Christo

218 2631 386 2703 Apollinaris
417 2630 523 2703 dogma
553 2629 676 2701 delegit,
708 2633 738 2684 ut
769 2633 871 2702 negata
902 2629 1037 2685 humanas
1086 2630 1228 2685 mundum
1248 2629 1433 2685 reconcilians
1453 2629 1505 2684 sihi
1532 2632 1555 2696 (l
1574 2632 1634 2688 Cor.
1659 2646 1686 2698 r,
1713 2633 1768 2699 ¹9l·
1797 2653 1809 2679 o
1836 2631 1888 2695 Oua

221 2725 311 2778 <arnis
333 2728 417 2794 atque
440 2723 544 2778 auirme
565 2723 683 2778 veritate
699 2724 792 2776 totum
809 2721 965 2776 Dominum
983 2738 1035 2776 no·
1087 2727 1184 2779 autern
1210 2724 1272 2778 haec
1292 2724 1482 2779 reconciliatio
1504 2740 1565 2780 esse
1584 2727 1681 2795 posset
1704 2741 1765 2797 qua
1784 2725 1888 2780 humano

222 2817 310 2872 strum
327 2818 422 2872 desum
442 2816 587 2871 Christum
607 2816 693 2871 unius
709 2821 816 2871 asserat
834 2832 894 2871 esse
916 2819 1035 2885 naturae,
1088 2817 1185 2890 generi
1213 2817 1417 2890 propitiaretur
1442 2819 1516 2874 Deus
1548 2817 1602 2873 nisi
1628 2817 1763 2874 omnium
1795 2834 1887 2874 cauea

226 2909 358 2975 tanquam
386 2909 470 2964 Verbi
505 2910 596 2965 deitas
625 2910 686 2980 ipsa
712 2925 741 2964 se
771 2910 799 2963 in
825 2925 941 2963 carnem
969 2925 1035 2965 con·
1087 2911 1230 2966 mediator
1251 2912 1300 2966 [lei
1319 2911 1528 2983 hominumque
1553 2911 1742 2983 susciperet?
1762 2915 1818 2978 Oua
1837 2928 1887 2966 sero

225 2995 348 3064 uerterit,
372 3005 398 3055 et
423 3002 533 3074 concipi
551 3020 582 3058 ac
608 3003 696 3073 nesci,
717 3002 820 3058 nutriri
842 3005 871 3058 et
899 3019 1035 3070 creseere,
1087 3006 1194 3060 ratione
1215 3004 1363 3060 veritatem
1384 3005 1545 3061 ltlediatoris
1566 3004 1716 3077 impleret,
1737 3006 1793 3061 nisi
1812 3005 1885 3078 quiin

224 3088 352 3160 crucifigi
371 3104 403 3142 ae
417 3095 501 3166 mori,
527 3096 639 3168 sepeliri
664 3113 695 3151 ac
720 3112 882 3167 resurgere,
898 3100 925 3151 et
938 3114 1036 3152 ascen·
1087 3099 1180 3154 torma
1200 3099 1249 3153 Dei
1275 3099 1392 3170 aequalis
1412 3103 1453 3154 est
1476 3099 1552 3154 Patri
1576 3099 1605 3153 in
1627 3098 1726 3155 forma
1749 3101 1817 3155 serri
1836 3114 1885 3172 par·

224 3186 290 3240 dere
317 3183 346 3236 in
374 3181 490 3260 miltun,
514 3193 542 3245 et
564 3191 595 3245 in
624 3189 714 3246 Patris
739 3189 873 3258 dextera,
901 3191 976 3246 unde
1001 3192 1037 3247 ad
1086 3193 1174 3264 ticeps
1200 3196 1272 3247 esset
1297 3197 1325 3248 et
1355 3193 1455 3262 nostri,
1478 3197 1509 3247 ut
1530 3193 1631 3248 mortis
1651 3193 1801 3249 vinculum
1821 3194 1886 3249 nnius

221 3275 392 3350 judicandos
418 3273 495 3328 ViVOS
518 3288 547 3339 et
579 3287 708 3340 mortuos
743 3283 837 3339 veniet
868 3285 1035 3356 considere,
1085 3285 1319 3360 prevaricatione
1361 3291 1557 3356 contractum,
1592 3287 1682 3342 unius
1718 3292 1809 3344 morte
1837 3287 1886 3358 [qui

226 3372 330 3426 ‘livinae
359 3371 473 3424 lanium
496 3378 618 3433 essuqiae
637 3378 734 3445 luerit,
758 3395 821 3450 quae
845 3378 918 3433 nihil
933 3379 1036 3434 horum
1087 3381 1162 3435 solos
1183 3380 1270 3435 morti
1294 3379 1365 3435 nihil
1388 3379 1496 3452 debuit)
1510 3379 1694 3437 solveretur?
1709 3381 1812 3437 [illusio
1828 3381 1886 3435 enin

225 3468 255 3521 in
281 3482 311 3519 se
338 3463 398 3518 Sine
421 3459 515 3516 0²¹?ssss
541 3471 631 3529 rec‘til
655 3472 789 3542 veritate,
818 3472 954 3545 quoniam
984 3491 1035 3528 na·
1087 3491 1138 3546 pro
1150 3474 1264 3546 injustis
1279 3473 1510 3546 sanguinistusti
1524 3478 1581 3529 tam
1595 3479 1701 3547 potens
1715 3475 1772 3533 fuit
1782 3475 1816 3531 ad
1825 3473 1886 3547 priri-

227 3567 290 3615 illm
311 3555 458 3629 Unigenffi
482 3558 755 3634 ¹¹³l111¹119⁵=Patris‚
782 3570 885 3622 natura
912 3572 954 3622 est
973 3567 1035 3639 Spi-
1086 3568 1206 3639 legium,
1224 3572 1281 3622 tam
1298 3567 1374 3622 dives
1395 3567 1429 3622 ad
1454 3567 1600 3639 pretium;
1625 3571 1657 3623 ut
1692 3569 1716 3624 si
1744 3568 1887 3625 universitas

231 3655 301 3709 titus
325 3649 429 3706 Sancti·
455 3646 601 3717 Simulque
624 3643 809 3727 imhssibilis,
833 3660 918 3715 simul
936 3665 978 3716 est
992 3660 1035 3715 iu-
1087 3661 1262 3732 captivorum
1280 3661 1311 3715 in
1330 3661 1554 3731 Redemptorem
1573 3677 1659 3716 suum
1673 3660 1887 3732 crederet,nullr

229 3743 441 3803 commutabilis
452 3740 635 3812 sempileffiffi
646 3736 793 3823 Trim⁴stis,
811 3754 934 3810 indivisa
944 3755 1037 3809 unitas
1087 3755 1194 3810 diaboli
1206 3754 1324 3810 vincula
1337 3754 1508 3824 retinereut;
1528 3755 1680 3828 quoniam,
1705 3756 1780 3812 sicut
1791 3759 1886 3828 Aposto

232 3849 260 3898 ot
287 3835 535 3896 consubstantialis
561 3830 720 3904 ae<infimas-
750 3829 818 3904 l²·de
846 3848 869 3903 si
894 3849 1037 3919 Apollina—
1087 3848 1130 3903 lus
1142 3848 1191 3918 ait,
1210 3871 1223 3898 o
1238 3847 1450 3903 ubiahundavit
1462 3853 1611 3919 peecatum
1624 3849 1887 3920 superabundante

231 3936 270 3990 1'15
288 3930 471 4006 Vellelssilale
496 3926 689 3999 EVfVChlVVVS
712 3921 824 3994 quisqu„
842 3941 982 4010 desciscit,
1001 3958 1037 3997 ne
1088 3943 1180 4015 gratia
1196 3942 1278 4013 (Rom.
1295 3958 1322 4011 v,
1342 3943 1396 4012 20).
1415 3962 1428 3993 »
1446 3943 1479 3998 Et
1491 3957 1556 3997 cum
1575 3942 1630 3997 sub
1643 3944 1760 4015 peccati
1778 3941 1886 4017 prejudi·

233 4027 419 4084 convineatur
432 4023 568 4078 deilfllem
583 4017 745 4091 passibilem
760 4014 952 4107 sentiregq„
963 4052 1038 4090 mor·
1087 4036 1131 4090 cio
1152 4035 1212 4091 uati
1226 4038 1394 4106 potestatem
1409 4037 1579 4107 acceperuut
1595 4036 1632 4090 ad
1643 4036 1793 4107 justitiam
1809 4052 1886 4093 rena«-

235 4122 336 4189 lalen¹‚
362 4123 390 4173 θῑ
411 4121 509 4171 lamen
538 4112 623 4169 Verbi
650 4108 800 4177 immitit
829 4106 859 4162 id
883 4122 929 4191 θ’,
956 4129 1038 4184 Verbi
1087 4129 1180 4195 cendi,
1199 4128 1317 4184 validius
1337 4130 1444 4184 lactum
1463 4137 1505 4185 est
1523 4129 1634 4185 donum
1657 4130 1799 4188 libertatis
1820 4143 1885 4203 quan

235 4219 263 4268 el
275 4212 367 4268 carnis
382 4225 472 4264 unam
491 4207 577 4261 fludtl
596 4203 783 4277 VP⁰¹¹¹¹¹¹U²¹re
802 4202 1039 4277 naturam’‘riani-
1087 4223 1214 4278 debitum
1230 4223 1382 4278 servitutis.
1396 4224 1487 4288 Quam
1502 4223 1597 4295 itaque
1611 4223 1668 4279 sthi
1683 4224 1716 4281 in
1727 4225 1811 4298 hujus
1818 4239 1886 4279 sacre

235 4309 306 4361 leste
326 4305 355 4359 in
376 4301 519 4358 Valentini
542 4303 572 4354 et
594 4297 742 4354 llanichaei
765 4293 866 4350 transit
890 4293 1035 4383 insania,3
1088 4316 1178 4371 men„
1192 4316 1324 4388 midi„
1339 4333 1419 4388 spem
1443 4317 1620 4389 relinquunt,
1641 4320 1696 4389 qui
1714 4318 1745 4374 in
1767 4319 1885 4375 salvator,

236 4406 264 4456 et
277 4398 467 4454 mediatorem
488 4394 540 4449 Dei
559 4396 587 4448 et
608 4391 770 4457 hominum,
792 4387 942 4443 hominem
956 4387 1041 4440 lesui.
1087 4415 1185 4466 nostro
1205 4416 1313 4482 negant
1333 4411 1452 4466 humani
1473 4411 1599 4483 corporis
1614 4412 1794 4469 ,en-,atem
1809 4412 1885 4469 Dim,

236 4494 379 4551 Christum
400 4487 575 4545 simulatorie
596 4485 688 4542 credit
707 4482 806 4538 omnia
819 4482 920 4554 egisse,
936 4496 989 4536 nec
1000 4479 1054 4533 ho·
1065 4497 1147 4578 [φο
1158 4504 1295 4560 sacrificio
1306 4504 1489 4573 ,econcffiapi’
1509 4505 1608 4560 dican,
1626 4522 1688 4577 quo
1704 4507 1836 4579 sanguine
1847 4503 1886 4558 ,qq

237 4603 359 4645 suanum
372 4586 402 4641 in
415 4585 601 4657 ipsocorpus,
613 4572 1056 4651 sedplantasmaticamcorporis
1107 4588 1253 4669 rqempfig,
1280 4620 1293 4647 ss
1309 4598 1718 4673 Quisesp(utppos,01usait)
1734 4595 1884 4672 quimdqu

239 4682 363 4755 speciem
379 4678 465 4734 oculis
484 4675 647 4749 apparuisse
663 4671 852 4728 cernentium.
869 4671 936 4734 Quae
954 4666 1056 4736 impie·
1107 4679 1277 4764 sen-,ipsum
1295 4708 1348 4763 pm
1367 4692 1450 4747 nohis
1472 4691 1646 4749 oblationem
1670 4698 1702 4750 ep
1717 4695 1832 4752 hoefim
1845 4691 1883 4746 Μ

238 4777 301 4830 tatis
324 4772 489 4839 mendacia,
514 4770 649 4843 quoniam
673 4767 740 4822 olim
762 4765 832 4819 fidos
853 4761 993 4818 catholica
1012 4760 1057 4815 de·
1107 4754 1247 4841 inodo„n
1268 4785 1534 4858 suavitatisfflpqws·
1555 4803 1582 4855 ,v
1598 4789 1648 4859 w
1665 4810 1680 4838 „
1701 4786 1837 4861 Autquod
1848 4798 1882 4838 un.

242 4873 372 4933 testatur,
393 4871 422 4921 et
438 4865 558 4920 aliarum
574 4862 762 4918 assertionum
778 4856 926 4926 sacrilegia
938 4869 1056 4909 concor·
1109 4866 1194 4923 quarn
1212 4864 1365 4934 saqficium
1387 4879 1522 4935 sacratius
1537 4880 1601 4950 fuit,
1623 4897 1713 4953 quam
1732 4882 1808 4955 quod
1825 4890 1883 4933 mus

240 4962 324 5017 ilibus
360 4976 411 5032 per
450 4962 541 5013 totum
581 4956 721 5011 mundum
759 4954 909 5008 beatorum
943 4951 1058 5004 Petrum
1110 4949 1138 4999 et
1161 4949 1283 4999 aternus
1298 4973 1408 5028 ,musa
1423 4973 1505 5028 altari
1520 4974 1882 5046 crucisperimmohfiom

241 5055 349 5111 dudum
375 5057 441 5108 sunt
464 5053 600 5107 damnata
622 5048 778 5117 sententiis,
804 5062 863 5102 non
884 5044 1003 5099 dubium
1018 5045 1060 5097 est
1109 5054 1167 5093 suae
1177 5036 1270 5091 carnis
1281 5034 1419 5123 impulit?
1433 5067 1568 5132 Quamvis
1578 5068 1657 5124 enim
1673 5070 1827 5126 multorum
1838 5078 1882 5120 m·

242 5167 305 5206 eam
326 5164 378 5202 nos
400 5146 487 5201 tidem
505 5145 662 5218 praedicare
683 5147 766 5215 atque
792 5139 956 5203 defendere,
973 5152 1059 5208 quam
1109 5139 1220 5188 olorum
1234 5130 1264 5183 in
1283 5143 1417 5216 consp,u
1436 5160 1550 5216 Domini
1572 5162 1701 5233 pretiosa
1717 5180 1793 5220 mm
1809 5156 1881 5216 sm,

241 5248 341 5300 sancta
365 5240 495 5313 Synodus
513 5239 627 5293 Nicaeae
651 5234 830 5291 confirmavit
848 5233 945 5289 dicens
966 5248 972 5285 :
996 5231 1060 5285 Cre·
1111 5226 1217 5283 nullius
1231 5221 1722 5329 ‘³⁰¹⁰ss³⁰⁸⁰”soccisioredempuo
1732 5257 1785 5313 fui,
1797 5248 1880 5311 mund-L

242 5339 336 5393 dimus
368 5335 397 5390 in
430 5349 520 5388 unum
550 5332 640 5386 [lcum
672 5332 784 5385 Patrem
814 5326 1058 5397 omnipotentem,
1111 5314 1374 5390 deceperuntjusti,
1389 5328 1730 5420 ¹¹⁰⁰'edeu1ntc0r0nas,
1743 5353 1772 5407 el
1780 5350 1812 5406 de
1823 5342 1881 5402 som,

241 5430 397 5487 visibilium
427 5431 456 5482 et
480 5423 663 5480 invisibilium
690 5423 839 5487 lectorem,
868 5425 896 5474 et
920 5419 1061 5472 inunum
1111 5414 1211 5469 tudine
1228 5411 1355 5466 fidelium
1372 5423 1651 5500 “emm'natasunt
1673 5443 1824 5517 patienti&
1841 5450 1881 5493 nm

244 5525 399 5581 hominum
421 5524 516 5577 lesum
539 5517 683 5575 Christum
704 5516 805 5572 Filium
829 5513 888 5580 hei,
912 5515 1010 5567 natum
1026 5510 1061 5565 de
1113 5503 1326 5578 donajustitiae.
1343 5501 1508 5573 Singulares
1529 5535 1556 5592 ‘·i
1575 5536 1789 5612 peinsingulis
1800 5535 1882 5592 mom

173 5632 177 5640 ·
244 5622 324 5675 Patre
351 5616 544 5689 unigenitum,
579 5612 632 5667 hoc
659 5615 701 5666 est
723 5610 751 5665 in
777 5606 934 5664 substantia
962 5604 1060 5660 Patris.
1111 5602 1237 5667 fuorunt,
1260 5614 1313 5653 nee
1332 5595 1448 5651 alterius
1471 5593 1554 5666 quisq
1622 5631 1755 5689 debitum
1774 5647 1821 5686 wo
1843 5626 1882 5679 fine

242 5714 332 5767 lteum
350 5711 384 5767 de
411 5713 480 5781 heo,
505 5710 602 5764 lumen
621 5706 656 5762 de
675 5705 793 5772 lumine,
809 5705 897 5758 Deum
914 5717 1012 5756 verum
1028 5699 1062 5753 dc
1112 5693 1257 5769 persolvit,
1275 5707 1340 5748 eum
1354 5690 1431 5745 inter
1442 5687 1517 5743 lilios
1530 5687 1663 5782 Ιιοιηχ1111
1680 5743 1755 5782 unus
1768 5720 1883 5780 wlffino

229 5807 288 5859 lieo
304 5823 385 5879 vero,·
399 5812 502 5864 uatum
519 5823 575 5863 nou
590 5803 711 5874 lachim,
726 5799 809 5858 unius
820 5795 983 5855 substantia
994 5809 1061 5849 cum
1113 5789 1313 5845 minusnostcr
1325 5786 1404 5842 lesus
1416 5781 1741 5881 christusquireqm,
1749 5833 1834 5894 ,snus
1844 5815 1881 5870 in„
