3870 6150
125 222 176 276 *sill
570 215 711 268 Al‘l’ilb'D.
733 213 777 268 All
797 214 877 268 SAEC.
898 212 941 267 lx.
958 241 993 253 -
1008 212 1129 269 lSlDthl
1148 214 1359 270 sanceronis
1755 216 1803 270 780

123 325 290 399 blasphema
310 323 470 396 insipientia
488 322 616 395 protulit,
631 324 666 377 ab
688 321 818 376 omnium
835 322 937 376 animis
947 328 1198 405 Aconsecratum,
1224 327 1257 378 ut
1275 322 1415 395 quidquid
1428 327 1469 380 est
1489 340 1507 378 a
1527 320 1650 378 Domino
1671 320 1804 394 insignius

125 419 288 493 repellatur.
305 422 343 473 Ac
357 417 379 472 si
392 419 452 489 ipss
468 416 516 488 qni
530 416 560 472 in
573 417 649 472 hanc
662 417 851 471 tentationem
871 415 939 471 inci·
989 417 1174 472 constitutum
1196 417 1225 472 in
1244 417 1330 488 hujus
1355 416 1411 473 diei
1428 416 1567 490 dignitate
1587 415 1624 471 sit
1636 417 1803 487 gestumln

123 515 173 583 dit,
187 512 345 583 resipiscat,
364 511 404 566 ita
431 515 461 565 ut
481 527 532 582 per
549 510 698 565 liberalem
716 509 940 565 satisfactionem
988 511 1042 566 hac
1064 511 1191 566 mundus
1209 512 1333 582 sumpsit
1354 511 1514 567 exordium.
1530 512 1561 566 ln
1583 510 1638 565 hac
1653 526 1709 582 per
1721 526 1803 566 rmor—

122 607 269 679 proprium
285 606 402 662 damnet
412 621 551 672 errorem,
564 603 728 659 communio
739 602 765 657 ei
775 603 817 659 sui
832 603 940 658 ordinis
989 604 1145 660 rectionem
1160 605 1274 675 Christi,
1298 608 1327 660 et
1340 621 1416 660 mors
1438 604 1598 675 interitum,
1619 603 1721 659 etrite
1738 620 1804 660 acce

122 701 303 756 reformetur.
327 700 406 765 Quod
427 699 513 754 etiam
535 701 634 753 sancto
659 697 793 753 l'laviano
809 697 940 769 episcopo
989 699 1032 771 pit
1058 698 1182 754 initium.
1198 700 1228 754 ln
1249 700 1300 755 bac
1324 700 1472 772 apostolia
1492 698 1617 754 Domino
1638 697 1804 769 praedicandi

121 811 169 850 me
182 794 333 849 clementia
353 796 402 848 tua
423 792 568 865 scripsisse
593 795 755 863 cognoscat,
771 796 804 847 ut
816 791 940 846 charitas
990 793 1020 852 in
1033 793 1166 848 omnibns
1185 793 1318 864 gentibus
1340 794 1486 866 Evangelii
1509 793 1611 849 tubam
1631 795 1760 858 sumunt,
1780 796 1804 847 et

121 904 179 944 non
193 892 326 959 negetur,
341 886 364 941 si
385 903 465 942 error
478 885 618 941 aboletur.
836 892 839 897 ’
991 886 1141 942 ferendum
1156 887 1285 943 universo
1298 888 1406 943 mundo
1426 892 1640 944 sacramentum
1660 901 1802 957 regenere-

207 983 248 1036 tll.
265 1013 298 1021 -
311 982 358 1036 Ad
370 983 525 1037 Dioscorom
538 980 760 1036 Alexandrinum
774 982 854 1050 episc.
991 981 1074 1036 tionis
1092 980 1245 1052 accipiunt.
1261 983 1292 1037 ln
1306 980 1369 1051 hac,
1385 981 1458 1038 sicut
1472 982 1573 1038 beatus
1586 981 1715 1037 loannes
1726 995 1803 1034 ercn-

159 1077 213 1132 Lso
227 1077 362 1132 Dioscoro
376 1073 506 1130 Ecclesiae
520 1073 715 1129 Alexandrinae
726 1073 866 1144 episcopo.
991 1076 1091 1146 gelista
1102 1079 1232 1143 testatur,
1248 1076 1430 1147 congregatis
1443 1076 1474 1131 in
1493 1091 1587 1131 unum
1607 1074 1756 1145 discipulis
1764 1073 1803 1144 J's·

158 1173 302 1235 Quantum
317 1168 461 1223 dilectioni
482 1172 537 1222 tuce
556 1167 708 1222 Dominicae
726 1167 871 1222 charitatis
887 1167 939 1221 irn-
990 1170 1055 1224 nuis
1091 1169 1203 1236 clausis,
1232 1186 1297 1224 cnm
1335 1171 1370 1225 ad
1396 1186 1443 1225 eos
1479 1169 1619 1226 Dominus
1659 1167 1805 1232 introisset

123 1265 282 1338 pendamus
297 1263 442 1329 affectum,
457 1262 552 1317 exboc
568 1262 673 1334 poteris
686 1261 855 1333 approbare,
866 1260 942 1331 qnod
994 1263 1176 1318 «insufflavit
1194 1266 1223 1318 et
1244 1263 1331 1319 dixit:
1356 1263 1479 1336 decipite
1504 1263 1647 1336 Spiritum
1670 1264 1803 1327 sanctum,

123 1365 171 1416 tua
196 1357 306 1413 firmius
329 1355 522 1412 desideramus
546 1355 848 1421 funda1·einitia,ne
872 1353 942 1426 quid
992 1372 1112 1430 quorum
1142 1358 1306 1413 remiseritis
1332 1362 1457 1430 peccata,
1485 1357 1680 1414 remittuntur
1708 1355 1758 1423 cis,
1782 1358 1806 1410 et

76 1444 78 1447 ¹
125 1451 255 1509 charitati
274 1456 329 1506 tua
344 1451 379 1506 ad
392 1449 600 1522 perfectionem
617 1448 715 1503 deesse
728 1447 867 1515 videatur,
878 1464 942 1502 curn
992 1468 1116 1523 quorum
1139 1451 1327 1521 detinueritis,
1349 1453 1465 1508 detenta
1491 1453 1577 1508 erunt
1592 1450 1686 1522 (Joou.
1702 1467 1748 1516 xx,
1767 1452 1806 1518 22,

126 1547 177 1604 tibi
200 1545 326 1617 specialis
349 1545 446 1616 gratie
465 1543 577 1610 merita,
592 1545 623 1597 ut
637 1541 828 1614 probavimus,
844 1541 944 1596 snffra·
993 1545 1047 1616 23).
1065 1526 1082 1593 η’
1094 1546 1125 1600 ln
1139 1545 1192 1600 hac
1203 1545 1325 1617 deniqne
1339 1545 1497 1617 promissus
1510 1562 1527 1600 a
1542 1544 1668 1600 Domino
1680 1543 1807 1616 apostolis

129 1644 240 1712 gantur.
266 1640 388 1693 Paterna
413 1638 511 1709 igitur,
534 1639 563 1691 et
584 1637 711 1691 fraterna
730 1635 843 1693 collatio
861 1635 945 1691 debet
995 1638 1114 1710 Spiritus
1128 1642 1241 1693 sanctus
1254 1638 1377 1707 advenit,
1397 1643 1430 1694 ut
1452 1638 1558 1695 coelesti
1573 1638 1704 1710 quadarn
1718 1637 1807 1709 regulo

129 1734 271 1789 sanctitati
290 1737 346 1787 tuas
366 1747 427 1786 esse
446 1730 615 1803 gratissima,
630 1735 658 1786 et
674 1747 691 1785 a
710 1732 736 1784 te
751 1729 846 1784 taliter
862 1710 983 1783 susci-B
995 1731 1182 1800 insinuatum,
1197 1735 1225 1787 et
1239 1733 1375 1788 traditum
1392 1733 1553 1789 noverimus
1567 1732 1662 1788 inille
1680 1731 1728 1786 dic
1747 1730 1806 1786 cele

128 1829 167 1901 pi,
181 1826 424 1900 quemadmodum
437 1842 455 1880 a
467 1825 551 1880 uobis
561 1840 624 1879 eam
642 1823 784 1894 intelligas
794 1822 943 1894 proticisci.
994 1825 1255 1882 brandanobisesse
1264 1825 1360 1900 192
1366 1827 1502 1898 mysteria
1508 1824 1807 1882 sacerdotaliumbene

129 1923 224 1978 Unum
243 1922 321 1976 enim
345 1937 395 1974 nos
416 1919 521 1974 sentire
538 1922 648 1990 oportet
666 1921 695 1973 ct
715 1933 811 1989 agere,
829 1920 857 1971 nt
874 1915 946 1971 sicut
996 1919 1805 1992 dictionum,inquocollatasuntomniadonagratiarnm.

130 2016 262 2087 legimus,
279 2015 309 2070 in
324 2013 405 2069 nobis
419 2029 534 2085 qnoque
555 2033 569 2061 α
590 2028 681 2066 unurn
700 2026 761 2065 esse
775 2027 834 2083 cor,
849 2009 946 2066 etani·
995 2015 1029 2069 Ut
1051 2016 1147 2069 autem
1172 2014 1305 2069 omnibus
1329 2015 1509 2071 observantia
1537 2019 1638 2071 nostra
1657 2013 1806 2082 concordet,

130 2126 179 2164 rna
189 2126 246 2164 nna
256 2109 328 2180 (Act.
341 2125 378 2175 vv,
389 2108 453 2176 Sit»
463 2105 751 2178 comp1·obatnr.Cum
762 2103 947 2159 enimbeatis·
995 2106 1067 2163 illud
1090 2125 1204 2179 quoque
1219 2108 1348 2163 volumus
1370 2109 1506 2164 custodiri
1521 2114 1554 2164 nt
1574 2125 1644 2163 cum
1663 2107 1807 2163 solemnior

132 2203 222 2257 simus
239 2203 337 2258 Petrus
356 2201 544 2273 apostolicum
558 2217 574 2253 a
587 2199 705 2254 Domino
718 2198 860 2270 acceperit
872 2197 948 2269 prin·
996 2201 1134 2258 festivitas
1148 2205 1317 2258 conventum
1332 2203 1430 2274 populi
1445 2203 1665 2258 numerositatis
1676 2200 1807 2265 indixerit,

133 2297 269 2368 cipetum,
291 2300 320 2351 et
339 2296 468 2350 Romana
492 2294 615 2349 Ecclesia
640 2293 671 2349 in
695 2292 756 2364 ejus
779 2293 949 2365 permaneat
998 2300 1026 2352 et
1043 2295 1080 2350 ad
1102 2312 1165 2350 eam
1185 2301 1265 2351 tanta
1289 2297 1442 2353 multitudo
1463 2296 1595 2352 convenit
1622 2312 1713 2368 quam
1733 2293 1809 2366 recipi

133 2389 279 2457 institutis,
293 2390 374 2444 nefas
397 2391 439 2444 est
460 2389 576 2443 credere
594 2387 671 2459 quod
692 2390 806 2441 sanctus
824 2384 946 2457 discipu·
998 2390 1113 2446 basilica
1126 2389 1209 2444 simul
1226 2407 1282 2446 una
1294 2406 1351 2445 non
1364 2391 1461 2463 possit,
1477 2389 1607 2447 sacrificii
1624 2390 1730 2445 oblatio
1741 2387 1810 2444 indo

133 2485 176 2539 lus
198 2484 258 2556 ejus
282 2484 399 2550 Dareus,
420 2482 469 2555 qui
493 2481 713 2537 Alexandrinam
733 2480 842 2551 primus
864 2480 949 2534 eccle·
999 2483 1123 2539 bitanter
1139 2484 1266 2554 iteretur,
1287 2484 1383 2540 uehis
1406 2487 1516 2541 tantum
1540 2484 1674 2540 admissis
1695 2483 1732 2538 ad
1749 2482 1809 2537 hanc

134 2579 205 2634 siam
221 2576 404 2649 gubernavit,
420 2575 482 2632 aliis
503 2576 610 2648 regulis
629 2575 818 2631 traditionum
834 2589 949 2628 suarum
999 2577 1180 2634 devotionem
1201 2578 1250 2649 qui
1273 2578 1359 2650 primi
1374 2578 1554 2633 advenerunt
1568 2578 1722 2634 videantur
1740 2577 1759 2631 ii
1770 2574 1811 2647 qui

135 2672 250 2727 decreta
261 2671 434 2740 formaverit,
443 2687 508 2726 cum
518 2670 552 2725 de
563 2671 667 2725 eodem
680 2669 759 2724 fonte
769 2667 950 2739 gratiaennus
1000 2676 1065 2742 post
1078 2671 1195 2725 modurn
1210 2671 1402 2727 confluxerint
1418 2688 1478 2727 non
1492 2672 1608 2745 recepti,
1624 2688 1692 2727 cum
1706 2671 1811 2742 plenum

136 2765 251 2837 spiritus
272 2765 369 2833 fuerit,
387 2768 416 2819 et
437 2763 577 2835 discipuli,
591 2768 619 2818 et
632 2762 773 2833 magistri,
798 2777 850 2815 nec
873 2759 950 2815 aliud
1001 2765 1112 2837 pietatis
1134 2769 1218 2836 atquc
1234 2765 1352 2821 rationis
1370 2766 1415 2831 sit,
1443 2769 1475 2820 ut
1488 2766 1599 2838 quoties
1625 2765 1770 2821 basilicam
1788 2762 1812 2817 in

137 2859 282 2916 ordinatus
306 2857 419 2913 tradere
441 2857 576 2928 potuerit,
591 2873 677 2927 quam
690 2855 767 2927 quod
788 2855 823 2909 ab
843 2853 952 2909 ordina-
1002 2876 1059 2930 qua
1070 2857 1165 2930 agitur
1181 2860 1335 2929 praesentia
1348 2876 1430 2914 novre
1448 2859 1538 2930 plebis
1550 2859 1724 2930 impleverit,
1742 2857 1812 2912 toties

137 2957 200 3009 tore
216 2951 348 3022 suscepit.
364 2954 426 3007 Non
443 2968 513 3022 crgo
529 2950 665 3021 patimur,
676 2952 709 3004 ut
725 2966 790 3004 cum
802 2949 886 3004 unius
900 2965 952 3002 nos
1002 2952 1170 3007 sacrificium
1184 2953 1360 3024 subsequens
1374 2953 1519 3008 offeratur.
1535 2954 1656 3007 Necesse
1669 2956 1712 3008 est
1727 2956 1812 3006 autern

138 3046 265 3118 corporis
280 3048 309 3100 et
323 3045 391 3100 fidei
406 3045 549 3100 fateamur
559 3044 588 3097 in
599 3043 695 3114 aliquo
707 3043 908 3114 discrepemus,
924 3047 953 3097 et
1002 3050 1034 3103 ut
1049 3046 1181 3118 quedam
1201 3063 1265 3118 pars
1290 3047 1389 3118 populi
1412 3063 1462 3101 sua
1474 3046 1628 3101 devotione
1651 3043 1812 3118 privetur,si

138 3141 194 3196 alia
222 3139 360 3207 doctoris,
386 3138 442 3193 alia
468 3137 598 3208 discipuli
633 3136 764 3192 instituta
792 3136 951 3191 videantur.
1006 3141 1089 3196 unius
1103 3141 1319 3196 tantummissce
1329 3139 1812 3196 moreservatosacrisrciumotlerre

139 3234 220 3300 Quod
235 3250 305 3306 ergo
320 3232 476 3305 &patribus
489 3232 594 3287 nostris
605 3231 791 3303 propensiore
802 3230 956 3286 curanovi·
1005 3251 1061 3290 non
1075 3234 1193 3306 possint,
1211 3234 1266 3289 nisi
1280 3235 1329 3306 qui
1350 3235 1441 3306 prima
1456 3234 1514 3290 diei
1527 3237 1611 3306 parte
1629 3232 1811 3289 convenerint
1834 3261 1836 3265 ν

140 3345 206 3383 mus
226 3343 287 3383 esse
306 3329 458 3395 servatum,
474 3343 489 3379 a
509 3324 587 3380 vobis
606 3325 738 3380 volumus
758 3323 904 3393 custodiri,
923 3328 956 3379 nt
1006 3327 1400 3399 Studioseergodilectioncm
1410 3331 1490 3383 tuam
1498 3333 1526 3384 et
1535 3327 1719 3383 familiariter
1727 3326 1811 3381 admo

141 3439 200 3476 non
213 3421 320 3493 passim
335 3419 434 3475 diebus
444 3419 576 3474 omnibus
591 3418 775 3474 sacerdotalis
789 3419 832 3473 vel
845 3417 956 3473 levitica
1007 3439 1118 3491 nemus,
1130 3424 1161 3476 ut
1173 3422 1251 3493 quod
1260 3425 1363 3477 nostra
1372 3421 1571 3476 consuetudini
1584 3438 1619 3475 ex
1631 3422 1724 3476 forma
1734 3423 1812 3493 pateo

141 3515 284 3571 ordinatio
302 3514 471 3583 celebretur,
494 3513 543 3568 sed
567 3518 632 3584 post
655 3513 733 3568 diem
760 3513 869 3567 sabbati
895 3513 956 3583 ejus
1007 3533 1050 3571 nae
1062 3515 1221 3571 traditionis
1237 3516 1349 3583 insedit,
1374 3520 1424 3570 tua
1442 3531 1557 3587 quoqne
1576 3531 1646 3569 cura
1662 3531 1721 3570 non
1735 3511 1811 3584 negti

140 3609 232 3665 noctis
253 3609 283 3664 in
304 3608 399 3680 prima
418 3608 528 3664 sabbati
541 3624 604 3680 quae
622 3607 740 3662 lucescit
752 3606 869 3661 exordia
884 3606 953 3661 dele·
1007 3613 1065 3681 gat,
1092 3613 1122 3664 nt
1133 3609 1231 3663 omnia
1253 3609 1337 3663 nobis
1359 3626 1392 3664 ex
1406 3609 1462 3663 fide
1488 3613 1515 3663 et
1530 3608 1642 3663 actibus
1656 3609 1811 3678 congruant

36 3729 38 3732 ⁴
143 3708 256 3776 gantur,
271 3702 418 3774 inquibus
436 3701 481 3758 his
500 3702 550 3774 qui
568 3700 752 3757 consecrandi
764 3703 831 3756 sunt
839 3700 955 3771 J'ejunis‚
1006 3703 1214 3774 propterquod
1230 3703 1369 3758 remeanti
1383 3702 1440 3757 tilio
1455 3707 1554 3758 nostro
1576 3701 1743 3758 Possidonio
1762 3714 1811 3772 prc-

142 3803 170 3854 et
182 3815 198 3853 a
210 3797 408 3870 jejunantibus
420 3813 497 3853 sacra
510 3795 669 3851 benedictio
687 3796 859 3851 conferatur.
877 3793 957 3859 Quod
1007 3799 1121 3870 sbytero
1137 3799 1211 3852 banc
1221 3797 1256 3851 ad
1268 3797 1476 3852 fraternitatem
1490 3801 1569 3851 tuem
1584 3797 1737 3868 epistolam
1748 3792 1811 3850 dedi·

143 3892 272 3964 ejusdem
292 3892 480 3948 observantiae
499 3890 562 3958 erit,
580 3889 604 3946 si
622 3905 707 3945 mane
727 3889 786 3961 ipso
809 3887 957 3945 Dominico
1008 3908 1071 3947 mus
1083 3890 1282 3962 perferendam
1305 3890 1354 3962 qni
1369 3890 1472 3945 nostris
1490 3890 1724 3960 processionibus
1744 3892 1811 3959 atque

143 3987 188 4042 die
210 3986 374 4042 continuato
397 3985 506 4041 sabbati
527 3984 638 4056 jejunio
663 3983 833 4039 celebretur.
855 3985 878 4037 Α
901 3999 958 4053 quo
1009 3983 1236 4040 ordinationibus
1247 3985 1413 4056 frequenter
1431 3982 1571 4052 interfuit,
1589 3987 1618 4038 et
1632 3979 1810 4039 totiesednie

146 4085 274 4153 tempore
299 4079 486 4152 precedentis
514 4079 603 4134 noctis
629 4079 710 4133 initia
735 4094 794 4132 non
822 4076 960 4131 recedunt
1009 4096 1055 4134 sus
1068 4078 1137 4150 quid
1158 4078 1188 4133 in
1205 4077 1337 4132 omnibus
1347 4077 1511 4150 apostolicae
1523 4077 1700 4133 auctoritatis
1721 4082 1810 4154 tenere

144 4192 230 4247 quam
245 4173 281 4228 ad
299 4173 376 4229 diem
389 4173 613 4241 resurrectionis,
625 4172 697 4227 sicut
706 4172 794 4226 etiam
808 4171 838 4224 in
853 4169 959 4224 Pascha
1009 4189 1083 4240 mus,
1097 4172 1221 4243 agnovit.
1237 4172 1305 4226 Date
1316 4171 1448 4226 Kalendis
1460 4170 1550 4225 tuliis.

146 4266 259 4323 Domini
278 4267 437 4321 declaratur
456 4266 600 4338 pertinere
615 4281 671 4320 non
686 4265 804 4320 dubium
821 4269 872 4319 est.
889 4265 959 4318 b'arn
1009 4281 1076 4334 p...
1084 4280 1129 4335 Ag
1138 4278 1302 4349 Ephesium
1313 4279 1447 4348 synodum
1457 4277 1614 4338 secundam,
1624 4281 1653 4330 i„
1666 4292 1722 4346 qm,
1732 4286 1807 4345 m.

145 4364 251 4434 praeter
261 4359 458 4415 auctoritatem
470 4359 682 4415 consuetudinis
694 4374 783 4430 quarn
796 4375 828 4413 er
844 4362 959 4429 aposto·
1041 4357 1085 4406 cut
1097 4354 1233 4422 episcopos
1245 4351 1401 4418 Eutycbetis
1416 4349 1596 4419 blasphemius
1607 4348 1784 4402 condemnare.

145 4457 200 4513 lica
214 4455 345 4511 novimus
359 4453 607 4523 veniredoctrina,
622 4453 801 4509 etiamsacra
816 4452 1000 4530 Scriptural)
1047 4455 1100 4510 Lso
1115 4451 1495 4525 episcopussanctaesynodo
1513 4466 1578 4522 quae
1596 4449 1677 4522 apud
1690 4448 1809 4520 Ephesum

69 4605 73 4616 ,
147 4548 683 4622 manifestat,quodcnmapostolorum
695 4548 965 4603 PaulumetBarna·
1014 4547 1154 4602 convenit.

146 4647 214 4702 bam
227 4661 260 4700 ex
273 4648 415 4717 praecepto
428 4643 549 4714 Spiritus
563 4642 653 4697 sancti
670 4642 854 4713 Evangelinnr
867 4640 963 4695 mitte·
1051 4640 1192 4711 lteligiosa
1202 4638 1431 4695 excellentissimi
1446 4637 1582 4709 principis
1597 4638 1680 4706 tides,
1696 4627 1809 4691 scienssd

147 4742 213 4795 rent
226 4739 263 4794 ad
277 4739 500 4811 praedicandum,
510 4760 523 4788 o
534 4737 698 4808 Jejunantes
709 4741 737 4791 et
749 4738 863 4790 orantes
875 4734 966 4805 impo-
1016 4750 1098 4789 snam
1121 4734 1240 4806 gloriam
1256 4734 1380 4789 maxime
1394 4732 1536 4805 pertinere
1557 4731 1671 4786 siiutra
1684 4727 1809 4787 sectatam

149 4837 268 4889 suerunt
286 4833 327 4889 eis
350 4850 451 4888 manus
471 4832 540 4901 (Act.
565 4849 602 4899 vr,
625 4832 662 4902 6),
689 4854 702 4879 »
731 4835 763 4885 ut
775 4829 966 4899 intelligamus
1016 4828 1185 4883 catholicam
1201 4827 1305 4882 nullius
1321 4826 1425 4882 erroris
1439 4841 1559 4897 germen
1572 4830 1747 4897 exsurgeret,
1759 4823 1811 4876 bant

149 4931 255 5000 quanta
292 4931 321 4982 ct
360 4925 490 4981 dantium
526 4930 553 4980 et
582 4925 781 4996 accipientium
818 4922 966 4978 devotione
1017 4922 1205 4978 reverentiam
1220 4921 1324 4976 divinis
1345 4920 1447 4976 detulit
1462 4918 1609 4988 institutis,
1626 4922 1658 4973 ut
1678 4919 1714 4974 ad
1734 4915 1812 4972 sane&

150 5020 310 5077 curandum
324 5021 369 5089 sit,
385 5036 421 5075 ne
435 5023 520 5075 tantae
533 5018 740 5073 benedictionis
756 5021 966 5071 sacramentum
1017 5016 1208 5087 dispositionis
1222 5016 1356 5070 ellectum
1370 5013 1569 5069 auctoritatem
1582 5012 1746 5083 apostolice
1757 5003 1814 5067 Sciit

151 5115 330 5188 negligenter
351 5114 479 5168 videatur
493 5114 652 5184 impletum.
668 5113 702 5167 Et
715 5111 780 5167 idco
800 5111 846 5182 pie
861 5113 890 5165 et
904 5109 964 5163 lau·
1017 5109 1176 5176 adhiberet,
1190 5115 1325 5181 tanquam
1335 5108 1439 5180 abipso
1451 5106 1710 5162 beatissimoPetro
1723 5100 1815 5176 cuperet

150 5209 283 5267 <labiliter
302 5207 462 5279 apostolicis
490 5224 599 5262 morem
625 5205 747 5277 gesseris
775 5204 922 5273 institutis,
944 5203 967 5257 si
1017 5202 1155 5259 declarari
1181 5202 1250 5275 quid
1275 5202 1305 5257 in
1332 5202 1393 5274 ejus
1416 5200 1592 5257 confessione
1617 5200 1766 5257 laudatum
1784 5193 1815 5253 sil

151 5307 225 5362 hanc
238 5303 464 5361 ordinandorum
481 5302 659 5357 sacerdotum
678 5300 802 5355 formam
824 5297 968 5369 pereocta·
1019 5297 1134 5369 qnando
1153 5296 1265 5352 dicente
1293 5295 1434 5352 Domino:
1460 5318 1473 5345 u
1488 5310 1576 5368 quern
1596 5311 1646 5350 me
1665 5309 1727 5350 esse
1741 5286 1816 5348 dicun

151 5399 215 5471 sias,
228 5398 331 5471 quibus
353 5396 489 5452 Dominus
504 5411 627 5467 praeesse
646 5399 672 5447 te
687 5393 784 5461 voluit,
799 5392 885 5446 etiam
908 5390 968 5461 ipse
1018 5391 1148 5447 homines
1169 5389 1260 5445 lilium
1283 5389 1455 5444 hominist»
1480 5389 1589 5459 (narrt.
1604 5405 1662 5456 xvi,
1679 5388 1735 5459 lb.)
1748 5380 1818 5442 venti

151 5493 316 5561 servaveris,
332 5495 363 5546 ut
382 5491 426 5545 bis
447 5490 497 5561 qui
519 5487 702 5543 consecrandi
722 5488 798 5554 sunt,
818 5501 968 5556 nunquam
1019 5485 1134 5557 quidem
1149 5481 1620 5555 diversorumopinionesdiscipuli
1633 5474 1818 5538 memoranti

150 5587 372 5655 benedictiones,
395 5584 448 5640 nisi
461 5584 490 5640 in
516 5583 560 5638 die
580 5580 795 5637 resurrectionis
817 5578 968 5634 Dominicar
1019 5577 1074 5634 Sed
1082 5594 1148 5633 cnm
1162 5578 1197 5633 ab
1211 5577 1252 5633 eis
1264 5577 1333 5650 quid
1344 5577 1398 5649 ipsi
1409 5569 1819 5649 crederentqosrereror,piv

151 5682 323 5747 tribuantur,
347 5678 391 5734 cui
411 5696 428 5733 a
451 5693 571 5750 vespera
594 5675 701 5731 sabbati
722 5675 838 5729 initium
860 5676 970 5729 constat
1020 5689 1086 5744 ceps
1098 5673 1295 5743 apostolorum
1311 5669 1520 5743 plenitudinem
1534 5668 1603 5727 fidei
1615 5668 1696 5727 brevi
1708 5672 1819 5725 serment

141 5774 256 5843 ascribi,
272 5777 301 5830 ct
320 5773 407 5829 tacitis
421 5772 585 5831 divinarum
598 5769 814 5847 dispositionum
828 5767 970 5840 mysteriis
1020 5767 1203 5842 complexus:
1228 5785 1241 5817 v
1264 5766 1305 5823 Tu
1327 5781 1367 5834 es,
1391 5764 1495 5835 inquit,
1525 5762 1656 5823 cbristus
1683 5761 1767 5821 reios
1784 5750 1820 5812 os
