3870 6150
216 236 267 297 ιιι
658 233 801 288 urano.
820 230 865 288 ιι
884 233 964 289 sec.
985 231 1029 286 ιι.
1043 259 1077 270 -
1096 227 1220 285 isinum
1238 224 1452 287 ιιιιιιιοιιι
1534 208 1536 212 '
1847 228 1897 283 ιιι

215 359 343 422 persone
354 347 558 412 accusatorum,
573 358 637 415 que
649 343 710 398 sine
724 342 828 414 scripto
842 341 966 412 difficile,
980 359 1031 414 per
1041 353 1071 427 Α
1081 339 1234 411 credimus,
1243 343 1364 409 testante
1378 340 1498 397 Domino
1513 354 1565 412 per
1577 338 1749 411 prophetam
1766 353 1774 392 ι
1793 357 1807 386 «
1820 337 1896 391 Nun·

214 441 352 513 scriptum
363 441 459 493 autem
468 453 618 509 nunquam
630 437 814 509 recipiantur,
826 437 952 509 quiaper
962 436 1029 490 scri·
1081 434 1148 507 quid
1161 434 1210 507 qui
1225 435 1300 490 cadit
1311 452 1368 490 non
1387 434 1501 505 adjiciet
1515 439 1545 489 ιιι
1559 436 1700 504 resurgat,
1715 434 1744 486 et
1758 430 1809 504 qui
1818 446 1896 486 aver·

214 538 329 608 pturam
342 531 437 587 nullus
450 547 582 586 accusare
592 532 637 587 vel
651 530 777 586 accusari
786 534 890 602 potest,
908 530 956 585 sed
963 546 1030 601 pro·
1081 546 1127 584 sus
1138 534 1188 602 est,
1200 545 1257 583 non
1268 529 1447 584 revertetur?
1457 527 1520 600 (der.
1535 509 1595 597 vrri}
1603 525 1643 596 ι.)
1654 546 1667 575 ι
1679 527 1714 580 Et
1721 524 1790 580 alibi
1802 541 1809 579 :
1820 523 1895 593 Nolo,

214 627 383 701 priavocect
391 623 943 698 praesenteeoquemaccusarevoluerit,
951 639 1031 678 suam
1080 624 1174 695 inquit
1185 623 1329 690 Dominus,
1345 627 1466 678 mortem
1486 619 1651 694 peccatoris,
1668 619 1719 674 sed
1736 621 1770 673 ιιι
1781 633 1895 673 conver·

213 721 336 794 quisque
357 722 426 790 agat
444 717 666 788 accusationem,
685 734 737 774 nec
758 716 875 772 absente
896 733 930 771 eo
944 732 1032 788 quem
1080 720 1157 772 tatur
1171 720 1200 773 et
1209 717 1293 772 vivat.
1304 716 1486 788 Etprophela
1496 713 1584 770 David
1592 712 1791 786 paenitentiam
1799 727 1895 783 agens,

214 829 348 871 accusare
371 811 501 882 voluerit,
529 811 691 884 quicunque
714 815 860 867 accusator
890 810 1029 866 credatur.
1082 810 1172 865 dixit:
1190 831 1204 861 «
1218 811 1316 866 Redde
1331 809 1402 865 mihi
1424 809 1553 865 laetitiam
1574 806 1705 863 salutaris
1722 805 1779 873 tui,
1794 808 1825 861 ct
1842 805 1895 876 spi·

214 907 352 966 Similiter
360 909 446 962 testes
453 921 505 978 per
514 921 714 978 quamcunque
726 905 896 976 scripturam
906 904 1032 960 testimo·
1080 904 1137 959 ritu
1155 903 1306 976 principali
1326 903 1462 958 confirma
1487 919 1535 959 mc
1557 901 1643 973 (Psoi.
1666 917 1693 970 ι,
1721 898 1775 970 ιι).
1802 919 1817 948 »
1840 898 1896 970 lpse

213 1002 295 1058 nium
308 1017 366 1056 non
385 999 541 1072 proferant,
560 999 608 1054 sed
629 1002 783 1070 praesentes
802 997 837 1053 de
852 998 897 1052 his
912 1013 975 1069 quae
989 997 1030 1052 vi·
1080 1014 1203 1070 namque
1215 1001 1277 1070 post
1291 997 1487 1068 paenitentiam
1500 999 1529 1052 et
1544 995 1615 1051 alios
1630 993 1739 1063 docuit,
1755 995 1786 1047 et
1797 990 1895 1047 sacriti-

214 1095 320 1150 derunt
337 1097 366 1149 ιι
380 1095 530 1162 noverunt,
551 1091 688 1148 vemcitcr
709 1091 904 1148 testimonium
925 1090 1029 1146 dicant.
1081 1091 1157 1147 cium
1165 1093 1222 1147 Deo
1232 1091 1343 1159 obtulit,
1355 1090 1426 1145 dans
1436 1089 1600 1160 exemplum
1618 1085 1786 1143 doctoribus
1797 1089 1895 1141 saneta

213 1188 271 1243 Nec
285 1187 320 1242 de
333 1186 396 1242 aliis
411 1185 502 1242 causis
514 1186 559 1242 vel
573 1185 696 1259 negotiis
711 1184 808 1242 dicant
820 1184 1029 1255 testimonium,
1080 1186 1221 1253 Ecclesiae,
1235 1185 1257 1240 si
1269 1185 1340 1256 lapsi
1352 1184 1459 1240 fuerint
1472 1188 1500 1239 ιι
1511 1182 1686 1253 condignam
1699 1177 1896 1254 paenitentiam

213 1280 269 1337 nisi
284 1279 453 1352 dabisque
468 1279 521 1334 sub
533 1280 688 1352 presentia
702 1294 802 1334 eorum
822 1282 885 1333 acta
901 1293 962 1333 esse
976 1295 1030 1332 no·
1081 1282 1139 1335 Deo
1155 1278 1303 1352 gesserint,
1326 1281 1480 1350 utrumque
1494 1277 1586 1332 facere
1600 1291 1693 1348 posse.
1707 1272 1810 1329 Docuit
1824 1271 1895 1328 enim

215 1377 342 1429 scantur.
350 1375 534 1429 Accusatores
544 1390 609 1429 vero
619 1372 823 1444 consanguinei
834 1372 968 1428 adversus
983 1388 1030 1426 ex·
1081 1373 1195 1446 quando
1205 1372 1294 1428 dixit:
1308 1392 1322 1422 «
1332 1372 1443 1427 Docebo
1450 1370 1564 1443 iniquos
1573 1369 1632 1425 vias
1640 1372 1715 1436 tuas,
1727 1371 1757 1422 ιι
1770 1365 1854 1438 impii
1864 1364 1894 1420 ad

213 1472 327 1523 traneos
341 1466 540 1523 testimonium
553 1483 613 1522 non
627 1467 732 1536 dicant,
753 1482 807 1521 nec
819 1464 974 1521 familiares
986 1465 1029 1520 vel
1081 1471 1109 1523 te
1124 1470 1325 1523 convertentur
1335 1466 1426 1538 (ibid,
1444 1466 1496 1537 ιι).
1512 1487 1526 1514 a
1545 1465 1579 1519 Et
1593 1462 1763 1518 sacrificium
1775 1461 1835 1516 Deo
1848 1476 1894 1532 pro

215 1561 251 1618 de
276 1560 363 1617 domo
384 1561 575 1633 prodeuntes,
601 1559 651 1615 sed
678 1559 702 1614 si
728 1559 881 1627 voluerint,
909 1564 938 1615 et
957 1557 1030 1613 invi·
1081 1578 1110 1618 se
1126 1560 1229 1616 obtulit
1248 1559 1317 1614 dum
1335 1558 1466 1614 dicebat:
1485 1579 1499 1608 ι
1518 1556 1692 1614 Sacrifidnm
1708 1555 1769 1610 Deo
1783 1553 1894 1625 spiritus

215 1670 277 1711 cem
304 1653 510 1724 consenserint,
531 1653 608 1708 inter
628 1669 658 1708 se
682 1655 815 1724 parentes
833 1652 1030 1708 tantummodo
1081 1654 1286 1710 contribulatus
1296 1652 1388 1725 (reid,
1400 1650 1593 1724 retovidons
1606 1648 1894 1721 enimprophetascc-

214 1748 411 1816 testificentur,
422 1752 451 1803 et
461 1746 558 1803 nonin
567 1747 648 1802 alios.
659 1747 716 1801 Nec
726 1751 898 1801 accusatores
913 1744 971 1819 31
987 1725 1070 1801 ιιιΒ
1081 1750 1139 1804 tera
1147 1746 1401 1818 suamundataper
1410 1741 1895 1818 poenitentiam,nondubitavitpra

214 1846 299 1899 testes
317 1840 440 1914 suspecti
461 1840 647 1911 recipiantur,
669 1840 739 1911 quia
760 1840 981 1912 propinquitatis
1003 1841 1033 1894 et
1082 1842 1212 1909 dicando,
1230 1826 1389 1897 et'Domino
1402 1838 1514 1895 libando
1527 1837 1739 1893 curarealiena.
1752 1835 1896 1907 Lacryma-

179 1940 181 1945 '
212 1934 423 2006 familiaritatis,
454 1951 487 1989 ac
515 1933 719 1990 dominationis
746 1933 858 1990 allectio
884 1933 1032 1989 veritatem
1081 1953 1148 1992 rum
1161 1951 1230 2007 ergo
1250 1934 1349 1990 effusio
1368 1936 1463 1988 movet
1480 1931 1569 1988 animi
1591 1931 1765 2004 passionem.
1787 1929 1896 1986 Satisia·

212 2029 353 2102 impedire
370 2029 454 2099 solet,
473 2044 555 2083 amor
573 2028 693 2083 mrnaiis
712 2031 741 2083 et
752 2028 838 2083 timor
855 2032 942 2099 atque
965 2043 1031 2082 ava·
1082 2030 1174 2086 ctione
1189 2032 1286 2084 antem
1302 2028 1420 2099 impleta
1441 2026 1578 2083 avertitur
1594 2025 1706 2080 animus
1721 2023 1756 2079 ab
1777 2023 1836 2093 ira;
1851 2021 1896 2095 qui

213 2122 280 2179 ritia
292 2123 462 2195 plerumque
479 2137 577 2176 sensus
596 2121 734 2176 hebetant
752 2120 904 2192 humanos,
923 2124 951 2177 et
968 2137 1030 2193 per·
1082 2123 1160 2178 enim
1174 2140 1232 2177 non
1245 2122 1366 2193 ignoscit
1373 2119 1464 2188 alteri,
1475 2120 1618 2192 quomodo
1631 2116 1699 2173 sibit
1708 2120 1795 2190 putat
1803 2115 1897 2171 subre-

213 2219 329 2272 vertunt
343 2213 503 2286 opiniones,
524 2216 557 2268 ut
571 2216 712 2286 questum
725 2214 861 2285 pietatem
878 2217 989 2286 putent,
1005 2216 1034 2269 et
1081 2217 1156 2274 nirif
1166 2215 1405 2288 superabundant
1419 2231 1488 2287 ergo
1503 2217 1626 2286 peccata,
1642 2210 1859 2285 superabundet
1871 2212 1897 2266 et

213 2307 366 2387 pecuniam
379 2306 462 2378 quasi
481 2306 644 2362 mercedem
659 2307 829 2379 prudentio.
845 2308 935 2363 Nemo
953 2307 1032 2363 enim
1081 2310 1287 2367 misericordia.
1296 2306 1522 2380 Quoniamapud
1529 2307 1681 2362 Dominum
1690 2301 1895 2371 misericordia,

213 2403 244 2457 in
259 2401 324 2458 dolo
338 2401 474 2473 loquatur
486 2401 522 2456 ad
535 2400 690 2473 proximan
710 2417 805 2468 suum,
823 2401 905 2456 fovea
920 2402 978 2456 alta
990 2404 1033 2457 est
1082 2403 1235 2478 etcopiose
1247 2402 1323 2475 apud
1336 2418 1403 2458 eum
1416 2400 1591 2473 redempti03
1606 2415 1694 2472 penes
1709 2397 1792 2455 enim
1806 2395 1897 2453 Domi·

215 2512 247 2552 os
256 2494 396 2565 malevoli,
406 2495 543 2551 innocens
558 2495 628 2551 dum
642 2495 732 2551 credit
746 2494 837 2563 facilc,
854 2493 908 2550 cito
918 2494 1030 2550 labitur.
1082 2514 1153 2553 num
1164 2497 1293 2553 omnium
1306 2495 1480 2552 abundantia
1497 2499 1550 2563 est,
1564 2494 1631 2566 quia
1648 2490 1790 2548 Dominus
1812 2490 1897 2546 virta-

214 2590 268 2648 Sed
282 2589 334 2647 iste
349 2590 444 2662 lapsus
462 2588 562 2661 surgit,
584 2591 612 2645 ιι
628 2588 829 2660 tergiversator
847 2588 906 2644 suis
924 2588 1032 2644 artibus
1082 2595 1145 2648 ιιιιιι
1170 2591 1231 2665 ipse
1259 2593 1302 2647 est
1331 2606 1382 2646 rex
1410 2588 1534 2662 glorie3
1562 2587 1603 2642 ιιι
1621 2586 1698 2644 enim
1725 2583 1896 2658 Apostolus:

212 2684 418 2759 precipitatur,
433 2683 511 2740 unde
525 2698 673 2755 nunquam
693 2682 803 2738 exsiliat
816 2685 902 2754 atque
922 2683 1030 2739 evadat.
1082 2708 1097 2737 ιι
1113 2685 1221 2741 Omnes
1230 2687 1420 2757 peccaverunt
1432 2687 1461 2739 et
1473 2685 1560 2754 egent
1572 2681 1666 2754 gloria
1679 2680 1741 2749 Dei,
1753 2677 1898 2751 justificati

213 2778 354 2835 Ponderet
381 2793 450 2850 ergo
480 2775 674 2849 unusquisque
704 2792 851 2832 sermones
881 2793 970 2845 suos,
1003 2779 1033 2832 ιι
1081 2780 1168 2852 gratis
1177 2796 1229 2851 per
1239 2777 1363 2851 gratiam
1371 2777 1469 2849 ipsius,
1481 2792 1532 2848 per
1542 2773 1776 2846 redemptionem
1785 2774 1899 2846 quaeest

213 2871 290 2945 quod
313 2870 367 2927 sibi
393 2871 472 2944 ioqui
506 2887 564 2926 non
593 2871 664 2940 vult,
698 2870 779 2925 alteri
804 2886 863 2926 non
886 2869 1029 2942 loquatur,
1080 2874 1110 2929 in
1133 2873 1244 2930 Christo
1262 2873 1337 2942 lesu,
1359 2887 1446 2944 quem
1462 2869 1611 2942 proposuit
1631 2869 1707 2923 Deus
1728 2865 1897 2939 propitiato·

214 2965 289 3021 unde
319 2963 393 3019 bene
422 2978 501 3019 sacra
531 2962 572 3018 eit
599 2961 745 3034 Scriptura
775 2979 782 3017 =
817 2983 831 3013 «
863 2963 942 3027 Quod
979 2962 1031 3019 tibi
1080 2965 1320 3039 rom,porfidem
1334 2964 1522 3037 insanguine
1542 2963 1632 3036 ipsius
1650 2961 1687 3017 ad
1705 2960 1897 3017 ostensionem

214 3075 272 3114 non
285 3057 327 3113 vis
341 3056 416 3121 tieri,
436 3055 518 3112 alteri
541 3072 577 3112 ne
588 3055 701 3112 feceris.
714 3077 728 3106 a
740 3056 795 3111 Nos
809 3055 887 3111 enim
898 3061 1029 3128 tempore
1076 3062 1195 3136 justitie
1209 3077 1268 3117 suae
1276 3063 1396 3132 propter
1404 3057 1602 3114 remissionem
1612 3055 1840 3128 precedentium
1848 3053 1897 3109 de·

212 3152 385 3224 indigemus,
400 3153 431 3205 nt
443 3149 552 3222 aliquid
567 3150 708 3205 maturius
721 3165 849 3222 agemus,
865 3165 917 3205 neo
929 3150 1029 3221 preci·
1079 3155 1260 3223 lictorum,io
1273 3152 1510 3209 retentationem
1521 3151 1581 3220 Dei,
1593 3149 1630 3205 ad
1642 3147 1897 3220 ostensionemjm

213 3245 339 3319 pitemus
357 3243 476 3300 consilia
502 3246 532 3298 ιι
547 3259 633 3315 opera
655 3246 762 3311 nostra,
787 3259 880 3315 neque
900 3243 1031 3300 ordinem
1079 3250 1150 3306 titiae
1165 3249 1226 3320 eJus
1240 3248 1269 3303 in
1279 3247 1333 3303 hoc
1344 3251 1482 3318 tempore,
1495 3248 1529 3301 ιιι
1539 3244 1576 3299 ιιι
1589 3239 1896 3316 ipsejustusetjustill·

214 3352 441 3411 corrumpamus.
452 3336 506 3393 Sed
515 3336 538 3391 si
549 3335 653 3408 aliquis
661 3336 758 3407 lapsus
766 3352 936 3408 quocunque
946 3337 1031 3394 modo
1080 3357 1225 3400 censeam
1244 3339 1340 3413 quiex
1358 3338 1417 3394 tide
1437 3343 1481 3395 est
1497 3338 1562 3393 lesu
1579 3335 1684 3393 Christi
1703 3336 1791 3407 (Rom
1808 3350 1849 3406 ιιι,
1863 3335 1892 3392 2t

213 3431 301 3489 fucrit
312 3447 372 3488 non
385 3430 543 3504 perdamus
557 3445 634 3501 eum,
649 3429 699 3486 sed
711 3430 835 3486 fraterno
846 3429 1031 3503 corripiamus
1080 3436 1184 3508 etseq.)
1199 3456 1213 3487 ‚›
1228 3433 1312 3489 David
1323 3432 1401 3489 enim
1414 3431 1484 3488 dicit
1498 3449 1504 3487 ι
1523 3453 1538 3482 «
1552 3429 1629 3486 Beati
1637 3445 1765 3503 quomm
1774 3427 1896 3485 remim

213 3525 326 3596 affectu,
348 3525 421 3581 sicut
443 3524 482 3580 ait
499 3523 598 3580 beatus
618 3524 791 3597 Apostolus:
810 3546 824 3575 e
844 3524 874 3581 Si
890 3541 1031 3597 praecccu-
1080 3534 1148 3587 sunt
1168 3528 1341 3602 iniquitates,
1358 3530 1387 3582 et
1408 3541 1533 3599 quonam
1552 3528 1627 3580 tecta
1647 3525 1715 3579 sunt
1734 3527 1893 3596 peccam.»

213 3623 296 3693 patus
309 3618 397 3675 fuerit
413 3618 500 3674 homo
523 3617 553 3673 in
565 3617 661 3692 aliquo
674 3617 785 3689 delicto,
806 3634 864 3689 vos,
884 3619 934 3690 qui
947 3618 1030 3693 spiri-
1080 3624 1230 3681 btundalur
1247 3638 1316 3694 ergo
1334 3621 1420 3676 bomo
1439 3636 1457 3674 a
1474 3622 1600 3691 peccato,
1620 3622 1649 3673 et
1665 3615 1793 3690 resurgit
1810 3614 1895 3690 gratis

213 3714 306 3770 tuales
322 3712 400 3784 estis,
416 3711 547 3768 instruite
560 3711 723 3784 hujusmodi
736 3711 765 3768 in
783 3711 885 3785 spiritu
897 3713 1030 3786 lenitatis,
1080 3717 1130 3776 Dei
1143 3717 1247 3791 lapsus,
1262 3721 1291 3772 et
1302 3715 1333 3771 in
1342 3714 1463 3788 pristino
1475 3716 1575 3769 manet
1594 3710 1686 3767 officio
1697 3710 1784 3783 juxta
1796 3707 1893 3783 predi·

214 3806 398 3865 considerans
411 3805 535 3878 teipsum
549 3821 585 3862 ne
601 3808 631 3861 et
641 3810 674 3861 tu
686 3805 813 3876 tenteris,
829 3807 901 3861 altar
913 3806 1031 3863 alterius
1080 3816 1138 3868 ctas
1153 3809 1345 3879 auctoritates,
1363 3808 1459 3863 videat
1480 3823 1516 3864 ιιι
1532 3805 1655 3878 amplius
1673 3807 1775 3878 peccet
1787 3808 1821 3860 ιιι
1831 3817 1895 3860 ιιι·

214 3918 303 3960 onera
326 3903 452 3973 portate,
475 3904 504 3955 et
527 3900 567 3955 sic
592 3898 783 3971 adimplebitis
810 3900 904 3971 legem
928 3900 1032 3957 Christi
1080 3903 1170 3961 tentia
1183 3902 1329 3974 Evangelii
1342 3901 1501 3957 maneatin
1514 3915 1559 3969 eo,
1576 3898 1646 3956 vade
1661 3894 1896 3971 etampliusnoli

215 3996 287 4068 (dol.
300 4010 338 4063 vi,
355 3997 380 4062 t,
395 3993 433 4065 2.)
448 4015 463 4044 o
477 3994 566 4049 Porro
581 3995 695 4047 sanctus
707 3991 798 4048 David
817 3992 851 4048 ιι
866 3993 1033 4050 criminibus
1081 4013 1217 4072 peccare;
1237 3994 1313 4052 unde
1329 3996 1369 4051 ait
1388 3995 1537 4068 Apostolus
1563 4012 1570 4050 :
1593 4015 1607 4044 o
1625 3994 1687 4050 Non
1706 4007 1779 4066 ergo
1795 3991 1895 4064 regnet

213 4086 368 4147 mortiferis
388 4085 447 4157 egit
465 4084 675 4157 paenitentiam,
698 4087 727 4138 et
749 4089 846 4140 tamen
869 4085 899 4140 in
920 4086 1031 4143 honore
1081 4093 1232 4163 peccatum
1252 4091 1282 4144 in
1306 4095 1399 4146 vestro
1422 4089 1533 4145 mortali
1558 4102 1686 4161 corpore,
1707 4090 1742 4143 ut
1762 4081 1896 4143 obediatis

214 4178 385 4254 permansit.
400 4177 502 4233 Beatus
515 4193 631 4251 quoque
641 4179 739 4233 Petrus
746 4177 933 4235 amarissimas
944 4180 1032 4253 lacry-
1082 4183 1317 4256 concupiscentiis
1330 4183 1390 4255 ejus
1397 4200 1406 4254 3
1420 4183 1471 4240 scd
1483 4197 1576 4254 neque
1594 4180 1754 4238 exhibeatis
1768 4177 1896 4236 membre

215 4290 279 4332 mas
291 4271 366 4328 fudit
382 4270 497 4344 quando
517 4270 670 4326 Dominum
689 4287 808 4343 negasse
824 4272 964 4345 poenituit,
981 4273 1032 4330 sed
1081 4282 1175 4334 vestra
1186 4294 1265 4334 arma
1273 4276 1433 4350 iniquitatis
1442 4280 1570 4349 peccato,
1580 4274 1629 4332 scd
1640 4273 1772 4331 exbibete
1781 4277 1896 4331 rostan-

215 4371 315 4424 tamen
329 4364 473 4438 apostolus
492 4365 657 4437 permensit.
677 4366 712 4421 Et
730 4364 869 4422 Dominus
888 4384 940 4440 per
962 4385 1030 4441 pro·
1082 4389 1169 4447 quam
1184 4388 1217 4429 ex
1238 4371 1358 4427 mortuis
1374 4371 1498 4427 viventes
1520 4374 1549 4426 ιι
1567 4368 1700 4425 membra
1711 4372 1807 4425 vestra
1818 4380 1896 4423 arma

214 4461 334 4536 phetam
348 4458 534 4533 peccantibus
548 4458 698 4530 pollicetur
712 4459 808 4516 dicens
824 4477 831 4516 ε
852 4463 985 4518 Peccator
1001 4463 1072 4544 inl)
1079 4466 1197 4540 justitiae
1211 4466 1281 4521 Deo.
1293 4467 1442 4521 Peccatum
1457 4463 1622 4532 enimvobis
1632 4479 1692 4519 non
1702 4460 1897 4532 damnabilem
1931 4514 1934 4519 ,

216 4568 384 4629 quacunque
398 4551 444 4608 die
462 4567 611 4607 conversus
630 4553 814 4625 ingemuerit,
832 4555 963 4611 omnium
976 4556 1031 4613 ini·
1081 4577 1139 4619 non
1154 4560 1233 4617 enim
1248 4560 1373 4632 sublege
1388 4559 1465 4630 estis,
1482 4559 1531 4614 sed
1550 4558 1603 4614 sub
1623 4556 1724 4631 gratia.
1741 4556 1818 4622 Quid
1835 4566 1897 4628 erga

216 4649 358 4722 quitatum
371 4646 446 4702 illius
457 4662 517 4703 non
531 4644 700 4702 recordabor
713 4647 847 4720 amplius.
1082 4654 1271 4728 peccabimus,
1283 4654 1422 4727 quoniam
1437 4670 1495 4709 non
1514 4669 1613 4710 sumus
1629 4651 1770 4724 sublege,
1785 4648 1839 4706 sed
1850 4645 1897 4705 ml

251 4743 354 4798 Errant
374 4740 451 4796 enim
464 4740 514 4813 qui
536 4743 638 4811 putant
651 4739 813 4797 sacerdotes
829 4746 894 4815 post
908 4743 1032 4817 lapsum,
1083 4747 1544 4821 gratiaiAbsit.Nescitisquoniam
1552 4746 1597 4802 cui
1605 4744 1748 4802 exhibetis
1756 4754 1898 4800 rossem

216 4836 240 4893 si
255 4834 428 4907 condignam
447 4833 561 4907 egerint
577 4835 786 4908 paenitentiam,
807 4837 927 4894 Domino
945 4839 1032 4896 mini·
1082 4843 1118 4898 ιι
1139 4841 1341 4912 obediendum,
1364 4842 1437 4898 scrvi
1456 4841 1524 4896 estis
1541 4841 1602 4914 ejus
1623 4839 1669 4896 cui
1689 4837 1823 4910 obeditis,
1845 4836 1898 4893 siva

217 4932 308 4986 strare
322 4945 381 4984 non
400 4932 529 5002 possset
547 4928 776 4985 suishonoribus
794 4930 860 4999 frui,
884 4933 907 4987 si
927 4933 1034 4990 bonam
1082 4936 1190 5010 peccati
1208 4936 1245 4991 ad
1264 4939 1396 5004 mortem,
1418 4936 1476 4991 sive
1492 4933 1662 4992 obeditionis
1685 4932 1722 4989 ad
1741 4927 1899 5005 justitiam?

217 5023 446 5096 deincepsritam
460 5021 604 5092 duxerint,
621 5025 650 5077 ιι
664 5039 747 5078 suum
761 5025 950 5083 sacerdotium
963 5044 1032 5084 con·
1082 5031 1191 5088 Gratias
1208 5034 1304 5086 autem
1318 5031 1377 5086 Deo
1397 5030 1474 5102 quod
1491 5029 1583 5085 fuistis
1600 5028 1673 5084 servi
1690 5024 1813 5100 peccati,
1834 5024 1897 5082 obs·

218 5117 305 5190 digne
318 5115 511 5173 custodierint.
525 5117 559 5171 Et
568 5114 623 5188 ipsi
636 5115 684 5187 qui
695 5116 858 5191 hocputant
872 5136 929 5175 non
940 5121 1033 5177 solum
1082 5126 1162 5181 distis
1174 5129 1270 5180 autem
1288 5140 1323 5179 ex
1343 5124 1426 5180 corde
1446 5124 1555 5180 ineam
1575 5124 1699 5178 formam
1717 5120 1859 5178 doctrine
1870 5117 1898 5175 in

218 5214 324 5281 errant,
349 5209 399 5265 sed
420 5209 506 5264 ctiam
527 5212 626 5264 contra
646 5209 764 5265 traditas
788 5213 918 5269 Ecclesia
943 5215 1034 5271 claves
1083 5237 1139 5292 qua
1159 5217 1258 5274 traditi
1284 5218 1360 5274 estis.
1384 5216 1508 5274 Liberati
1526 5221 1621 5273 autem
1645 5233 1662 5271 a
1684 5218 1811 5287 peccato,
1830 5206 1900 5270 servi

218 5305 362 5379 disputare
376 5306 406 5360 et
418 5319 503 5375 agere
516 5303 658 5374 videntur,
673 5302 709 5359 ιι
724 5303 829 5377 quibus
847 5306 1009 5365 dictumest
1025 5327 1032 5366 :
1082 5316 1180 5368 autem
1195 5312 1261 5368 iacti
1280 5313 1346 5369 estis
1357 5310 1487 5384 justitiae,
1510 5306 1899 5377 humannmdicotttom.v1¹

219 5403 427 5472 «Quaecunque
449 5397 586 5453 solveritis
601 5397 631 5454 in
652 5400 738 5469 terra,
757 5403 841 5455 amnt
854 5401 945 5458 soluta
961 5408 989 5459 et
1004 5404 1033 5459 in
1085 5410 1117 5462 m
1140 5411 1166 5462 ιι
1186 5407 1253 5479 seq.)
1268 5429 1282 5458 »
1306 5407 1393 5479 Dajus
1414 5405 1491 5461 enim
1512 5409 1660 5478 peccatum
1683 5406 1725 5459 cst
1745 5397 1901 5474 judicantis

218 5498 288 5555 coelo
315 5494 423 5567 (Mattio.
453 5509 529 5560 xvxix,
554 5493 607 5563 ia),
631 5511 645 5544 o
668 5492 792 5565 alioquin
814 5494 875 5550 haec
892 5495 1034 5554 sententia
1083 5517 1169 5573 quam
1185 5501 1246 5574 ejus
1258 5500 1471 5575 quijudicatnr.
1488 5499 1672 5566 «Existimas,
1682 5496 1901 5570 inquitApostc·

218 5595 268 5647 aut
281 5588 398 5646 Domini
410 5603 469 5642 non
482 5590 532 5654 est,
547 5587 598 5641 aut
611 5601 688 5642 vera.
698 5586 752 5641 Nos
762 5603 828 5644 vero
839 5588 1034 5649 indubitanter
1082 5594 1135 5663 lus,
1154 5612 1171 5651 o
1186 5596 1284 5665 homo,
1296 5595 1388 5652 omnis
1404 5595 1453 5667 qui
1464 5595 1575 5667 judicas
1590 5609 1639 5648 eos
1660 5591 1709 5666 qui
1723 5590 1793 5647 talia
1812 5590 1903 5664 agunt

218 5690 277 5739 tam
286 5682 403 5738 Domini
423 5677 584 5736 sacerdotes
600 5694 688 5750 quam
708 5681 833 5753 reliquos
854 5682 953 5740 fideles
968 5686 1035 5758 post
1084 5692 1113 5744 et
1127 5689 1194 5745 facis
1206 5707 1248 5760 ea,
1263 5691 1330 5764 quia
1348 5695 1380 5745 tu
1398 5689 1516 5762 etlugies
1526 5686 1668 5760 judicium
1686 5684 1755 5742 Deii
1768 5686 1815 5741 An
1830 5678 1902 5741 divi·

212 5774 334 5847 dignam
363 5773 589 5832 satisfactionem
617 5789 700 5849 posse
728 5775 820 5832 redire
848 5778 883 5835 ed
910 5779 1034 5839 honores
1082 5782 1134 5841 tias
1143 5783 1276 5842 bonitatis
1289 5786 1350 5857 ejus
1362 5789 1391 5845 ot
1403 5783 1548 5860 patientie
1557 5784 1587 5841 ιι
1599 5779 1828 5857 longanimitatis
1836 5793 1905 5841 eon·
