3870 6150
758 262 791 317 ll.
812 262 842 319 V.
863 262 962 320 ruam
981 260 1197 319 canuunuct

549 627 645 746 Μ.
683 625 1066 746 vnum
1119 626 1386 748 enom

849 848 1098 907 GRAMMATICI

310 1011 775 1140 OPUSCULUM
823 1011 925 1137 DE
972 1010 1204 1138 NOTIS
1249 1012 1638 1161 ANTIQUIS.

135 1377 240 1432 Valerii
253 1374 335 1445 probi
351 1377 522 1442 pammatiei
539 1377 573 1432 rie
591 1378 803 1448 interpretandis
820 1380 950 1434 Romano-
959 1386 989 1461 Α

1033 1377 1156 1432 AAAFF.
1170 1394 1226 1433 aere
1237 1381 1367 1450 argento,
1381 1393 1450 1432 auro
1464 1376 1541 1446 llato,
1555 1376 1683 1432 ferundo
1694 1379 1739 1432 rel
1748 1379 1812 1432 tlara

169 1463 230 1502 rum
248 1449 319 1501 notis
337 1449 457 1517 antiquis
477 1463 523 1502 sea
542 1449 640 1504 titteris
656 1450 816 1520 opuseulum
834 1450 950 1517 feliciter
998 1469 1120 1525 resumpt,
1135 1473 1177 1527 „31
1190 1471 1318 1528 fecundo,

166 1520 271 1588 incipit.

169 1637 215 1691 Est
229 1634 315 1689 etiam
328 1633 402 1689 cirea
417 1635 632 1706 perscribendas
645 1636 689 1691 rel
708 1635 888 1708 paucioribus
901 1635 946 1691 lit-

132 1729 201 1785 teris
227 1728 364 1783 uotundas
390 1744 473 1783 voees
497 1729 622 1785 studium
647 1729 852 1794 necessarium.
872 1730 945 1802 quod

132 1822 237 1894 partim
256 1838 309 1893 pro
334 1822 488 1891 voluntate,
503 1822 640 1896 cujusque
652 1822 693 1892 lit,
708 1824 815 1895 partim
828 1839 880 1895 pro
894 1838 947 1878 usu

132 1915 245 1988 publico
272 1920 301 1970 et
328 1915 524 1979 observatione
550 1918 706 1972 communi.
731 1917 813 1989 Apud
839 1921 946 1973 veteres

131 2025 266 2082 namque,
280 2025 345 2063 aum
371 2026 436 2064 usus
456 2012 592 2065 notarum
614 2009 709 2066 nullus
732 2013 815 2079 esset,
830 2012 947 2082 propter

130 2103 272 2159 scribendi
281 2103 454 2173 facultatem,
468 2103 592 2159 maxime
606 2103 636 2158 iu
648 2109 749 2160 senatu
759 2103 808 2176 qui
818 2104 944 2171 aderaut,

131 2198 160 2252 in
173 2196 321 2252 scribendo
337 2200 368 2251 ut
377 2196 508 2252 celeriter
517 2197 807 2270 comprehenderent,
814 2199 945 2269 quadam

130 2291 214 2346 verba
228 2294 313 2361 atque
328 2289 444 2345 nomina
454 2305 487 2346 ex
499 2291 645 2346 communi
658 2307 744 2346 sensu
757 2290 858 2363 primis
869 2291 944 2347 litte·

131 2384 169 2440 ris
182 2383 331 2451 notabant,
344 2388 372 2440 et
384 2384 505 2455 singulae
515 2384 618 2440 littera
633 2384 702 2457 quid
714 2383 945 2457 significarentin

129 2483 265 2550 promptu
285 2479 362 2544 erat;
380 2478 455 2550 quod
472 2479 503 2533 ln
517 2477 691 2544 nominibus,
704 2478 815 2550 legibus
826 2477 945 2551 publicis

128 2572 351 2645 pontificumque
371 2571 565 2627 monumentis
579 2575 608 2628 et
622 2572 651 2628 in
662 2571 736 2643 juris
748 2571 837 2627 civilis
852 2571 944 2627 studio

129 2672 156 2722 et
171 2682 247 2722 nuno
261 2668 369 2721 manet.
382 2666 421 2720 Ad
436 2681 507 2737 quas
519 2665 677 2721 notationes
691 2665 817 2737 publicas
835 2664 946 2720 aceedit

1033 1565 1109 1620 ALE.
1124 1565 1273 1621 arbitrium
1286 1565 1343 1621 litis
1356 1566 1542 1621 aestimandas.

1033 1659 1109 1714 ADP.
1121 1664 1187 1715 ante
1200 1659 1280 1714 diem
1294 1659 1395 1732 pridie.

1033 1753 1170 1808 A.A.L.ll.
1183 1753 1258 1825 apud
1271 1769 1375 1824 agrum
1392 1754 1486 1809 laeum
1499 1757 1693 1810 monumenti.

1031 1847 1166 1903 A.P.R.C.
1176 1863 1252 1903 anno
1265 1853 1329 1920 post
1341 1849 1463 1903 Romam
1478 1848 1636 1903 conditam.

1032 1941 1109 1996 AGR.
1125 1957 1227 2013 agrum
1239 1943 1283 1996 vel
1296 1942 1432 2015 Agrippa.

1032 2034 1142 2091 AEDlL.
1159 2035 1237 2092 CVR.
1249 2035 1340 2090 oedilis
1352 2035 1469 2091 curulis.

1031 2129 1162 2184 AERPL.
1176 2129 1265 2184 aedilis
1277 2129 1376 2201 plebis.

1030 2221 1133 2286 A.P.Q.
1148 2223 1209 2279 Auli
1223 2223 1302 2278 Publi
1316 2223 1421 2289 Quinti.

1030 2319 1098 2371 A.A.
1113 2316 1190 2388 apud
1201 2332 1314 2388 agrum.

1030 2411 1106 2466 APP.
1120 2410 1238 2483 Appius.

1031 2503 1110 2559 ANN.
1123 2504 1167 2557 vel
1179 2504 1236 2558 AN.
1252 2504 1334 2559 annis
1346 2505 1389 2560 oet
1396 2520 1495 2560 annos.

1029 2597 1107 2652 ANT.
1121 2600 1187 2653 ante
1199 2599 1242 2653 oet
1253 2603 1347 2654 antea.

1030 2692 1098 2746 AN.
1111 2693 1178 2746 ante
1192 2695 1313 2748 noctem.

128 2760 216 2815 etiam
231 2764 260 2814 et
281 2759 442 2815 studiorum
465 2759 598 2814 voluntas
614 2757 983 2832 utunusquisqusfami-13
1017 2786 1021 2795 =
1029 2785 1094 2841 Μ(Ι
1110 2785 1192 2840 annis
1203 2786 1315 2841 decem,

127 2854 212 2908 liares
226 2852 280 2908 sibi
293 2852 368 2907 notis
379 2869 431 2924 pro
447 2853 593 2907 voluntate
612 2851 757 2923 signaret:
775 2869 847 2923 quas
866 2867 944 2907 oom-

127 2943 942 3019 prehendereinssnitumestPubliooesanateuendoesunt,

127 3054 191 3112 quae
206 3039 236 3094 in
258 3037 452 3093 monumentis
466 3036 597 3111 plurimis
619 3041 648 3094 et
668 3036 852 3093 historiarum
863 3037 944 3092 libris

127 3133 271 3205 sacrisque
282 3132 402 3205 publicis
416 3132 609 3204 reperiuntur,
621 3135 653 3186 ut
667 3136 734 3188 sunt
747 3131 809 3188 ista.

162 3376 194 3430 A.
210 3372 298 3428 Aulus
309 3371 352 3427 oet
364 3386 441 3443 ager.
524 3300 548 3353 Α

48 3498 51 3503 -
161 3468 239 3523 AVG.
252 3464 449 3539 Augustusoet
464 3480 566 3537 augur.

161 3564 218 3617 AA.
233 3562 276 3616 oet
288 3561 344 3615 AV.
358 3562 497 3630 Augusta.

161 3658 218 3711 AA.
229 3655 270 3710 oet
283 3654 362 3709 AVG.
376 3653 549 3724 Augustalis.

160 3750 240 3806 AVR.
255 3748 396 3805 Aurelius.

159 3846 217 3901 AG.
229 3844 298 3916 agit.

160 3942 214 3996 Ac.
232 3938 315 3994 aetio.

160 4034 213 4090 AC.
230 4034 307 4089 Aeon
321 4032 364 4087 vet
375 4029 521 4087 Acontius.

160 4127 262 4185 Aaou.
273 4126 431 4181 Aelianum.

158 4222 258 4280 AGON.
271 4220 408 4276 actiones.

159 4316 249 4373 AClN.
266 4314 419 4371 actionem.

158 4412 217 4468 All.
231 4408 351 4467 amicus.

158 4508 240 4564 Anu.
254 4504 364 4562 amicus
378 4506 482 4559 noster.

157 4603 234 4671 AVC,
250 4601 326 4655 AVT.
342 4597 502 4654 auotoritas.

159 4698 212 4751 A'l'.
228 4699 334 4751 autem.

158 4792 237 4850 Act.
252 4790 334 4844 ANll.
350 4787 492 4843 actionem
507 4783 634 4839 mandat.

158 4888 212 4942 ΑΡ.
228 4882 314 4956 apud.

78 5028 80 5033 .
157 4980 232 5036 APP.
246 4976 377 5050 appellat.

157 5077 231 5133 ACC.
245 5075 407 5145 acceperat;
423 5070 561 5140 acceptat.

155 5171 226 5228 Altl.
240 5168 364 5240 adjutor.

45 5294 52 5309 .
156 5266 258 5322 ΑΒΗ).
278 5261 392 5333 adjutor
414 5256 578 5330 provincia,
598 5255 742 5330 potentia,
763 5258 873 5330 patria,
896 5261 939 5315 eet

120 5361 226 5435 populi.

154 5456 233 5511 nul..
249 5453 286 5508 ad
300 5452 394 5507 locum
407 5451 450 5506 oet
463 5449 498 5504 ad
513 5447 626 5504 limites.

154 5550 211 5604 AD.
225 5549 255 5604 R.
269 5547 310 5602 Ad
323 5545 421 5601 linem.

155 5644 232 5698 ΑΒΕ.
242 5640 279 5696 ad
289 5642 451 5696 exactorem
461 5639 503 5694 oet
513 5638 550 5693 ad
560 5636 693 5693 ellectum
706 5637 749 5693 oet
761 5635 936 5694 effectorem.

155 5736 252 5791 ARVC.
270 5734 305 5789 ab
318 5733 392 5789 Urbe
406 5732 529 5790 condita.

155 5830 232 5886 ΑΕΒ.
248 5827 334 5884 ades.

1029 2880 1171 2934 ANT.T.(2.
1187 2883 1252 2934 aute
1268 2879 1424 2934 temliuum
1438 2881 1632 2937 constitutum.

1027 2972 1161 3027 AAAAEF.
1174 2973 1237 3028 auri
1252 2975 1375 3047 argenti,
1392 2974 1456 3029 aeris
1470 2974 1553 3030 llator
1562 2974 1687 3030 fabrica.

1029 3065 1127 3131 otu.
1137 3066 1289 3132 Quirinalis
1303 3067 1405 3122 Tiberi.

1027 3162 1104 3216 AltP.
1119 3160 1163 3216 rel
1175 3161 1276 3217 ADOP.
1293 3161 1451 3234 adoptivus.

1028 3254 1127 3311 luva.
1143 3255 1242 3310 AVGG.
1256 3271 1271 3309 a
1287 3255 1418 3311 cubiculo
1431 3260 1638 3328 Augustorum.

1336 3350 1461 3405 Additio.

1027 3447 1140 3504 AltlAR.
1154 3447 1346 3505 adiabenicus.

1028 3542 1092 3598 AB.
1105 3541 1160 3597 alia
1173 3542 1260 3598 bona.

1028 3637 1130 3692 ARV.
1146 3652 1163 3692 a
1175 3636 1252 3692 bona
1264 3634 1334 3692 viro.

1027 3729 1113 3785 ARS.
1130 3729 1286 3786 absolutus.

1026 3825 1106 3879 AER.
1119 3824 1193 3880 COL.
1208 3840 1265 3879 are
1281 3824 1392 3880 collato.

1026 3918 1090 3973 A.L.
1109 3917 1164 3972 alia
1175 3918 1233 3973 lex.

1025 4012 1105 4068 AER.
1117 4011 1246 4067 serarius.

1026 4107 1116 4161 Alte.
1131 4105 1261 4161 amabilis
1274 4122 1396 4178 persona
1409 4107 1453 4161 vel
1467 4106 1574 4162 amicus
1590 4109 1734 4181 principis.

1025 4200 1092 4256 A.0.
1106 4199 1154 4255 alii
1170 4215 1278 4256 omnes.

1026 4294 1147 4349 APlVlt.
1158 4294 1236 4367 apud
1246 4293 1384 4366 judicem.

1025 4388 1137 4454 Aaou.
1153 4388 1272 4461 aequalis
1284 4390 1328 4444 rel
1341 4389 1479 4462 equestris
1494 4405 1607 4461 praeses.

1024 4483 1137 4538 ATER.
1149 4500 1165 4537 a
1176 4485 1269 4555 tergo.

1023 4579 1057 4631 A.
1073 4576 1102 4631 F.
1116 4576 1181 4630 Auli
1194 4576 1278 4632 lilius.

1023 4671 1126 4726 AVGG.
1140 4671 1198 4726 duo
1212 4672 1256 4727 vel
1269 4673 1365 4743 plures
1378 4674 1507 4745 Augusti.

1024 4765 1080 4819 AV.
1093 4766 1195 4821 Aucus.

1024 4858 1146 4913 AVRRL.
1160 4859 1301 4916 Aurelius.

1024 4953 1103 5008 AVR.
1118 4969 1221 5009 aurum
1233 4955 1276 5009 vet
1290 4956 1428 5011 Aurelius.

1023 5046 1101 5103 AVG.
1117 5047 1228 5104 LIBER.
1243 5049 1361 5121 Augusti
1374 5048 1489 5105 libertas
1499 5050 1542 5105 oet
1556 5049 1685 5108 libertus.

1023 5140 1125 5196 A.A.V.
1140 5142 1225 5197 ambo
1241 5143 1358 5199 alterve.

1022 5234 1158 5290 A.F.P.R.
1177 5240 1277 5307 aptum
1286 5239 1329 5293 oet
1341 5242 1437 5295 actum
1448 5238 1504 5294 lide
1521 5238 1613 5295 Publii
1628 5241 1737 5298 Rutilii.

1386 5360 1405 5414 Β

1023 5450 1052 5508 Β.
1066 5453 1167 5522 Bonus,
1182 5454 1225 5510 oet
1236 5455 1350 5525 Brutus,
1363 5456 1406 5510 oet
1417 5454 1540 5524 Bulbius,
1553 5456 1597 5511 oet
1612 5457 1727 5516 Ralbus.

1025 5547 1091 5602 RR.
1107 5548 1257 5604 bonorum.

1023 5641 1087 5698 RF.
1098 5641 1173 5697 bona
1185 5642 1241 5698 ilde
1255 5644 1297 5699 oet
1309 5643 1431 5711 fortuna,
1448 5646 1490 5700 eet
1503 5645 1579 5702 hona
1591 5645 1663 5703 filia.

1023 5735 1075 5790 RF.
1086 5735 1268 5807 beneficium,
1282 5738 1325 5794 oet
1335 5738 1443 5795 bonurn
1456 5740 1573 5810 lactum,
1588 5743 1635 5798 oet
1655 5741 1805 5800 benefecit.

1023 5828 1118 5885 ΒΜ.
1132 5830 1275 5887 bonafide
1289 5834 1473 5891 contractum.
