3870 6150
148 222 199 284 idi
777 222 1015 282 bncnnl'atlull
1033 222 1227 280 coenaculo.
1780 226 1831 283 suo

147 332 274 408 quotidie
287 333 401 409 publico
415 334 583 409 privatoque
599 334 695 392 oliicio
710 335 739 391 in
757 336 814 391 fine
833 333 963 391 omnium
973 343 1003 419 Α
1013 335 1123 391 tionem
1134 335 1163 391 in
1177 335 1282 407 populo
1297 334 1377 403 dant,
1387 334 1465 408 quod
1475 334 1609 407 deinceps
1623 332 1830 407 interdicimus,

146 431 322 503 psalmorum
336 429 476 487 dicimus:
491 431 585 487 Gloria
604 434 633 487 et
648 429 828 486 honorPatri
838 432 867 485 et
881 427 961 495 Filio,
1012 429 1063 485 sed
1075 433 1140 501 post
1154 429 1315 485 orationem
1329 430 1507 485 llominicam
1521 429 1684 485 benedictio
1694 429 1724 485 in
1736 447 1829 502 popu-

145 529 173 578 et
198 524 316 595 Spiritui
342 529 448 593 sarrcto,
472 526 500 580 in
523 525 626 580 secula
657 525 838 580 sacculorum.
861 526 961 578 11111.
1011 525 1071 579 lum
1084 525 1231 595 sequatur,
1244 526 1273 578 11
1285 528 1353 579 1111
1365 524 1481 579 demum
1496 523 1621 595 corporis
1637 526 1666 578 et
1683 524 1830 596 sanguinis

147 617 216 672 lt'aru
232 623 262 672 et
274 618 322 673 ille
334 619 458 690 hymnus
467 636 555 691 quem
568 622 636 674 nato
649 619 678 672 in
692 634 778 674 carne
791 616 903 673 Christo
914 632 963 671 an-
1012 617 1126 672 Domini
1140 619 1352 671 sacramentum
1373 621 1512 685 sumator,
1529 634 1563 672 eo
1580 616 1710 672 videlicet
1727 616 1828 673 ordine

147 711 203 782 geli
226 711 393 768 cecinerunt
415 729 422 767 :
447 733 461 762 1
485 712 580 767 Gloria
601 712 631 766 in
654 711 770 766 excelsis
789 713 856 780 Deo,
879 714 908 765 et
932 709 961 764 in
1012 711 1214 766 utsacerdotes
1229 715 1258 765 et
1271 710 1363 765 levitae
1378 715 1445 765 ante
1458 712 1548 766 altare
1561 711 1782 782 communicent,
1796 711 1828 768 in

144 806 221 859 terra
233 822 290 877 pax
301 806 467 861 bominibus
479 806 563 861 bonae
576 804 727 862 voluntatis
742 807 813 874 (Luc.
828 821 857 871 u,
875 805 927 869 ll).
944 825 959 854 1
1010 805 1098 861 choro
1110 804 1212 874 clerus,
1226 807 1307 860 extra
1323 803 1445 859 chorum
1460 804 1593 876 populus.

143 898 266 970 Reliqua
289 916 354 971 quaa
382 900 422 954 ibi
448 903 608 971 sequuntur
630 898 811 955 ecclesiastici
833 898 961 954 doctores
1046 899 1134 954 lllllll.
1148 897 1310 954 Perniciosa
1324 896 1501 953 consuetudo
1519 914 1701 970 nequaquam
1719 902 1763 954 est
1780 915 1826 954 re-

144 996 377 1063 composucrunt.
397 993 472 1063 Ergo
487 1010 540 1047 nec
562 992 615 1064 ipsi
636 993 666 1047 in
692 991 816 1048 ecclesiis
838 991 961 1047 canendi
1009 991 1141 1063 ciplenda
1156 1008 1221 1063 quae
1236 991 1380 1063 maj0rum
1394 995 1500 1046 statuta
1515 991 1693 1062 preteriens,
1710 1008 1826 1048 ornnem

143 1086 304 1157 suntquis
323 1085 354 1141 in
376 1092 541 1142 sanctarum
563 1086 775 1158 Scripturarum
797 1084 877 1140 libris
901 1101 960 1141 non
1010 1085 1135 1142 ecclesiae
1157 1085 1289 1141 ordinem
1308 1084 1526 1156 perturbaverit,
1542 1084 1612 1139 dum
1626 1084 1674 1139 alii
1698 1102 1825 1157 peraru-

143 1179 339 1235 lnveniuntur.
359 1181 579 1252 Componuntur
597 1180 691 1235 missae
712 1178 769 1236 sive
792 1196 901 1250 preces,
915 1179 959 1234 vel
1008 1180 1085 1235 bitus
1106 1178 1263 1234 sacerdotia
1285 1181 1436 1250 appetunt,
1462 1178 1509 1233 alii
1535 1177 1636 1233 oblatis
1657 1179 1826 1235 muneribus

143 1274 297 1339 orationes,
312 1274 369 1329 sive
384 1274 648 1330 commendationes
669 1290 721 1329 seu
742 1289 846 1328 manus
865 1273 957 1344 impo·
1008 1273 1206 1344 pontificatum
1228 1276 1388 1341 assumunt,
1411 1271 1543 1328 nonnulli
1565 1271 1652 1328 etiarn
1672 1271 1828 1329 sceleribus

141 1366 269 1433 sitiones,
286 1384 321 1423 ex
335 1367 439 1439 quibus
457 1368 481 1422 si
502 1369 579 1423 nulla
602 1368 768 1424 decantetur
781 1367 811 1421 11
831 1366 957 1436 ecclesia,
1009 1366 1155 1439 implicati,
1179 1366 1224 1422 vel
1246 1366 1375 1422 saeculari
1396 1364 1505 1423 militiae
1527 1365 1627 1435 dediti,
1650 1365 1762 1438 indigni
1787 1367 1825 1422 ad

142 1464 243 1515 vacant
255 1460 348 1516 officia
357 1461 451 1516 omnia
461 1461 659 1517 ecclesiastica.
674 1460 888 1517 hdnronethuec
896 1459 958 1516 fieri
1007 1462 1147 1518 honorem
1168 1461 1324 1516 summias
1346 1460 1419 1516 sacri
1442 1460 1548 1516 ordinis
1573 1463 1776 1533 pervenerunt,
1790 1461 1825 1517 de

141 1558 226 1624 atque
240 1553 371 1609 hortatur
385 1554 568 1610 Timotheum
583 1555 734 1627 Apostolus
749 1554 860 1610 dicens:
873 1554 956 1609 «01)-
1007 1571 1131 1628 quorum
1152 1554 1257 1611 scilicet
1278 1571 1360 1611 causa
1382 1561 1467 1627 atquc
1487 1554 1646 1611 remotione
1660 1557 1827 1626 oportuerat

141 1662 221 1702 sacro
238 1664 309 1719 ergo
323 1649 416 1719 primo
431 1648 562 1704 omnium
576 1647 640 1703 deri
656 1647 877 1716 obsecrationes,
891 1663 956 1703 ora·
1006 1649 1123 1723 quidem
1145 1652 1280 1717 statuere,
1302 1649 1350 1705 sed
1370 1665 1407 1704 ne
1428 1648 1589 1721 pertubatio
1612 1648 1824 1721 quamplurima

141 1740 242 1811 tiones,
264 1743 478 1813 postulationes,
495 1743 653 1814 gratiarum
672 1741 798 1797 actiones
818 1757 870 1813 pro
892 1758 955 1797 om·
967 1715 1133 1799 B'ecclesiae
1145 1743 1268 1799 oriretur
1279 1742 1430 1814 praeteritis
1439 1742 1549 1797 omissis
1562 1740 1696 1814 deinceps
1704 1742 1753 1814 qul
1764 1759 1824 1800 non

142 1834 224 1889 nibus
238 1835 413 1903 hominihus,
423 1852 476 1908 pro
490 1835 605 1907 regibus
620 1841 649 1891 et
661 1852 713 1907 pro
727 1835 859 1891 omnibus
868 1835 917 1907 qui
926 1835 958 1891 in
1006 1839 1229 1909 promoveantur
1242 1836 1278 1892 ad
1291 1836 1481 1892 sacerdotium
1501 1852 1536 1890 ex
1550 1836 1657 1908 regulis
1669 1852 1822 1905 canonum,

143 1928 362 1984 sublimitatibus
376 1934 443 1984 sunt
461 1931 485 1998 (1
500 1932 569 1985 Tim.
583 1946 613 1999 n,
629 1932 665 1999 1).
680 1951 694 1979 »
715 1928 791 1984 Sicut
806 1945 875 2000 ergo
891 1944 956 1984 ora·
1006 1930 1164 1987 necessario
1178 1930 1319 1986 oredimus
1341 1928 1539 1998 inserendum,
1553 1927 1648 1998 idest,
1662 1929 1755 2001 quiin
1769 1929 1822 1984 ali-

143 2021 240 2090 tiones,
251 2023 329 2078 itaet
341 2023 465 2095 hymnos
476 2023 505 2077 in
515 2023 598 2078 laude
612 2023 663 2079 liei
678 2023 851 2094 compositos
861 2022 957 2078 nullus
1006 2041 1063 2097 quo
1075 2024 1194 2080 crimine
1207 2023 1310 2079 detecti
1325 2027 1402 2091 sunt,
1417 2022 1468 2094 qui
1482 2022 1610 2079 infamias
1625 2024 1695 2078 nola
1713 2023 1823 2095 aspersi

143 2116 634 2188 nostrumulteriusimprobet,sed
655 2117 715 2189 pari
736 2117 873 2172 1111111
895 2115 957 2196 Gal·
1006 2123 1082 2185 sunt,
1096 2119 1145 2191 qui
1167 2119 1274 2173 scelera
1298 2117 1415 2189 antiqua
1438 2133 1490 2188 per
1510 2116 1656 2188 publicam
1681 2116 1820 2189 11111111-

142 2207 216 2264 11111
229 2209 424 2282 Hispaniaque
437 2210 574 2279 celebret3
584 2211 880 2267 excommunicatione
894 2210 954 2283 ple·
1005 2213 1076 2268 tiam
1091 2211 1239 2269 admisisse
1253 2210 1466 2281 confessisunt,
1482 2210 1531 2282 qui
1551 2210 1582 2266 in
1597 2209 1732 2265 haeresim
1750 2211 1821 2283 lapsi

143 2302 766 2376 11111111111111111111111111111111.
1005 2311 1080 2376 sunt,
1097 2307 1146 2378 qui
1169 2305 1199 2361 in
1223 2304 1324 2360 haeresi
1346 2303 1480 2377 baptizati
1501 2307 1551 2359 aut
1573 2304 1738 2376 rebaptizati
1761 2320 1822 2361 esse

167 2398 239 2452 lllll.
255 2398 400 2469 Hymnum
423 2414 536 2470 quoque
558 2397 646 2453 trium
669 2414 825 2469 puerorum
845 2399 875 2454 in
896 2415 954 2471 quo
1005 2404 1172 2470 noscuntur,
1188 2399 1236 2471 qui
1250 2398 1419 2471 semetipsos
1435 2397 1625 2466 absciderunt,
1641 2399 1820 2455 111111111-

139 2491 270 2546 universa
282 2491 345 2546 coeli
358 2494 497 2563 terraeque
515 2497 647 2547 creatura
666 2493 757 2547 [lenm
775 2492 915 2548 collaudat
926 2497 955 2548 et
1004 2494 1068 2550 liter
1081 2493 1191 2549 delectu
1206 2492 1400 2549 membrorum
1421 2496 1470 2548 aut
1488 2491 1630 2547 decisione
1643 2490 1749 2563 aliquid
1763 2490 1818 2546 mi-

135 2597 223 2654 quem
247 2584 372 2640 Ecclesia
392 2584 532 2640 catholica
554 2602 607 2656 par
621 2588 714 2641 totum
733 2585 834 2640 orbem
854 2584 955 2641 diffusa
1003 2605 1057 2643 nus
1072 2587 1189 2655 habere,
1204 2589 1370 2655 noscuntur,
1386 2587 1436 2658 qui
1458 2585 1589 2642 secunda
1608 2585 1703 2641 uxoris
1723 2585 1819 2656 cogni·

131 2678 273 2747 celebrat,
288 2677 406 2749 quidam
417 2678 579 2734 sacerdotes
591 2679 620 2733 in
635 2679 720 2734 missa
740 2679 954 2735 Dominicorum
1003 2681 1113 2738 1111111
1124 2680 1214 2736 sortiti
1224 2685 1299 2749 sunt,
1313 2684 1363 2734 aut
1374 2695 1529 2735 numerosa
1543 2678 1675 2750 conjugia
1687 2677 1820 2751 trequen-

128 2768 263 2837 dierum,
280 2776 309 2826 et
322 2771 352 2827 in
370 2771 596 2828 solemnitatibus
610 2776 770 2844 martyrum
785 2789 886 2829 canere
901 2790 952 2829 ne·
1003 2773 1201 2846 taverunl,qui
1208 2772 1515 2843 viduam,velamarito
1524 2771 1655 2827 relictam
1663 2771 1817 2842 duxerunt,

125 2864 262 2936 gligunt.
289 2864 409 2919 Proinde
436 2869 564 2920 sanctium
590 2865 745 2921 concilium
765 2865 897 2936 instituit,
924 2871 955 2921 ut
1003 2872 1053 2925 aut
1065 2872 1264 2941 corruptarum
1277 2867 1373 2923 mariti
1385 2868 1512 2935 luerunt,
1520 2867 1570 2939 qui
1580 2865 1761 2934 concubinas,
1769 2869 1819 2922 aut

122 2970 182 3026 per
189 2957 442 3030 omnesllispaniae
449 2959 581 3015 ecclesias
588 2960 633 3014 vel
642 2959 954 3017 Gallceciaeinomnium
1001 2963 1169 3019 fornicarias
1182 2962 1355 3031 habuerunt,
1364 2960 1413 3034 qui
1424 2960 1518 3018 servili
1532 2959 1689 3016 conditioni
1702 2960 1818 3016 obnoxii

121 3052 288 3107 missarum
303 3052 479 3109 solemnitate
491 3053 569 3109 idem
592 3052 622 3108 in
644 3053 758 3125 publico
774 3041 951 3122 decantetur,
1002 3053 1816 3129 sunt‚quiignotisunt,quineophyti,vellaici114sunt,

120 3145 370 3202 communionem
391 3146 524 3202 amissuri
538 3146 588 3219 qui
601 3147 751 3219 antiquam
766 3146 852 3218 hujus
867 3147 950 3219 hym-
1002 3152 1052 3223 qui
1065 3149 1195 3206 saeculari
1208 3149 1318 3205 militias
1330 3148 1420 3204 dediti
1435 3152 1513 3217 sunt,
1529 3149 1578 3221 qui
1592 3148 1678 3204 curie
1698 3148 1817 3204 11111111

122 3240 159 3295 ni
173 3238 425 3309 consuetudinem,
442 3244 628 3314 nostramque
643 3240 840 3298 definitionem
855 3256 950 3297 exces-
1002 3244 1119 3317 obligati
1141 3247 1217 3313 sunl,
1232 3243 1281 3315 qui
1304 3243 1384 3298 inscii
1405 3242 1562 3299 litterarum
1585 3245 1660 3310 sunt,
1676 3241 1725 3314 qui
1741 3258 1816 3297 non-

122 3334 235 3390 serinl.
364 3406 373 3411 ‚
1000 3339 1069 3394 dum
1081 3338 1116 3394 ad
1129 3337 1248 3409 triginta
1260 3353 1349 3392 annos
1363 3336 1555 3408 pervenerint,
1571 3335 1621 3408 qui
1643 3352 1696 3407 per
1710 3336 1817 3408 gradus

163 3429 233 3483 XIV.
249 3429 281 3483 ln
299 3427 357 3483 dne
371 3430 546 3501 psalmorum
565 3445 625 3485 non
648 3428 721 3485 sicut
740 3445 757 3483 a
779 3427 952 3501 quibusdam
1000 3431 1201 3488 ecclesiasticos
1214 3446 1272 3485 non
1286 3433 1474 3496 accesserunt,
1488 3428 1538 3500 qui
1551 3428 1662 3483 ambitu
1674 3429 1816 3484 honorem

121 3518 282 3594 bucusque
301 3521 393 3578 Gloria
404 3523 491 3590 Patri,
508 3522 557 3579 sed
570 3522 660 3594 gloria
674 3526 703 3579 et
714 3523 805 3578 honor
816 3523 891 3579 Patri
906 3523 949 3579 di·
1001 3527 1142 3598 quaerunt,
1153 3524 1203 3597 qui
1216 3523 1384 3579 muneribus
1395 3522 1536 3578 honorem
1548 3522 1678 3578 obtinere
1691 3521 1813 3577 moliun-

120 3623 225 3683 catur,
241 3616 327 3671 David
346 3618 489 3688 propheta
511 3616 645 3673 dicente:
665 3637 680 3667 «
700 3616 805 3673 Alierta
826 3617 950 3673 Domino
1001 3624 1056 3688 tur,
1069 3619 1119 3692 qui
1138 3635 1156 3674 a
1178 3617 1371 3675 decessoribus
1392 3616 1422 3672 in
1443 3615 1632 3672 sacerdotium
1656 3616 1812 3688 eliguntur.

121 3710 255 3781 gloriam
282 3714 311 3765 et
336 3710 477 3766 honorem
499 3711 582 3782 (Paul.
607 3727 669 3779 xcv,
690 3710 728 3781 7),
753 3733 766 3760 1
792 3714 821 3766 11
841 3711 950 3767 toanue
999 3713 1053 3770 Sed
1066 3729 1119 3769 nec
1133 3712 1180 3768 ille
1193 3711 1325 3784 deinceps
1337 3711 1467 3767 sacerdos
1482 3710 1642 3783 erit,quem
1656 3725 1708 3765 nec
1723 3710 1814 3765 clerus

120 3803 326 3876 evavrgelistu:
343 3825 357 3854 1
370 3805 513 3860 Exercitus
528 3805 696 3874 dicentium,
707 3805 802 3860 honor
816 3808 845 3860 et
859 3805 950 3876 gloria
999 3824 1053 3862 nec
1066 3806 1189 3879 populus
1209 3805 1333 3878 proprius
1353 3804 1472 3861 civitatis
1488 3804 1583 3876 elegit,
1597 3803 1641 3860 vel
1661 3803 1814 3858 auotoritas

120 3895 188 3952 Deo
206 3902 304 3952 nostro
318 3897 429 3953 sedenti
443 3898 473 3953 in
486 3897 590 3954 throno
604 3898 699 3970 (Apoc.
713 3914 741 3965 v,
756 3898 809 3970 13).
820 3919 834 3948 o
848 3901 885 3954 111
898 3914 950 3970 per
999 3899 1221 3972 oretropolitani,
1233 3899 1277 3955 vel
1288 3897 1570 3970 comprovincialium
1583 3897 1761 3954 sacerdotum
1772 3913 1814 3952 as-

121 3987 192 4046 haec
207 3990 266 4046 duo
280 3991 320 4046 sic
333 3995 444 4063 oportet
457 3991 488 4046 in
503 3992 585 4048 terris
608 3991 664 4047 dici
683 3991 756 4047 sicut
768 3991 799 4047 in
813 3991 948 4047 11111111-
999 3994 1091 4051 sensio
1105 3993 1265 4065 exquisivit.
1281 3992 1447 4064 Quicunque
1458 4008 1528 4064 ergo
1543 3991 1675 4062 deinceps
1685 3989 1721 4046 ad
1734 3990 1812 4047 ordi-

121 4088 244 4139 sonant.
262 4084 403 4140 Universis
419 4102 488 4157 ergo
507 4084 700 4141 ecclesiasticis
721 4086 797 4141 hanc
816 4085 947 4142 observa·
999 4104 1066 4144 nem
1086 4086 1238 4143 sacerdotii
1261 4087 1432 4158 postulatus,
1446 4089 1476 4140 11
1488 4086 1517 4140 in
1530 4085 1574 4140 his
1592 4100 1656 4156 quae
1677 4082 1814 4156 praedicta

120 4178 242 4233 tionem
256 4178 366 4247 damus,
379 4196 467 4251 quam
490 4179 609 4252 quisque
632 4179 801 4252 preterierit
818 4195 948 4235 commu·
998 4185 1064 4237 sumt
1077 4181 1233 4253 exquisitus
1247 4180 1277 4235 in
1290 4180 1370 4235 nullo
1386 4180 1489 4235 horum
1505 4178 1698 4250 deprehensus
1714 4176 1812 4244 fuerit,

122 4271 224 4326 trionis
234 4272 377 4342 jacturam
391 4272 517 4329 habebit.
998 4278 1027 4330 et
1038 4275 1217 4330 examinatus
1230 4272 1371 4346 probabili
1385 4273 1441 4329 vita
1463 4276 1548 4345 atque
1561 4271 1690 4328 doctrina
1703 4271 1814 4327 exstlte

165 4367 221 4421 XV.
236 4365 436 4437 Suntquidam
450 4367 542 4438 quiin
558 4367 615 4421 llne
626 4366 872 4439 responsoriorum
885 4368 947 4438 glo·
997 4369 1044 4436 rit,
1059 4372 1128 4423 tuno
1142 4368 1298 4423 secundum
1313 4367 1457 4440 synodica,
1473 4368 1517 4422 vel
1537 4364 1689 4422 decretalia
1706 4364 1812 4420 consti·

125 4459 206 4513 riam
218 4475 279 4514 nou
294 4459 400 4527 dicunt,
416 4465 532 4531 propter
550 4460 628 4532 quod
648 4461 794 4515 interdum
811 4461 946 4516 inconve·
956 4456 987 4529 D
997 4464 1059 4516 tuta
1073 4477 1138 4516 cum
1151 4461 1281 4517 omniurn
1295 4461 1464 4516 clericorum
1477 4460 1523 4514 vol
1544 4458 1648 4514 civium
1668 4458 1813 4513 voluntate

126 4553 246 4608 nlenter
265 4556 389 4622 resonat,
403 4553 452 4607 sed
475 4553 536 4608 haec
551 4558 594 4609 est
613 4553 753 4623 discretio,
770 4557 802 4609 ut
821 4554 852 4609 in
876 4553 949 4609 laetis
999 4554 1034 4608 ab
1047 4553 1187 4609 universis
1202 4553 1486 4625 comprovincialibus
1507 4550 1655 4624 episcopis,
1670 4553 1720 4606 aut
1736 4553 1812 4606 certe

128 4649 271 4717 sequatur
296 4645 397 4717 gloria,
422 4646 451 4701 in
474 4647 646 4702 tristioribus
670 4652 818 4719 repetatur
842 4647 947 4721 princi·
998 4646 1119 4701 atribus
1132 4647 1161 4701 in
1176 4647 1354 4702 sacerdotem
1368 4646 1413 4702 die
1426 4645 1573 4702 Dominica
1586 4643 1809 4714 consecrabitur,

128 4740 221 4811 pium.
998 4740 1232 4795 convenientibus
1262 4740 1373 4795 catenis
1396 4739 1447 4811 qui
1469 4739 1600 4794 absentes
1623 4742 1689 4794 sunt
1708 4736 1811 4794 litteris

167 4835 235 4890 xvt.
249 4834 451 4908 Apocalypsim
466 4835 572 4890 librum
589 4836 747 4891 mullorum
761 4835 946 4892 consiliorum
997 4833 1065 4902 suis,
1079 4837 1108 4888 et
1119 4832 1213 4903 magis
1225 4832 1393 4888 auctoritate
1408 4833 1451 4888 vel
1467 4832 1617 4904 praesentia
1631 4831 1755 4905 ejusqui
1769 4835 1812 4887 est

128 4927 285 4983 auctoritas
298 4932 327 4983 et
339 4928 475 5000 synodica
489 4933 652 4984 sanctorum
674 4929 826 5000 praesulum
841 4930 947 4985 Roma·
997 4926 1148 4998 metropoli
1173 4925 1352 4982 constitutus.
1378 4926 1533 4999 Episcopus
1559 4930 1655 4983 autam
1675 4942 1809 4997 compro·

133 5037 236 5076 norum
247 5021 482 5077 decretaJoannis
490 5022 672 5095 evangelistae
682 5038 743 5077 esse
751 5022 946 5093 praescribunt,
997 5020 1122 5076 vincialis
1144 5019 1185 5076 ibi
1205 5019 1415 5075 consecrandus
1437 5026 1488 5090 est,
1503 5021 1554 5076 ubi
1576 5020 1810 5092 metropolitanus

132 5120 161 5169 ct
169 5115 247 5170 inter
256 5115 369 5170 divinos
382 5115 466 5171 libros
479 5116 670 5188 recipiendam
686 5117 903 5173 constituerunt.
913 5117 949 5171 Et
997 5113 1124 5186 elegerit.
1148 5113 1381 5185 Metropolitanus
1400 5118 1495 5171 autem
1511 5130 1571 5170 non
1585 5114 1638 5170 nisi
1653 5112 1809 5168 incivitate

131 5209 196 5280 quia
210 5208 329 5281 plurimi
346 5213 412 5265 sunt
423 5210 472 5282 qni
491 5211 553 5282 ejus
573 5210 774 5266 auctoritatem
794 5226 852 5265 non
874 5210 946 5266 reci·
996 5206 1148 5278 metropoli
1161 5210 1191 5261 et
1202 5207 1488 5279 comprovincialibus
1502 5208 1608 5265 ibidem
1619 5203 1809 5262 convenienti-

131 5302 224 5372 piuot,
238 5319 358 5376 eamque
381 5303 410 5357 in
436 5304 561 5358 Ecclesia
576 5303 626 5358 liei
644 5303 801 5375 praedicare
815 5309 945 5359 contem·
996 5300 1101 5356 bussi
1117 5299 1181 5372 quis
1193 5303 1290 5356 autem
1306 5301 1437 5374 deinceps
1456 5306 1555 5358 contra
1576 5299 1712 5372 praedicta
1724 5297 1809 5352 vetita

131 5400 212 5451 nunt.
229 5395 260 5451 si
275 5396 338 5468 quis
353 5412 421 5452 eum
436 5396 570 5468 deinceps
590 5399 712 5452 autnon
732 5396 883 5468 receperit,
899 5402 948 5453 aut
996 5410 1138 5449 canonum
1150 5394 1185 5449 ad
1198 5394 1319 5464 gradum
1333 5395 1511 5451 sacerdotum
1532 5394 1666 5465 indignus
1680 5390 1807 5463 aspirare

129 5489 264 5545 aPascha
276 5505 366 5562 usque
376 5489 412 5545 ad
426 5491 614 5546 Pentecosten
629 5490 661 5546 in
670 5490 793 5545 Ecclesia
805 5506 862 5545 non
876 5506 947 5562 prus·
995 5487 1182 5556 contenderit,
1198 5504 1263 5543 cum
1275 5487 1487 5544 ordinatoribus
1499 5487 1558 5542 suis
1571 5485 1668 5558 adepti
1691 5483 1808 5539 honoris

128 5582 275 5651 dicaverit,
293 5583 598 5640 excommunicationis
618 5583 794 5639 sententiam
817 5582 945 5639 habebit.
995 5580 1122 5654 periculo
1137 5578 1300 5652 subjacebit.

162 5678 242 5732 llllll.
258 5676 393 5733 Nonnulli
406 5678 570 5734 sacerdotes
582 5681 646 5750 post
662 5677 768 5733 dictam
788 5677 946 5733 orationem
1030 5675 1095 5730 lllll.
1111 5675 1142 5729 ln
1154 5675 1242 5730 veteri
1261 5675 1326 5746 lego
1348 5674 1383 5729 ab
1403 5673 1627 5746 annovigesimo
1640 5672 1749 5745 quinto,
1763 5671 1806 5727 le·

127 5771 308 5830 Dominicam
322 5772 420 5830 statim
432 5772 656 5844 communicant,
666 5775 694 5828 et
701 5773 799 5848 postea
811 5769 945 5831 benedic·
995 5767 1060 5825 vite
1069 5767 1099 5825 in
1108 5766 1291 5829 tabernaculo
1299 5767 1403 5828 servire
1411 5767 1594 5841 mandantur,
1602 5766 1808 5844 cujoseuctori·
