3870 6150
605 320 847 385 bacharentur
866 325 1060 383 COLLEC'llD.
1627 328 1694 385 lesa

103 430 825 506 ur.Unde,secundumhpostolidoctrinam,admo·
835 438 935 522 Atam
957 433 1109 490 barbaram
1124 438 1240 506 gentem
1260 434 1324 507 plus
1338 432 1435 507 placet
1452 450 1538 506 quam
1557 435 1695 491 districtio

103 532 118 583 t
132 528 233 585 hortor
250 544 311 598 vos,
334 526 507 597 charissimi,
528 545 581 601 per
598 527 825 584 misericordiam
874 543 1014 595 censurae,
1024 527 1240 583 concedendum
1257 530 1300 583 est
1312 530 1346 582 ut
1357 531 1422 599 post
1434 533 1567 599 quartam
1579 544 1697 599 genera-

104 624 116 677 t
138 621 226 695 digne
240 621 394 677 ambuletis
414 622 563 678 vocatione
577 639 635 694 qua
655 621 746 678 vocati
758 623 825 678 estis
874 621 1162 693 tionemjungantur.
1175 622 1245 676 Nam
1260 621 1335 694 quod
1352 622 1483 693 posuisti,
1500 622 1616 694 quodsi
1632 640 1694 678 mu·

103 736 113 772 ¹.
138 732 176 783 rr,
201 717 236 785 t),
252 720 286 771 ut
304 715 496 772 ministerium
519 721 645 773 restrum
667 715 825 789 perfectum
874 715 928 772 lier
945 714 1113 771 infirmitate
1129 717 1262 787 correpta
1282 731 1339 770 non
1360 715 1482 772 valuerit
1495 715 1622 771 debitum
1634 717 1696 771 viro

103 825 157 865 am
181 810 249 866 Deo.
264 809 464 883 Opportunum
486 827 610 884 namque
623 813 727 868 estvos
741 826 825 866 nosse
876 809 1009 880 reddere,
1023 809 1093 882 quid
1108 808 1170 880 ejus
1183 808 1396 881 faeiatJ‘ugalis,
1410 808 1518 864 bonum
1537 814 1610 866 esset
1623 810 1646 865 si
1659 811 1698 864 sic

103 904 379 977 naocoepiscopum
390 907 560 976 presentem
571 904 759 974 Donilacinm,
772 920 825 959 no·
877 908 1070 975 permaneret,
1094 908 1124 959 ut
1146 901 1327 958 abstinentie
1349 907 1470 959 vacaret.
1491 903 1546 960 Sed
1561 904 1628 975 quia
1644 905 1698 959 hoc

113 1001 144 1054 et
162 1003 297 1071 agentem
315 999 419 1068 vicem,
432 1015 498 1055 cum
516 999 605 1070 digno
622 1003 650 1054 et
663 998 759 1054 debito
773 998 826 1053 ho·
878 1013 1050 1070 magnorum
1060 998 1113 1065 est,
1127 994 1176 1052 ille
1188 996 1236 1068 qui
1250 1013 1279 1053 se
1291 1013 1349 1052 non
1360 996 1465 1068 poterit
1478 997 1636 1068 continere,
1646 1014 1700 1053 nu·

103 1107 150 1164 pro
175 1091 278 1147 Christi
291 1092 411 1147 nomine
426 1091 581 1163 suscipere,
595 1096 623 1147 et
636 1091 827 1147 ministerium
876 1091 925 1146 bat
938 1090 1041 1164 magis,
1057 1107 1114 1146 non
1129 1094 1227 1146 tamen
1242 1090 1362 1145 subsidii
1383 1106 1469 1162 opem
1493 1091 1643 1147 subtrahat
1664 1091 1699 1146 ab

103 1184 229 1242 iasticum
250 1201 315 1241 cum
340 1186 395 1241 side
417 1185 556 1241 catholica
578 1184 736 1241 secundum
763 1202 827 1241 nor·
877 1184 983 1240 illacui
994 1184 1146 1240 infirmitas
1157 1183 1310 1256 praepedit,
1323 1187 1419 1240 etnon
1433 1184 1607 1239 detestabilis
1617 1185 1699 1257 eulpa

104 1283 135 1334 et
146 1294 259 1334 morem
271 1284 402 1335 sanetum
414 1279 770 1352 catholicaeetnpostolicoe
778 1278 827 1333 Dei
879 1277 1014 1335 excludit.
1030 1280 1070 1334 De
1090 1278 1256 1351 presbytero
1271 1294 1348 1346 vero,
1369 1277 1413 1332 rel
1428 1278 1548 1350 quilibet
1568 1278 1701 1334 sacerdos

103 1370 149 1442 iae,
163 1371 219 1440 cui,
230 1371 423 1428 misericordia
432 1373 481 1429 Dei
492 1373 694 1445 preveniente,
707 1386 829 1445 praeesse
879 1390 896 1427 a
910 1372 1017 1445 populo
1031 1376 1189 1439 accusatus,
1204 1372 1228 1426 si
1251 1371 1320 1427 certi
1336 1388 1395 1427 non
1413 1371 1520 1427 luerint
1541 1376 1636 1439 testes,
1652 1372 1701 1444 qui

105 1481 151 1535 nr,
169 1466 242 1521 sicut
259 1466 409 1538 apostolica
430 1466 597 1523 auctoritate
613 1484 631 1522 a
649 1466 731 1522 nohis
744 1465 829 1521 desti·
879 1466 992 1523 crimini
1004 1467 1083 1522 illato
1098 1466 1259 1537 approbent
1273 1465 1422 1521 veritatem
1429 1465 1635 1537 jusjurandum
1649 1467 1703 1522 erit

104 1563 158 1627 est,
172 1559 208 1614 ab
229 1575 262 1614 eo
282 1559 468 1631 suscipientes
488 1560 639 1632 dignanter
658 1560 787 1627 teneatis,
801 1564 830 1615 et
879 1561 909 1615 in
930 1559 1035 1627 medio,
1050 1565 1078 1615 et
1098 1560 1179 1614 illum
1201 1563 1304 1615 testem
1327 1559 1453 1631 proferat
1473 1559 1508 1613 de
1531 1560 1702 1616 innocentiae

103 1652 179 1709 itatis
194 1653 281 1709 ritum
302 1659 330 1710 et
344 1654 505 1709 doctrinam
518 1656 561 1710 vel
574 1653 752 1710 venientium
772 1652 830 1709 Bri·
879 1671 938 1709 suoe
962 1654 1109 1726 puritate,
1136 1673 1150 1704 e
1173 1653 1219 1707 eui
1239 1653 1315 1707 nuda
1339 1656 1368 1707 et
1389 1656 1490 1724 aperta
1515 1659 1584 1708 sunt
1607 1655 1702 1709 omnia

103 1764 120 1816 r,
136 1747 181 1802 vel
193 1747 333 1803 falsorum
346 1748 529 1804 sacerdotum
544 1748 754 1815 hereticorum,
770 1748 829 1803 sire
880 1748 972 1817 (Hebr.
989 1763 1026 1816 ιν,
1043 1748 1096 1816 13),
1112 1769 1125 1796 »
1146 1747 1242 1818 sicque
1267 1752 1382 1802 maneat
1405 1746 1435 1800 in
1458 1747 1574 1818 proprio
1599 1748 1700 1820 gradu.

103 1856 166 1907 tros,
182 1845 232 1896 aut
252 1840 444 1914 undecunque
457 1842 514 1898 sint
525 1846 679 1898 renuentes
691 1858 724 1896 ac
737 1839 868 1914 probi-B
879 1841 951 1896 Nam
973 1840 1008 1896 de
1028 1839 1143 1895 homine
1157 1840 1206 1911 qui
1221 1840 1386 1911 apontillce
1401 1840 1586 1895 coutirmatus
1603 1841 1700 1911 hierii,

103 1934 273 2006 subjiciatis,
290 1938 319 1990 et
330 1940 360 1992 ut
371 1936 509 2008 populum
520 1935 690 1991 vobisaDeo
700 1935 830 1990 commis
881 1933 974 1989 denuo
988 1932 1029 1987 illi
1049 1932 1114 1988 telis
1133 1933 1276 1988 reiteratio
1295 1933 1474 2004 prohibenda
1491 1936 1543 1988 cst.
1560 1935 1591 1989 ln
1603 1934 1701 1989 missa-

103 2028 146 2084 tiis
161 2028 407 2084 admonitionibus
429 2030 579 2100 edoceatis,
600 2032 629 2085 et
651 2046 668 2084 a
689 2029 831 2084 sacrificiis
880 2043 945 2082 rum
954 2027 1101 2085 solemniis
1109 2027 1318 2082 observandum
1326 2028 1452 2099 estquod
1460 2027 1597 2083 Dominus
1605 2032 1703 2083 noster

103 2137 192 2178 rorum
205 2122 323 2177 omnino
339 2122 478 2190 devitetis,
492 2128 520 2178 et
531 2123 613 2194 juxta
626 2123 703 2195 quod
721 2121 831 2178 fueritis
879 2123 960 2177 Jesus
979 2121 1107 2177 Christus
1126 2121 1231 2176 sanctis
1250 2120 1307 2176 suis
1322 2119 1423 2177 tribuit
1441 2120 1586 2193 discipulis
1600 2139 1607 2178 :
1620 2144 1635 2173 ι(
1650 2127 1701 2179 hc-

103 2216 177 2272 dicto
190 2219 288 2271 nostro
310 2217 512 2272 consacerdote
526 2216 630 2287 edocti,
652 2217 693 2272 ita
712 2215 830 2271 catholi·
881 2215 958 2287 cepit
970 2230 1098 2287 namque
1117 2215 1244 2282 calicem,
1261 2220 1289 2271 et
1305 2214 1385 2270 dedit
1398 2215 1438 2269 cis
1454 2215 1551 2271 dicens
1569 2233 1576 2271 ε
1593 2216 1642 2272 llic
1662 2223 1704 2272 est

104 2310 313 2382 tapostolicam
321 2310 481 2366 doctrinam
489 2314 628 2380 tenentes,
639 2310 760 2366 Domino
772 2311 830 2365 Deo
882 2309 952 2365 calix
966 2308 1034 2364 Nori
1046 2309 1219 2364 Testamenti
1243 2309 1274 2363 in
1296 2324 1360 2365 meo
1380 2309 1530 2380 sanguine,
1550 2310 1602 2366 hoc
1619 2311 1704 2366 facite

103 2403 190 2459 satori
200 2409 299 2460 nostro
312 2405 424 2476 placere
439 2405 587 2460 festinetis.
603 2406 637 2460 Et
649 2405 679 2459 in
689 2403 832 2477 quovobis
882 2401 1106 2474 quotiescunque
1121 2402 1234 2457 sumitis
1248 2402 1357 2473 (liuttlt.
1373 2419 1448 2471 xxvi,
1461 2407 1507 2471 27,
1523 2405 1605 2474 28).»
1623 2404 1714 2485 Unde⁸

103 2496 316 2553 ulcelebranda
335 2498 456 2553 concilia
473 2498 625 2554 convenire
641 2497 831 2565 mandaverit,
882 2512 1041 2569 oengusum
1063 2513 1121 2551 non
1144 2502 1187 2553 ost
1209 2495 1279 2551 duos
1297 2496 1341 2551 vel
1360 2498 1418 2552 tres
1432 2496 1534 2553 calices
1554 2497 1585 2552 in
1604 2498 1704 2557 altario

105 2595 173 2648 uxta
191 2592 362 2660 Danubium,
378 2592 436 2647 sive
459 2593 489 2647 in
507 2592 620 2648 civitate
636 2591 833 2665 degustaret
882 2606 990 2661 ponere
1010 2606 1076 2646 cum
1103 2590 1253 2646 missarum
1280 2589 1419 2645 solemnia
1445 2591 1635 2647 celebrantur.
1663 2594 1703 2648 De

103 2700 180 2757 nque
182 2685 365 2756 judicaverit,
372 2702 424 2758 pro
430 2686 548 2742 nomine
556 2686 657 2743 Christi
666 2685 761 2760 parati
771 2701 832 2741 esse
883 2683 1069 2738 immolatitiis
1082 2689 1179 2740 autem
1190 2683 1262 2738 escis
1274 2683 1441 2740 consuluisti
1454 2685 1477 2739 si
1492 2683 1651 2741 atidelihns
1661 2703 1705 2741 su-

103 2777 212 2848 iemini,
225 2784 366 2852 quatenus
379 2796 585 2853 cognoscamus
598 2796 651 2852 per
670 2779 731 2851 ejus
748 2795 832 2834 man·
883 2777 1051 2850 perductum
1065 2777 1153 2833 luerit
1163 2777 1278 2832 vivifice
1294 2778 1385 2833 crucis
1403 2778 1518 2849 signnm
1533 2778 1578 2834 edi
1593 2779 1704 2849 liceret,

103 2872 262 2945 ndepestro
271 2877 425 2940 conventu,
436 2879 466 2930 ut
478 2874 507 2929 in
522 2874 599 2929 diem
612 2874 749 2929 adventus
755 2874 834 2930 Chri·
884 2887 921 2925 an
932 2887 1000 2938 non,
1017 2870 1087 2925 illud
1100 2870 1205 2926 suflicit
1219 2870 1405 2942 respondere,
1419 2872 1497 2945 quod
1512 2872 1611 2927 heatus
1628 2874 1704 2946 Apo-

103 2983 129 3022 tu
139 2983 206 3023 cum
217 2967 312 3022 fructu
324 2967 393 3023 boni
409 2968 503 3040 operis
512 2971 578 3023 ante
588 2968 648 3039 eius
659 2967 784 3023 tribunal
792 2984 834 3023 as
884 2965 973 3020 stolus
985 2964 1069 3019 dicit:
1082 2964 1209 3037 «Siquis
1224 2965 1327 3020 dixerit
1342 2964 1418 3036 quod
1429 2965 1484 3021 hoc
1493 2964 1706 3024 immolatitium

103 3074 116 3116 e
138 3076 311 3129 mereamur,
337 3062 462 3118 dicentes
485 3079 491 3116 :
513 3085 526 3110 ι(
541 3063 610 3117 Ecce
631 3078 681 3116 nos
702 3066 731 3117 ct
752 3063 835 3134 pueri
885 3062 936 3121 est,
951 3058 1037 3114 nolite
1051 3057 1135 3113 edere
1149 3060 1268 3130 propter
1281 3074 1348 3114 eum
1363 3059 1412 3130 qui
1428 3058 1574 3131 indicavit,
1589 3065 1619 3116 et
1638 3078 1705 3134 pro-

103 3153 200 3211 iedisti
212 3155 306 3222 nobis,
318 3157 440 3211 Domine
451 3156 543 3228 (hebr.
559 3172 589 3224 n,
606 3157 659 3227 13),
674 3175 688 3205 »
702 3171 832 3226 nonper-
884 3155 949 3224 pter
966 3151 1171 3208 conscientiam
1190 3152 1215 3221 (l
1226 3152 1287 3208 Cor.
1301 3170 1328 3222 x,
1340 3152 1396 3222 28).
1419 3173 1433 3201 >r
1456 3152 1595 3210 Addidisti
1612 3154 1707 3211 adhuc

103 3264 143 3304 rus
155 3264 190 3304 ex
204 3249 245 3303 eis
260 3265 436 3322 quemquam
449 3251 536 3320 (toan.
552 3267 629 3321 xvru,
648 3250 685 3319 9),
702 3254 733 3305 ut
744 3255 773 3305 et
787 3265 835 3306 ros
886 3245 963 3318 quod
978 3243 1002 3300 si
1013 3249 1094 3317 pater
1109 3246 1152 3300 rel
1165 3248 1259 3300 mater
1274 3244 1365 3300 tilium
1377 3244 1525 3318 filiamque
1539 3246 1616 3303 iutra
1628 3252 1707 3321 septa

103 3342 192 3398 nicam
211 3359 310 3399 vocem
330 3343 430 3399 audire
457 3344 638 3412 mereamini,
668 3343 833 3400 dicentem:
886 3338 1054 3395 monasterii
1063 3338 1093 3393 in
1104 3337 1230 3394 intantiae
1238 3338 1321 3394 annis
1334 3337 1386 3393 suh
1399 3339 1524 3410 regulari
1537 3340 1707 3397 tradiderint

103 3435 159 3507 rite,
181 3436 323 3494 benedicti
346 3438 436 3493 Patris
459 3439 527 3509 mei,
550 3437 687 3511 percipite
711 3454 836 3510 regnum
887 3433 1045 3505 disciplina,
1060 3436 1156 3488 utrum
1171 3432 1257 3488 liceat
1272 3433 1312 3488 eis
1321 3437 1473 3506 postquam
1486 3433 1644 3505 pubertatis
1656 3435 1709 3492 im-

111 3529 191 3586 robis
213 3537 344 3603 peratum
365 3535 407 3587 est
424 3533 459 3588 ab
479 3532 589 3604 origine
606 3531 710 3587 mundi
728 3533 835 3602 (Mani.
885 3526 1027 3600 pleverint
1046 3544 1138 3583 annos
1159 3526 1269 3599 egredi,
1292 3530 1322 3581 et
1347 3525 1534 3582 matrimonio
1560 3529 1705 3600 copulare.

103 3627 147 3696 tlt.
164 3647 177 3676 »
192 3627 268 3681 Bene
281 3626 383 3682 valete.
420 3636 426 3647 ‘
887 3623 945 3677 lloc
966 3622 1086 3677 omnino
1109 3621 1282 3689 devitamus,
1298 3621 1366 3693 quia
1387 3620 1468 3676 nefas
1488 3626 1540 3690 est,
1555 3626 1587 3677 ut
1606 3623 1708 3679 oblatis

179 3721 302 3791 Epistola
315 3720 433 3789 mesdeo
445 3721 482 3776 od
494 3722 673 3789 Bonisuctum.
887 3717 1085 3790 aparentibus
1106 3717 1164 3772 Deo
1188 3716 1254 3772 tiliis
1277 3716 1434 3789 voluptatis
1457 3717 1540 3773 irena
1567 3719 1706 3777 laxentur.

103 3814 298 3872 terendissimo
327 3818 355 3869 et
381 3814 557 3871 sanctissimo
583 3815 663 3870 fratri
690 3817 837 3873 Domnicio
888 3812 1040 3868 Enimvero
1053 3812 1190 3885 quosdam
1200 3810 1357 3884 baptizatos
1367 3812 1473 3884 absque
1484 3813 1707 3885 interrogatione

103 3924 196 3980 scopo,
212 3908 375 3974 Casuentus,
391 3925 488 3963 servus
506 3925 654 3965 servorum
669 3910 729 3966 Dei.
888 3905 1009 3978 symboli
1028 3905 1064 3960 ab
1085 3904 1224 3962 adulteris
1243 3905 1417 3978 presbyteris
1429 3909 1458 3961 et
1471 3905 1599 3979 indignis
1616 3907 1708 3965 fassus

103 4001 277 4059 tidembilem
295 4003 366 4057 mihi
380 4019 397 4057 a
410 4009 437 4058 te
451 4003 553 4058 missus
566 4003 674 4059 Denual
688 4003 836 4077 religiosus
887 3999 1200 4057 es.lnhistuadilectio
1212 4003 1312 4055 teneat
1323 3999 1475 4074 antiquum
1487 4017 1599 4058 rnorem
1611 4003 1705 4058 Eccle-

103 4100 167 4169 yter
179 4096 274 4152 attulit
288 4096 432 4166 nuntium,
442 4113 506 4152 cum
516 4102 545 4152 te
555 4097 690 4169 sospitem
700 4099 835 4166 narravit,
888 4096 947 4163 sie,
962 4094 1029 4167 quia
1044 4094 1171 4167 quisquis
1185 4093 1216 4148 in
1230 4095 1345 4149 nomine
1360 4094 1462 4162 Patris,
1478 4099 1506 4150 et
1522 4095 1594 4166 Filii,
1609 4102 1637 4152 et
1649 4097 1708 4169 Spi-

103 4189 324 4261 ninisterio,p1·o
334 4191 739 4262 quomissusesfaventeDeo,
751 4192 835 4263 profi·
887 4189 959 4245 ritus
973 4189 1062 4244 sancti
1081 4188 1239 4261 baptizatus
1254 4193 1298 4243 est
1312 4187 1421 4257 (blattis.
1441 4205 1536 4257 xxrru,
1559 4190 1612 4263 ts),
1625 4191 1706 4247 reba·

103 4284 252 4340 nuntiavit.
260 4284 366 4341 Detulit
374 4285 459 4340 etiarn
475 4301 491 4340 a
505 4291 531 4340 te
546 4284 647 4340 missas
659 4285 778 4353 litteras,
789 4285 837 4341 ubi
888 4283 988 4355 ptizari
998 4282 1120 4338 minime
1131 4283 1223 4339 liceat.
1233 4283 1296 4338 Nou
1308 4283 1387 4338 enim
1400 4283 1430 4337 in
1441 4283 1556 4341 nomine
1565 4284 1710 4356 baptizan-

103 4373 149 4429 rsti
161 4373 240 4446 quod
252 4374 501 4445 agerDominicus,
515 4374 564 4445 qui
577 4375 702 4430 incultus
713 4374 836 4445 jacebat,
888 4377 931 4445 tis,
947 4377 996 4434 sed
1013 4377 1043 4431 in
1062 4377 1180 4433 nomine
1200 4376 1343 4433 Trinitatis
1363 4377 1448 4448 hujus
1474 4378 1573 4450 gratiee
1598 4378 1708 4435 donum

103 4470 209 4524 merum
221 4467 327 4523 aculeis
337 4484 371 4523 ex
384 4466 565 4536 infidelitate,
575 4469 709 4540 riguerat,
722 4484 838 4525 vomere
888 4471 1027 4544 percepit.
1043 4472 1077 4527 Et
1098 4474 1233 4526 teneatur
1255 4469 1333 4542 quod
1356 4452 1506 4542 Apostolus
1523 4471 1562 4526 ait
1579 4488 1586 4526 :
1603 4474 1707 4529 «Unus

103 4558 228 4614 lectrinae
241 4562 386 4625 exarante,
396 4572 494 4612 semen
504 4557 582 4612 verbi
594 4559 729 4630 suscepit,
740 4561 770 4613 et
780 4557 836 4614 fer·
889 4565 971 4634 Deus,
992 4580 1051 4620 una
1069 4564 1148 4630 tides,
1168 4580 1259 4619 unum
1279 4564 1422 4635 baptisma
1446 4564 1554 4634 (Eptes.
1573 4581 1610 4632 rt,
1630 4569 1666 4633 ὅ).
1691 4589 1705 4617 n

116 4667 239 4708 messem
254 4651 374 4723 protulit
384 4651 537 4706 fidelitatis·
560 4652 590 4706 ln
611 4652 719 4708 eisdem
738 4652 839 4709 litteris
889 4659 1050 4715 Doctrinam
1065 4674 1132 4714 vero
1146 4657 1302 4730 spiritalem
1316 4657 1419 4712 talibus
1433 4657 1596 4728 studiosius,
1612 4664 1645 4715 ut
1656 4661 1708 4716 im·

102 4746 191 4804 tedam
207 4745 396 4801 subnexuistis
413 4745 554 4816 capitulis,
574 4745 744 4802 sciscitando
764 4762 837 4818 qua·
889 4752 996 4826 pertiae
1008 4752 1218 4809 demandamus
1232 4769 1239 4806 ε
1253 4768 1307 4824 pro
1322 4752 1448 4824 parvulis
1469 4767 1537 4808 vcro
1558 4754 1607 4827 qui
1624 4772 1707 4827 apa-

103 4843 202 4897 teneat
223 4840 268 4895 vel
286 4840 387 4895 doceat
409 4839 470 4894 haec
491 4843 589 4894 sancta
607 4840 760 4912 apostolica
786 4841 839 4897 Ru
889 4846 1019 4904 rentibus
1030 4847 1165 4902 subtracti
1178 4849 1255 4913 sunt,
1266 4851 1294 4901 et
1310 4863 1347 4901 an
1362 4846 1495 4918 baptizati
1511 4852 1586 4916 sunt,
1598 4866 1635 4903 an
1650 4867 1708 4906 non

103 4953 110 4990 t
122 4935 255 4992 Ecclesia.
270 4934 344 4989 Bene
356 4933 430 4989 nosti
444 4933 600 5007 satis,quia
609 4933 710 4990 beatus
723 4939 837 5007 aposto·
889 4942 1032 5014 ignorant,
1048 4941 1100 4996 hos
1111 4942 1144 4994 ut
1156 4940 1296 5012 baptizare
1310 4939 1412 4996 debeas
1426 4942 1584 4998 secundum
1594 4945 1709 4999 Petrum

103 5030 179 5085 etrus
194 5032 223 5084 et
233 5028 413 5101 episcopatus
426 5027 597 5100 principium
609 5029 724 5085 exstitit.
731 5030 765 5084 Et
775 5045 839 5085 con·
888 5034 1084 5104 traditionem,
1100 5034 1123 5089 si
1137 5050 1196 5089 non
1206 5034 1291 5090 tuerit
1309 5034 1358 5106 qui
1380 5035 1556 5103 testificetur,
1573 5038 1644 5093 ratio
1658 5054 1706 5109 po-

106 5122 192 5179 titibi
206 5123 241 5179 de
254 5125 329 5179 statu
342 5122 471 5178 Ecclesioe
486 5138 544 5178 11011
556 5139 591 5178 ex
606 5123 689 5179 nohis
707 5124 788 5196 quasi
806 5139 840 5179 ex
890 5130 951 5185 scit.
971 5129 1101 5203 Leprosis
1124 5132 1233 5194 autem,
1259 5129 1282 5182 si
1303 5128 1400 5183 tideles
1421 5128 1573 5184 Christiani
1590 5130 1708 5198 fuerint,

103 5251 115 5286 .,
128 5217 177 5273 sed
190 5217 252 5288 ejus
264 5216 366 5289 gratia,
382 5216 452 5288 «qui
464 5216 556 5288 aperit
565 5232 595 5272 os
606 5222 729 5287 mutum,
743 5222 772 5273 et
783 5217 838 5273 lin·
889 5222 1029 5280 Dominici
1049 5221 1175 5293 corporis
1194 5227 1223 5277 et
1243 5221 1392 5293 sanguinis
1407 5223 1584 5294 participatio
1599 5222 1707 5277 tribua-

105 5310 261 5368 iniantium
273 5311 341 5367 facit
355 5311 473 5367 disertas
488 5311 563 5383 (Sap.
573 5329 600 5382 x,
616 5312 671 5383 21),
686 5333 700 5362 »
715 5313 840 5385 qualiter
891 5322 946 5383 tur,
955 5317 1108 5373 cumsanis
1119 5319 1216 5371 autem
1227 5316 1390 5371 communia
1401 5316 1545 5371 celebrare
1556 5320 1706 5386 negentur.

103 5422 122 5462 e
143 5405 249 5462 debeas
262 5405 409 5477 apostolici
431 5405 535 5477 rigoris
557 5406 687 5462 doctrina
707 5406 839 5462 dicimus.
890 5411 1023 5483 Adjecisti
1045 5410 1132 5466 etiarn
1155 5409 1233 5482 quod
1254 5410 1277 5463 si
1299 5410 1416 5482 pestifer
1428 5407 1545 5463 morbus
1560 5413 1609 5464 aut
1627 5425 1707 5463 mor-

103 5500 156 5556 rin
170 5499 269 5572 primis
283 5501 441 5572 legebatur,
460 5505 493 5554 ut
508 5506 595 5573 quota
614 5501 765 5573 progenies
775 5518 840 5574 pro·
891 5506 984 5561 talites
1004 5505 1034 5560 in
1057 5504 1186 5572 ecclesia,
1202 5506 1247 5559 vet
1267 5503 1446 5559 monasteriis
1468 5501 1623 5573 irrepserit,
1637 5518 1709 5574 quos

103 5610 199 5650 rorum
223 5594 408 5651 matrimonio
431 5594 588 5667 copuletur.
614 5594 738 5650 Dicimus
765 5595 841 5667 quod
893 5599 1016 5655 necdum
1030 5599 1151 5672 tetigite
1168 5598 1233 5654 loco
1247 5597 1362 5669 fugiunt
1383 5594 1521 5650 evitantes
1536 5595 1708 5666 periculum,

103 5694 189 5746 uerat
202 5689 320 5762 quidem
337 5689 464 5761 quandiu
482 5705 512 5745 se
532 5693 690 5761 agnoscunt
702 5687 843 5745 affinitate
891 5693 969 5749 unde
978 5693 1089 5750 fetuum
1101 5694 1156 5749 hoc
1167 5691 1289 5748 ridetur.
1304 5690 1364 5744 Nun
1378 5688 1455 5743 enim
1470 5689 1545 5745 valet
1558 5689 1708 5762 quisquam

103 5785 200 5858 mquos
212 5783 248 5839 ad
268 5783 353 5855 hujus
369 5784 478 5855 copulae
499 5799 558 5839 non
573 5782 706 5840 accedere
725 5783 843 5840 sociata·
894 5788 943 5844 Dei
962 5786 1089 5861 elingere
1108 5803 1222 5843 manus.
1247 5786 1277 5840 ln
1298 5782 1386 5838 linem
1403 5782 1523 5854 epistula
1537 5784 1711 5852 continebat,

107 5876 166 5936 Sed
183 5876 252 5953 quia
265 5878 455 5952 temperantia
477 5879 580 5951 magis,
595 5881 624 5935 et
635 5878 794 5952 presertim
813 5877 843 5936 in
893 5881 971 5957 quod
983 5886 1049 5938 sunt
1064 5882 1183 5955 quidam
1197 5877 1358 5954 presbyteri
1370 5893 1419 5934 seu
1432 5877 1559 5952 episcopi
1573 5878 1603 5936 in
1616 5879 1715 5937 multis
