3870 6150
433 277 439 285 '
537 270 776 333 uscaarsttutt
794 269 987 331 contactio.
1549 273 1600 332 ³22

103 382 147 437 rici
164 385 243 437 actus
262 383 442 438 secularium
463 383 508 437 rel
524 382 736 455 procurationes
746 394 776 468 Α
824 385 866 438 ιθ.
883 383 922 436 Ne
933 381 1080 453 episcopus
1092 383 1207 437 alterius
1220 382 1346 455 episcopi
1360 382 1459 454 plebes
1471 385 1513 438 rel
1529 385 1600 439 tini-s

103 479 154 530 mt.
785 477 915 548 usurpet.

103 566 140 623 ici
154 568 197 623 rel
210 567 273 624 laici
286 568 317 623 in
333 566 427 623 aliena
440 568 564 625 Ecclesia
579 584 638 624 nou
654 585 733 626 com·
821 570 865 624 ll.
879 568 918 623 De
932 566 1041 623 clericis
1058 567 1275 624 contumacibus
1292 572 1320 624 et
1338 567 1374 623 de
1390 585 1510 624 numero
1520 570 1598 641 judi-

103 661 246 717 rbliiteris
261 661 304 716 sui
316 660 452 733 episcopi.
784 661 911 718 cantium
924 659 1157 733 presbyterorum
1172 664 1202 717 et
1215 660 1410 717 dlaconorum.

103 753 210 827 rplicati
235 754 360 827 negotiis
384 753 485 809 alienis
510 759 576 810 ante
596 755 734 811 redditam
822 757 864 809 ta.
881 755 917 810 Ut
928 756 1010 824 pacta
1022 752 1098 807 inter
1112 752 1257 824 episcopos
1268 753 1339 808 inita
1351 754 1557 811 custodiantur.

103 846 169 904 arici
182 847 430 903 nonordinentur.
822 849 865 903 lt.
881 846 918 902 Ut
929 861 987 900 non
999 844 1085 901 liceat
1098 845 1208 901 clericis
1219 845 1360 900 fenerare.

102 939 112 995 i
129 939 247 995 clericos
260 944 371 996 actores
387 941 430 996 vel
448 940 664 997 ratiocinatores
683 941 736 998 sibi
822 940 866 995 tt.
883 940 920 995 Ut
933 937 1000 994 laici
1016 942 1228 1011 contemptores
1247 955 1390 994 canonum
1408 941 1601 996 excommuni-

103 1036 171 1089 reut.
786 1035 898 1102 centur,
912 1029 1007 1087 clerici
1019 1047 1087 1086 vero
1100 1030 1209 1087 honore
1224 1031 1380 1101 priventur.

103 1233 305 1328 INCIPIT
340 1235 647 1329 CONCILIUM
681 1235 901 1329 PRIMUM
934 1233 1410 1328 GARI'HAGINENSE

103 1399 146 1453 tus
167 1396 317 1469 episcopus
338 1398 556 1471 Carthaginensi
572 1401 602 1455 in
619 1402 737 1457 concilio
786 1399 853 1455 licet
865 1396 1120 1472 vastraprudentia
1134 1397 1171 1452 sit
1186 1397 1323 1452 instructa
1335 1412 1352 1451 a
1364 1395 1433 1467 lieo,
1450 1400 1480 1453 et
1492 1413 1600 1455 meres·

103 1489 187 1562 llegis
201 1489 259 1545 suis
267 1490 453 1560 consedisset,
466 1496 496 1547 et
508 1492 558 1564 qui
571 1509 607 1549 ex
619 1494 737 1551 diversis
785 1499 834 1549 tur
849 1491 880 1549 in
905 1508 986 1565 pace,
1005 1496 1036 1548 et
1051 1491 1161 1548 unitate
1182 1488 1316 1562 consequi
1337 1489 1462 1563 desuper
1481 1507 1603 1547 munera

103 1582 230 1638 ttricanis
249 1583 287 1637 ad
308 1584 511 1655 Carthaginem
532 1592 735 1656 convenerunt,
785 1586 876 1658 larga,
889 1589 988 1642 tamen
1007 1587 1037 1641 et
1056 1599 1111 1655 ego
1125 1599 1198 1640 unus
1222 1600 1255 1640 ex
1268 1583 1359 1651 robis,
1382 1587 1412 1639 et
1428 1600 1485 1657 quo
1505 1601 1603 1657 parem

103 1675 198 1744 nansi,
226 1677 430 1732 Fortunatiano
454 1679 630 1750 Rampteno,
654 1681 735 1737 Cres·
786 1679 930 1735 vobiscum
939 1677 1157 1735 sollicitudiuem
1167 1692 1247 1748 gero,
1256 1682 1373 1750 propter
1381 1677 1603 1734 ecclesiasticum

103 1767 136 1838 si,
154 1768 321 1824 vindiciano
341 1770 532 1840 LacubaIensi,
554 1773 736 1830 abundantio
746 1757 775 1830 B
787 1772 920 1829 ordinem
930 1772 1001 1828 illud
1012 1770 1159 1827 insinuare
1174 1769 1290 1826 curabo.

111 1902 120 1932 ‚
141 1861 236 1917 Priato
258 1862 463 1934 begesilitano,
487 1864 647 1922 Gaudentio
665 1867 736 1923 Tur-
822 1868 855 1922 ll.
871 1867 1028 1938 Martyrum
1041 1864 1212 1937 dIgnitatem
1225 1879 1311 1919 nemo
1323 1863 1459 1935 profanus
1471 1863 1602 1934 infamet,

118 1954 239 2009 Patricio
277 1955 426 2026 sincensi,
464 1958 565 2024 Quieto
593 1959 736 2032 Uticensi,
787 1974 880 2031 neque
893 1957 1003 2031 passiva
1018 1973 1138 2030 corpora
1156 1972 1221 2030 qaae
1238 1956 1391 2029 sepultmm
1410 1959 1519 2012 tantum
1535 1973 1603 2029 pro·

103 2046 232 2115 maliano,
248 2053 276 2103 et
288 2049 398 2104 caeteris
412 2066 535 2122 quorum
549 2067 651 2108 manus
669 2069 735 2109 con·
787 2056 851 2124 pter
872 2049 1043 2108 memoriam
1066 2049 1284 2106 ecclesiasticam
1306 2050 1501 2105 commendari
1521 2065 1603 2104 man·

103 2156 153 2196 ‚em
168 2141 270 2196 Gratus
286 2141 539 2214 episcopusdixit:
555 2146 664 2201 Gratias
680 2148 736 2202 lieo
788 2144 964 2214 detumeat,
988 2143 1129 2216 redigant,
1159 2148 1190 2199 ut
1208 2147 1258 2199 aut
1276 2143 1384 2198 insania
1402 2143 1605 2214 praecipitatos,

102 2232 272 2290 IetChristo
292 2234 368 2304 lesu,
387 2235 438 2307 qui
454 2236 533 2292 dedit
552 2239 633 2293 malis
650 2239 736 2295 schis-
787 2237 905 2293 aut'alia
921 2236 1033 2293 ratione
1050 2235 1160 2308 peccati
1180 2235 1335 2307 disjunctos
1354 2251 1411 2290 non
1432 2236 1540 2291 ratione
1562 2237 1605 2291 vel

103 2342 171 2397 tem,
196 2331 225 2381 et
242 2328 365 2398 respexit
382 2329 532 2385 Ecclesiam
549 2347 640 2402 suam,
659 2337 691 2388 ut
708 2333 737 2388 in
787 2334 918 2403 tempore
930 2329 1115 2403 competenti,
1126 2345 1183 2402 quo
1192 2327 1331 2401 martyria
1343 2328 1525 2384 celebrentur
1533 2344 1607 2384 mar-

103 2435 140 2475 un
162 2419 285 2492 erigeret
301 2421 432 2478 universa
449 2423 580 2479 membre
598 2425 736 2498 dispersa,
786 2427 883 2495 tyrum
910 2423 1031 2480 nomina
1055 2422 1211 2496 appellent,
1237 2425 1269 2477 ut
1291 2421 1395 2494 siquis
1418 2422 1454 2477 ad
1471 2421 1605 2493 injuriam

103 2512 135 2568 rit
156 2512 369 2584 religiosissimo
382 2514 548 2571 Constantio
561 2516 736 2589 imperatum,
788 2521 950 2589 martyrum
962 2515 1096 2572 claritatis
1110 2531 1210 2570 eorum
1223 2515 1362 2586 adjungat
1374 2515 1498 2583 iusauos,
1514 2515 1607 2586 placet

103 2610 214 2677 gereret
236 2605 363 2673 unitatis,
388 2610 417 2661 et
444 2609 572 2665 mitteret
594 2610 738 2667 ministros
787 2625 846 2680 eos,
863 2609 886 2665 si
899 2609 966 2665 laici
979 2608 1048 2678 sint,
1062 2607 1099 2664 ad
1116 2607 1317 2680 penitentiam
1336 2606 1440 2679 redigi.
1461 2608 1489 2663 Si
1508 2611 1606 2663 autem

103 2715 116 2752 s
138 2698 260 2753 famulos
273 2700 333 2767 Ilei,
358 2700 478 2755 Paulum
503 2707 531 2756 et
551 2703 736 2760 ldacharium.
788 2702 972 2771 metelanici,
986 2706 1051 2776 post
1067 2700 1321 2757 commonitionem
1336 2706 1365 2756 et
1382 2704 1447 2772 post
1463 2701 1605 2772 cognitio·

102 2793 143 2845 rtu
163 2792 332 2864 congregati
351 2793 388 2847 ad
411 2794 562 2864 unitatem,
585 2803 616 2851 ιιι
628 2812 680 2868 per
694 2797 736 2851 di·
787 2811 854 2852 nem
867 2796 978 2851 honore
996 2795 1112 2866 privari.
1133 2794 1263 2851 Universi
1283 2794 1426 2861 dixanrnt,
1450 2796 1526 2849 recte
1549 2798 1605 2848 sta-

102 2883 190 2939 incias
208 2885 327 2940 concilia
345 2886 532 2957 celebremus,
550 2892 580 2942 et
597 2889 737 2945 universae
788 2888 994 2944 bilitsanctitas
1010 2893 1114 2956 restra,
1128 2887 1182 2943 hoc
1198 2889 1227 2942 at
1240 2886 1361 2959 singulis
1373 2886 1499 2942 conciliis
1517 2890 1605 2942 statu·

103 2977 186 3033 tricae
201 2978 340 3034 bodlerna
358 2979 403 3035 die
416 2980 569 3036 concilium
584 2981 675 3053 gratia
689 2983 738 3038 uei
788 2987 850 3037 tum
864 2985 919 3038 est.

103 3087 122 3126 n
148 3072 268 3138 reniret,
297 3073 374 3128 unde
400 3074 642 3130 considerantibus
659 3076 739 3132 vobis
823 3075 867 3130 ιιι.
881 3075 983 3131 Gratus
1001 3075 1259 3148 episcopusdixit:
1275 3075 1311 3130 at
1327 3074 1398 3130 illud
1414 3073 1569 3148 praecipue,
1584 3074 1608 3129 si

103 3164 280 3221 radiocritatc
301 3169 459 3222 tractentur
480 3168 555 3222 tituli
575 3169 738 3241 necessarii,
749 3121 776 3198 C
789 3167 901 3225 videtur
913 3172 1013 3225 vestras
1027 3168 1181 3237 dilectioni,
1199 3166 1358 3224 cavendum
1372 3171 1424 3236 est,
1441 3172 1473 3223 ut
1484 3168 1608 3240 pastoris

103 3272 205 3313 recessa
227 3262 270 3312 est
292 3275 345 3314 nos
368 3276 512 3315 memores
532 3267 739 3335 preceptorum
789 3278 856 3317 cura
872 3267 1014 3334 quantum
1030 3261 1116 3318 debat
1128 3265 1158 3316 et
1171 3265 1264 3335 potest
1276 3261 1417 3333 regularis
1431 3261 1607 3332 providentia

108 3355 138 3406 et
164 3352 321 3423 magisterii
347 3353 508 3409 divinarum
530 3355 739 3426 scripturarum
788 3360 975 3427 praemoneat,
989 3360 1024 3411 ut
1035 3355 1121 3411 nullis
1134 3355 1218 3411 liceat
1232 3355 1269 3410 ab
1284 3354 1388 3410 affectu
1399 3353 1607 3410 abstinentibus

103 3446 148 3500 tes
163 3444 278 3499 unitatis
293 3449 416 3517 tempus,
435 3447 464 3501 id
481 3447 517 3503 de
536 3448 656 3519 singulis
668 3449 737 3504 defi·
788 3447 898 3504 camuli
919 3447 997 3521 apud
1018 3451 1170 3504 extraneos
1191 3447 1299 3519 pariter
1321 3447 1507 3515 commotam
1528 3463 1606 3502 occa·

103 3552 152 3592 nec
172 3538 315 3609 Carthago
336 3539 464 3611 vigorem
489 3540 561 3612 legis
591 3540 737 3613 infringat,
789 3541 884 3596 siones
906 3540 984 3597 enim
1001 3540 1186 3612 amputandas
1206 3543 1274 3595 suut
1291 3544 1484 3612 peccatorum,
1506 3543 1536 3596 et
1553 3540 1606 3596 tol-

103 3645 221 3702 smpora
235 3630 352 3685 unitatis
367 3632 475 3705 aliquid
488 3634 737 3690 durissimumsla·
787 3633 881 3690 lendae
904 3648 1006 3689 omnes
1026 3632 1201 3705 suspiciones
1214 3633 1317 3704 quibus
1335 3633 1475 3690 subtilitas
1499 3633 1606 3690 diaboli

789 3727 840 3783 sub
855 3728 998 3798 praetextu
1011 3725 1156 3781 charitatis
1173 3729 1202 3780 et
1215 3724 1378 3781 dilectionis
1397 3726 1525 3782 incautas
1541 3727 1605 3781 eni-

103 3831 148 3889 rgo
168 3816 191 3872 si
218 3816 296 3873 vobis
316 3817 420 3891 placet,
443 3820 656 3877 consideremus
678 3821 736 3893 pri·
788 3837 849 3876 mas
869 3821 913 3875 rel
935 3820 1051 3893 ignaras
1071 3819 1184 3875 irretire
1210 3817 1368 3874 consuevit.
1399 3817 1498 3874 Nullus
1518 3819 1607 3891 igitur

103 3925 131 3966 m
145 3910 389 3983 rebaptizationis,
403 3913 480 3969 unde
493 3916 672 3971 sanctItatcm
687 3931 736 3970 ve·
788 3914 925 3986 nullaque
938 3912 1135 3969 sanctimoniae
1151 3914 1182 3967 et
1194 3911 1350 3984 virginitati
1364 3912 1524 3969 deserviens
1537 3928 1605 3985 pro·

103 4004 141 4060 rlo
159 4009 193 4060 ut
212 4006 315 4061 rnentis
336 4010 437 4061 vestre
458 4007 560 4079 placita
576 4007 738 4080 producatis
787 4011 852 4081 pter
865 4006 1075 4080 blasphemiam
1097 4005 1238 4076 Ecclesiae,
1252 4006 1277 4061 si
1292 4006 1372 4061 robis
1384 4006 1487 4079 placet,
1505 4005 1536 4063 in
1547 4022 1606 4062 una

103 4100 198 4153 entem
221 4099 393 4171 inaquam,
419 4103 448 4155 et
472 4100 683 4173 interrogatum
706 4102 737 4158 in
788 4102 874 4159 domo
882 4117 948 4158 cum
958 4099 1100 4158 exuaneis
1107 4099 1223 4173 penitus
1231 4099 1404 4156 commorari
1414 4098 1608 4168 debentmni·

103 4191 230 4247 candum
240 4192 385 4264 Evangelii
394 4193 493 4264 tidem,
504 4195 737 4267 etapostolorum
787 4195 862 4251 versi
889 4195 1041 4251 dixerunt:
1067 4194 1120 4264 Qui
1145 4193 1249 4250 nolunt
1272 4193 1393 4262 nubere,
1411 4197 1441 4251 et
1462 4191 1606 4267 pudicitie

113 4290 142 4340 at
163 4286 326 4341 contessum
348 4287 455 4342 bonam
478 4289 683 4344 conscientiam
708 4290 738 4345 in
787 4289 937 4346 meliorem
956 4288 1068 4362 eligunt
1088 4290 1212 4361 partem,
1233 4286 1296 4343 bec
1322 4287 1413 4343 vitare
1434 4286 1558 4356 debent,
1577 4289 1607 4343 et

103 4380 297 4435 esurrectione
316 4381 382 4437 lesu
401 4380 516 4449 Christi,
539 4381 563 4437 si
582 4381 666 4438 bceat
683 4383 736 4439 ite·
788 4400 848 4440 non
862 4383 954 4438 solum
976 4381 1106 4437 habitare
1129 4381 1225 4449 simul,
1247 4380 1298 4437 sed
1319 4396 1373 4437 nec
1392 4379 1498 4436 habere
1519 4379 1556 4435 ad
1575 4396 1605 4436 se

103 4473 175 4545 »gari
194 4474 224 4529 in
238 4474 338 4530 eadem
361 4476 428 4543 ssde,
449 4479 479 4530 et
501 4475 531 4531 in
545 4477 775 4559 aquaiteruml)
786 4476 911 4549 aliquem
925 4491 1085 4543 accessum
1107 4474 1162 4531 hoc
1179 4491 1248 4546 ergo
1268 4477 1298 4529 et
1321 4476 1365 4529 lex
1382 4473 1474 4544 jubat,
1494 4477 1524 4528 et
1537 4488 1605 4528 san·

102 4565 184 4621 irersi
205 4567 330 4640 episcopi
351 4569 484 4625 dixerunt
505 4587 512 4624 :
537 4570 635 4640 Absit,
654 4571 737 4627 absit.
788 4570 871 4627 ctitas
897 4574 991 4625 vestra
1013 4567 1216 4636 commendat,
1235 4572 1266 4623 ut
1290 4567 1320 4622 in
1343 4566 1460 4639 singulis
1482 4565 1607 4623 conciliis

103 4677 109 4714 ι
126 4659 270 4715 sancimus
287 4662 533 4735 rebaptizationes,
550 4667 579 4719 et
597 4665 664 4720 satis
678 4682 739 4722 esse
788 4666 925 4720 statutum
941 4666 994 4719 est.
1013 4662 1116 4718 Gratus
1133 4662 1282 4734 episcopus
1297 4660 1383 4715 dixit:
1398 4662 1474 4733 Ergo
1493 4675 1609 4733 persua-

104 4753 202 4810 incera
216 4754 283 4825 tide,
299 4759 329 4809 ct
346 4756 483 4812 catholica
497 4756 657 4830 disciplina.
671 4761 737 4815 Gra·
789 4758 830 4813 sio
844 4756 991 4813 interdum
1002 4756 1158 4828 prudentes
1170 4756 1347 4811 soletarcere
1361 4769 1378 4809 a
1390 4753 1523 4826 peccatis,
1537 4753 1608 4810 dnm

103 4863 134 4903 us
146 4846 217 4903 dixit
233 4865 240 4902 :
256 4849 356 4919 Magna
373 4849 518 4906 beatitudo
540 4852 627 4907 alteo
645 4854 738 4922 Patra,
789 4850 986 4923 imprudentes
1008 4848 1092 4905 debet
1112 4852 1206 4905 metus
1220 4848 1385 4920 htrjusmodi
1398 4847 1607 4921 constringere,

103 4956 139 4995 rm
159 4940 304 4997 Christum
325 4958 458 4998 concessa
477 4947 521 4999 cst
537 4948 669 5017 tempore
685 4961 739 5001 no·
789 4943 813 4999 si
830 4958 935 4999 sanum
956 4942 1108 4998 consilium
1130 4944 1277 5013 respuunt,
1296 4946 1326 4997 et
1342 4941 1464 4997 salutare
1486 4940 1608 4997 manda·

103 5038 140 5088 nt
159 5034 301 5105 religiosis
320 5036 465 5091 mentibus
486 5037 633 5094 insinuare
649 5037 739 5094 eccle·
789 5044 863 5094 tum.
884 5035 914 5093 si
934 5052 1004 5108 ergo
1024 5035 1090 5092 laici
1109 5039 1185 5105 sunt,
1206 5037 1269 5107 post
1297 5034 1550 5091 commonitionem
1572 5035 1607 5104 st,

103 5126 266 5199 sciplinam,
282 5134 314 5184 nt
332 5130 475 5185 auditores
491 5131 680 5203 percipientes
693 5148 739 5188 re·
790 5129 1027 5203 contempserint,
1040 5146 1058 5185 a
1070 5127 1272 5185 communione
1286 5132 1466 5201 separentur.
1479 5126 1608 5184 Universi

103 5236 142 5276 mr
155 5226 184 5276 et
195 5222 255 5278 lleo
269 5223 439 5294 placentem,
455 5224 572 5295 praemia
581 5226 740 5282 multorum
790 5223 934 5294 dixerunt,
947 5223 1051 5297 placet.

103 5313 255 5386 srpriant,
274 5319 307 5372 ut
322 5316 352 5372 in
369 5316 437 5388 Ipsis
458 5320 531 5373 Deus
549 5318 579 5374 in
596 5319 739 5390 omnibus,
826 5318 870 5375 IV.
897 5318 999 5375 Gratus
1018 5317 1169 5393 episcopus
1191 5315 1275 5386 dixit,
1299 5319 1328 5372 et
1348 5315 1372 5372 si
1394 5314 1508 5372 infinita
1525 5317 1607 5382 sunt,

103 5407 163 5464 ibus
175 5408 343 5480 honoretur,
363 5410 505 5467 discussus
519 5415 563 5467 est
577 5412 675 5469 titulus
688 5430 740 5471 ne·
792 5429 857 5486 quea
868 5413 934 5486 lega
947 5412 1105 5484 perscripta
1119 5409 1299 5485 proficientis
1310 5408 1479 5483 discipbnae,
1494 5412 1523 5463 et
1535 5420 1608 5462 unus

103 5500 335 5574 rebaptizationis,
361 5503 393 5559 in
415 5521 472 5576 quo
494 5505 558 5576 plus
582 5507 742 5562 schismatis
791 5504 1058 5578 quisquenostrum
1069 5506 1192 5560 mactatu
1209 5503 1323 5559 assiduo
1337 5506 1367 5557 et
1383 5498 1608 5557 commonitione

103 5595 234 5666 tescehat,
262 5600 292 5652 et
321 5597 418 5652 habita
449 5598 645 5654 moderatione
673 5600 744 5673 tegle
791 5598 937 5671 frequenti
953 5613 1006 5670 par
1023 5596 1151 5670 singulas
1163 5611 1289 5669 quasque
1307 5593 1415 5666 species
1430 5591 1612 5665 proficientes

103 5688 263 5745 ructorilate
281 5689 351 5746 tides
370 5692 510 5747 custodita
526 5695 578 5746 est.
591 5692 660 5747 lllud
674 5709 743 5748 sane
792 5691 828 5748 ad
842 5690 1022 5764 disciplinam
1040 5691 1147 5765 poterit
1162 5688 1283 5764 populos
1296 5686 1429 5756 mnan,
1448 5688 1548 5742 tamma
1560 5685 1612 5743 ali·

103 5780 140 5839 sis
158 5781 260 5839 restris
282 5784 412 5840 sensibus
429 5784 576 5841 insinuare
589 5786 742 5857 conando,
793 5801 852 5860 qus
865 5785 953 5842 exeis
968 5791 1085 5881 propter
1103 5780 1295 5856 blasphemias
1315 5778 1496 5854 suggerenda
1515 5785 1613 5841 sunta

127 5878 266 5955 Parnoi.
292 5879 405 5949 CLIX,
842 5950 844 5955 ,
1394 5883 1434 5947 tt
