3870 6150
156 260 166 310 t
737 254 972 310 naaharntlnn
991 256 1186 312 contactio.
1773 267 1803 318 lo

150 364 174 418 ita
193 364 279 417 areat
290 359 424 433 propriis,
448 364 482 416 ut
505 361 578 416 alter
599 363 696 417 utatur
718 361 825 418 alienis.
848 363 937 428 Quem
947 370 1004 446 Aa
1023 380 1060 420 xn
1082 365 1200 422 Kalend.
1224 366 1326 438 Aprilis
1344 381 1433 440 usque
1453 367 1484 423 in
1509 348 1573 425 svin
1600 368 1717 426 Kalend.
1737 370 1802 425 Naii

93 446 95 453 '
145 456 304 510 herrorem
322 469 425 510 omnes
443 453 617 526 relinquant,
639 459 672 511 ut
695 455 803 511 nemini
821 456 938 528 quidem
988 458 1105 515 solerter
1117 458 1234 532 inquiri,
1248 464 1277 515 at
1289 460 1312 515 si
1325 461 1371 517 die
1384 460 1572 518 sabbatorum
1584 462 1725 533 inciderit,
1736 479 1802 520 con·

138 549 213 620 perire
231 547 323 603 bonor
343 546 457 617 debeat,
479 547 529 603 sed
552 547 695 619 prioribus
716 548 854 621 episcopis
872 566 938 605 cnm
988 551 1118 624 sequenti
1130 552 1176 608 die
1194 552 1352 621 Dominico,
1368 554 1397 610 id
1410 557 1453 611 est
1464 555 1532 611 luna
1547 572 1593 627 xv,
1606 557 1713 612 Pascha
1724 558 1800 614 cale-

133 642 198 697 omui
220 640 374 713 privilagio
398 657 449 695 suo
470 641 520 712 jus
542 640 691 713 proprium
713 642 898 699 reformetur.
923 663 937 694 s
987 644 1071 700 brara
1084 643 1259 718 conscripsit,
1273 650 1302 702 et
1315 645 1338 701 si
1356 645 1402 702 dia
1416 647 1562 704 Dominico
1579 647 1709 705 lunaxru
1724 651 1800 722 ajus-

129 735 224 792 &dem
245 738 274 790 ct
295 733 406 806 antiqui
424 733 570 806 apostolici
594 734 645 807 qui
669 735 785 791 fuerunt
804 740 870 792 ante
891 753 937 808 sy·
988 737 1055 794 dem
1077 739 1198 805 mensis,
1218 739 1246 794 id
1270 744 1313 796 est
1332 739 1421 812 primi
1441 742 1563 811 mensis,
1589 742 1715 798 evenerit
1739 743 1802 815 ipsa

124 828 224 886 omum
246 828 390 883 Nicaeuam
409 830 574 883 sanxerunt.
597 827 702 884 Eadem
726 829 850 900 synodus
874 846 939 903 quae
987 831 1340 889 hebdomadatrausmissa
1352 833 1511 890 insitarum
1522 834 1598 891 diem
1610 835 1800 906 homininum,

122 921 216 979 habita
240 922 336 977 estin
354 920 463 976 Mrissa
481 920 533 977 sub
553 920 699 978 Valeriano
720 921 856 995 loquitur.
884 925 936 978 lla·
987 925 1093 980 Pascha
1111 925 1172 981 siue
1186 924 1271 981 dubio
1288 925 1431 982 celebrare
1449 926 1624 999 conscripsit.
1639 928 1686 984 llis
1701 933 1728 985 et
1739 928 1801 984 aliis

121 1017 180 1073 dem
207 1015 344 1087 plurima
365 1015 505 1071 Romanae
531 1014 631 1087 synodi
659 1018 815 1087 testantur,
840 1017 938 1073 eadem
987 1017 1350 1091 quamplurimisexamplis
1361 1023 1437 1091 patet
1446 1021 1528 1092 plura
1537 1037 1691 1093 essequam
1702 1021 1802 1093 viginti

120 1127 189 1184 papa
203 1109 394 1182 Symmachus
406 1113 435 1165 et
446 1108 544 1163 caeteri
557 1109 646 1164 sancti
660 1110 756 1165 Patres
769 1115 937 1167 sanxerunt.
986 1112 1095 1168 Nicaeni
1108 1111 1219 1168 concilii
1237 1112 1371 1184 capitula,
1391 1117 1419 1169 et
1436 1130 1535 1170 reram
1553 1130 1614 1170 essa
1636 1115 1802 1187 praedictam

121 1194 249 1270 monam
268 1207 374 1259 statuta
402 1201 595 1275 proxilitatem
613 1202 733 1258 vitantes
750 1203 797 1259 hic
814 1204 938 1261 inserere
986 1204 1050 1264 Julii
1066 1222 1150 1279 papae
1171 1205 1328 1278 epistolam.
1348 1205 1435 1263 Nobis
1453 1211 1550 1265 autam
1567 1209 1685 1280 quidam
1704 1225 1719 1264 a
1738 1226 1803 1265 con·

121 1297 290 1354 distulimus.
318 1296 348 1353 Si
372 1296 435 1369 quis
462 1298 559 1352 autem
584 1296 647 1352 heac
672 1297 785 1369 plenius
812 1297 884 1354 scire
910 1304 939 1354 at
988 1299 1074 1355 sertio
1089 1299 1210 1355 fratrum
1231 1305 1394 1356 nostrorum
1415 1299 1572 1357 orientales
1588 1301 1681 1358 testati
1695 1307 1802 1359 suntsa

123 1391 217 1465 legere
230 1391 362 1460 voluerit,
376 1390 435 1447 suis
448 1390 479 1445 in
491 1389 652 1446 auctoribus
660 1389 790 1447 invenire
803 1395 832 1446 ct
841 1392 938 1464 legere
987 1392 1088 1449 vidisse
1096 1393 1247 1449 concilium
1259 1393 1405 1450 Nicaennm
1413 1393 1520 1450 habens
1530 1394 1670 1466 potiorem
1680 1400 1802 1468 quatuor

125 1485 244 1559 pleniter
263 1485 379 1557 poterit.
399 1484 484 1540 Nobis
503 1499 570 1538 varo
591 1483 644 1539 hac
664 1483 696 1540 in
718 1484 938 1557 prefatiuncula
987 1486 1206 1559 Evangeliorum
1225 1486 1467 1559 magnitudinem,
1484 1488 1633 1544 continens
1653 1489 1683 1544 iu
1696 1506 1727 1545 sa
1741 1506 1799 1546 ses·
1863 1534 1866 1539 .

128 1579 172 1634 ista
194 1577 347 1634 sufficiant.
371 1579 406 1633 Et
423 1577 496 1633 sicut
510 1575 595 1633 militi
611 1592 644 1632 cx
666 1577 762 1634 multis
780 1578 868 1634 armis
888 1579 938 1635 illa
987 1578 1080 1637 aiones
1099 1579 1307 1654 episcoporum,
1330 1583 1359 1637 et
1378 1581 1611 1652 introductiones,
1635 1583 1801 1656 judiciaque

129 1671 267 1729 mfficiunt
284 1687 350 1744 quas
367 1672 441 1727 farre
462 1675 652 1744 congruenter
671 1688 759 1744 super
778 1689 808 1729 sc
822 1673 936 1744 poterit,
987 1674 1240 1747 querimoniarum,
1251 1679 1337 1747 atque
1346 1674 1524 1733 definitiones
1538 1680 1567 1731 at
1577 1676 1802 1746 constitutiones,

133 1769 164 1823 sic
184 1765 268 1823 uobis
289 1766 324 1821 de
348 1765 445 1821 multis
468 1764 615 1821 sententiis
634 1781 702 1836 una,
727 1769 777 1822 aut
798 1766 872 1837 dnae,
894 1742 1100 1824 reanecuon
1114 1772 1143 1824 et
1156 1768 1377 1840 subscriptiones
1392 1785 1501 1825 eorum.
1517 1768 1560 1824 nd
1575 1769 1656 1842 cujus
1670 1769 1802 1826 similitu·

135 1864 264 1934 quantum
283 1863 352 1915 tunc
368 1874 485 1916 necessa
504 1859 600 1929 fuerit,
626 1859 782 1931 sufficiunt,
804 1859 940 1934 quoniam
990 1862 1087 1918 mam
1100 1878 1238 1935 magnum
1251 1862 1480 1918 Chalcedonense
1492 1862 1646 1919 concilium
1664 1865 1805 1938 conscrip-

138 1955 200 2010 sicnt
210 1970 276 2010 cum
288 1969 345 2009 uno
362 1953 420 2009 talo
433 1956 483 2008 aut
497 1952 607 2010 duobus
620 1952 769 2009 inimicum
787 1952 939 2024 vincimus,
990 1959 1051 2011 tum
1065 1971 1125 2010 esse
1139 1954 1387 2023 confirmaverunt,
1402 1959 1430 2010 et
1440 1956 1556 2011 demum
1573 1955 1630 2011 alia
1642 1957 1802 2013 Constanti·

139 2049 373 2104 siccnmuuaaut
386 2046 497 2103 duabus
506 2046 655 2103 sententiis
668 2047 838 2103 auctoritate
846 2046 940 2120 plenis
989 2047 1086 2121 nopoli
1114 2047 1241 2117 condita,
1268 2064 1361 2104 untun
1399 2047 1530 2104 videlicet
1556 2048 1608 2104 suh
1644 2050 1804 2106 festiniano

141 2142 265 2198 amulum
281 2156 454 2212 superamus.
469 2140 498 2196 Si
515 2140 593 2196 enim
608 2139 643 2194 de
654 2139 823 2196 mulieribus
838 2145 867 2196 et
885 2157 939 2196 sae·
990 2143 1169 2215 imperatore,
1194 2145 1293 2197 contra
1316 2140 1367 2197 Ilei
1394 2140 1609 2214 impugnatores
1630 2143 1802 2216 origenem,

141 2235 270 2292 alaribus
295 2233 461 2290 hominibus
482 2233 543 2288 haec
565 2233 720 2288 constituta
744 2236 827 2303 sunt,
850 2233 940 2290 multo
989 2235 1152 2307 Didymum,
1165 2234 1807 2309 etEragrium,etaliudtempcribusllgatho-

142 2329 218 2402 mapa
229 2327 423 2385 cadesiasticis
441 2326 508 2383 viris
524 2329 553 2383 at
570 2326 764 2384 sacerdotibus
786 2331 853 2383 suut
871 2343 939 2382 con·
989 2328 1034 2386 nis
1048 2345 1131 2402 papae
1145 2324 1361 2385 atCoustantini
1381 2327 1562 2401 imperatoris
1582 2333 1681 2386 contra
1699 2331 1806 2386 flacha-

143 2439 213 2479 esssa.
232 2423 296 2479 llaec
317 2422 419 2478 eadem
440 2438 508 2478 vero
534 2421 720 2478 ecclesiastica
743 2421 811 2493 jura
837 2421 941 2492 jubent
990 2423 1067 2480 rium
1083 2423 1258 2495 episcopum,
1274 2425 1304 2477 et
1318 2422 1494 2494 Stephanum
1506 2422 1567 2494 ejus
1581 2422 1805 2496 discipulum,ac

143 2516 265 2573 etsnculi
278 2517 358 2589 leges
374 2515 555 2588 praecipiunt.
571 2515 705 2572 Similiter
718 2521 893 2571 accusatores
913 2518 941 2571 et
990 2517 1116 2590 reliquos
1130 2517 1285 2590 episcopos,
1300 2515 1349 2588 qui
1363 2531 1415 2588 pro
1427 2515 1573 2572 frumento
1592 2516 1697 2573 urania
1710 2517 1806 2575 Eccle-

143 2611 325 2681 accnsatioues,
338 2626 409 2682 quas
423 2610 518 2666 seculi
534 2609 612 2683 leges
626 2608 789 2681 prohibent,
805 2609 940 2666 canonica
990 2611 1038 2668 siis
1063 2610 1294 2680 seminavenmt,
1316 2610 1415 2665 vinum
1448 2609 1625 2667 miscuerunt
1657 2627 1748 2683 aquae,
1776 2614 1806 2667 et

143 2704 252 2762 lmditus
269 2703 382 2777 repellit
398 2704 563 2761 auctoritas.
587 2703 769 2776 synodorum
789 2719 856 2760 vero
875 2719 940 2759 con·
990 2706 1121 2778 proximo
1133 2709 1234 2778 potum
1253 2704 1392 2761 dederunt
1404 2703 1547 2760 eversione
1562 2703 1684 2773 turbida,
1699 2706 1729 2760 at
1743 2707 1805 2761 tau·

144 2799 336 2872 gregandarum
361 2797 512 2855 auctoritas
548 2797 707 2870 apostolicae
740 2797 800 2854 sedi
832 2797 941 2871 privata
990 2799 1142 2873 quamlupi
1154 2797 1221 2870 agni
1234 2796 1407 2853 simulabant
1419 2796 1610 2868 mendacium,
1622 2801 1650 2854 et
1662 2796 1765 2855 raritas
1774 2802 1807 2854 ut

143 2894 329 2950 commisaaest
340 2894 488 2965 potestate,
504 2907 557 2948 nac
575 2893 667 2948 ullam
688 2891 829 2964 synodum
848 2896 941 2947 ratam
990 2891 1172 2950 mandacium
1187 2890 1375 2947 refutabatur.

143 3001 190 3043 csse
207 2987 341 3060 legimus,
359 3001 424 3058 quae
442 2985 504 3058 ejus
524 3000 582 3042 non
601 2985 863 3043 fueritauctoritata
877 3001 941 3041 con·
1026 2988 1111 3043 Nosse
1123 2985 1209 3042 etiam
1226 2988 1338 3058 oportet
1356 2984 1429 3055 (licet
1443 2987 1520 3041 certa
1540 3000 1599 3041 uon
1613 2984 1805 3056 infirmentur,

143 3085 243 3152 gregata
256 3080 301 3138 rel
314 3079 395 3136 nnn.
416 3080 479 3135 lloec
491 3079 626 3136 canonica
644 3082 764 3135 testatur
777 3078 939 3149 auctoritas,
951 3109 979 3184 C
990 3084 1114 3154 quatum
1126 3095 1184 3136 esse
1195 3077 1363 3151 principalia
1376 3077 1496 3134 concilia
1511 3094 1547 3135 cx
1558 3079 1662 3152 quibus
1674 3080 1806 3152 plenissi-

143 3171 190 3230 hac
200 3173 320 3229 historia
332 3172 520 3230 ecclesiastica
531 3172 654 3244 roborat,
670 3173 732 3229 heac
745 3172 941 3230 sanctiPatres
991 3190 1071 3231 mam
1081 3173 1149 3230 fidei
1163 3173 1320 3228 doctrinam
1329 3175 1428 3228 teuent
1442 3171 1583 3243 Ecclesia,
1592 3175 1653 3228 tam
1663 3173 1805 3245 dePatris,

143 3266 306 3323 mnbrmant.
992 3271 1021 3323 et
1034 3266 1105 3337 Pilii,
1120 3270 1148 3322 et
1162 3264 1283 3338 Spiritus
1297 3265 1386 3321 sancti
1407 3264 1564 3334 divinitate,
1578 3282 1667 3338 quam
1687 3267 1721 3323 de
1735 3283 1807 3341 prae·

168 3359 237 3417 Scire
249 3364 411 3416 antemros
423 3359 652 3433 rolo,octoginta
665 3356 943 3432 episcopos,quihoc
992 3361 1061 3418 dicti
1083 3359 1144 3416 Pilii
1160 3363 1189 3415 et
1211 3358 1360 3414 Salvatoris
1386 3359 1476 3414 nostri
1496 3358 1705 3416 incarnatione.
1728 3360 1808 3416 Prior

140 3469 200 3525 opus
212 3469 259 3510 me
271 3454 410 3525 incipere,
428 3456 457 3509 et
469 3453 604 3525 perficere
621 3452 764 3524 coegistis,
783 3455 813 3509 et
825 3455 942 3508 cunctos
991 3455 1095 3512 harum
1118 3453 1230 3509 Nicaena
1251 3453 1374 3526 synodus
1393 3458 1436 3510 ast
1452 3455 1644 3510 trecentorum
1665 3454 1807 3512 decernet

139 3546 252 3619 reliquos
275 3545 390 3601 llomini
414 3546 572 3602 sacerdotes
596 3550 727 3618 oportet,
756 3545 834 3617 quod
860 3545 943 3618 plura
992 3551 1055 3605 octo
1070 3548 1269 3619 episcoporum
1281 3547 1334 3603 sub
1345 3545 1531 3603 Constantino
1543 3549 1672 3620 Angusto
1682 3552 1805 3620 peracta,

138 3655 213 3711 quam
228 3639 279 3695 illa
294 3638 396 3710 viginti
417 3638 542 3711 capitula
560 3655 624 3711 quaa
640 3637 717 3710 apu‘d
730 3653 782 3693 nos
802 3639 944 3695 habentur
991 3641 1022 3698 in
1042 3657 1098 3714 qua
1117 3641 1231 3696 Ananae
1253 3639 1383 3711 perfidiae
1406 3639 1584 3712 blasphemia
1605 3641 1805 3713 condemnata,

138 3733 248 3789 Nicanae
261 3730 363 3805 synodi
375 3731 541 3804 reperimus,
558 3738 587 3788 et
598 3732 628 3788 in
641 3731 763 3788 decretis
773 3732 839 3788 tulii
860 3749 942 3805 papae
991 3750 1049 3808 qua
1073 3732 1295 3806 inequalitatem
1323 3735 1429 3789 sanctae
1449 3732 1595 3789 Trinitatis
1622 3734 1699 3797 mem
1722 3735 1806 3792 Arius

137 3825 308 3900 septuaginta
317 3826 443 3898 capitula
457 3825 585 3896 ejusdem
599 3825 701 3897 synodi
714 3841 774 3882 esse
788 3825 890 3882 debere
899 3825 940 3880 le·
992 3826 1145 3895 asserebat,
1161 3824 1431 3882 consubstantialem
1444 3825 1501 3880 lieo
1512 3826 1588 3880 Patri
1601 3827 1691 3882 heum
1701 3826 1804 3884 Filium

137 3919 233 3991 gimm.
247 3921 339 3985 Quam
353 3918 501 3991 epistolam
517 3919 547 3975 iu
565 3935 617 3975 suo
638 3918 739 3975 ordina
752 3919 827 3974 inter
838 3922 944 3975 caetera
992 3921 1093 3979 eadem
1106 3919 1339 3991 sanctasynodus
1356 3934 1408 3990 per
1421 3916 1586 3991 Symbolum
1602 3917 1739 3977 definivit.
1754 3919 1803 3977 Se·

135 4011 244 4070 decreta
258 4012 477 4085 apostolicorum
490 4011 654 4084 posuimus,
673 4012 734 4068 haec
752 4012 943 4068 scrutantibus
992 4014 1085 4070 cunda
1099 4012 1222 4087 synodus
1236 4014 1353 4069 centurn
1369 4010 1581 4084 quinquaginta
1600 4013 1728 4081 Patrnm,
1750 4013 1803 4070 sub

132 4111 158 4162 et
173 4106 282 4162 mactis
301 4122 382 4161 nosse
404 4105 562 4162 volentibus
583 4105 754 4161 rimandam.
771 4106 843 4160 Nam
865 4106 943 4178 quod
991 4106 1147 4165 Theodosio
1160 4105 1272 4163 seniore
1285 4103 1531 4177 Constantinopoli
1543 4111 1725 4177 congregata,
1739 4122 1805 4179 quaa

131 4199 207 4271 plura
220 4215 310 4271 quam
322 4197 426 4270 viginti
438 4199 560 4272 capitula
579 4197 636 4255 sint
651 4198 758 4255 Nicani
775 4199 896 4270 concilii,
911 4199 943 4255 in
991 4200 1195 4268 Macedonium,
1213 4204 1342 4256 sanctum
1357 4197 1497 4271 Spiritum
1512 4197 1666 4255 Dominum
1680 4214 1741 4256 csse
1752 4216 1804 4256 ne-

132 4293 224 4349 multis
234 4290 466 4348 iurauitnrlocis.
481 4292 598 4364 Legitur
612 4292 691 4348 enim
705 4292 736 4348 in
748 4292 943 4350 Constantino-
992 4299 1117 4368 gentem,
1131 4294 1331 4362 condemnans,
1346 4291 1617 4348 consubstantialem
1632 4292 1708 4348 Patri
1720 4297 1750 4348 et
1763 4294 1805 4350 Fi-

132 4386 252 4457 politano
262 4386 380 4442 concilio
391 4385 449 4442 ita:
462 4408 476 4436 a
491 4385 672 4442 Manifestum
681 4389 724 4442 est
735 4386 942 4459 quodillaquae
990 4387 1031 4444 lio
1045 4388 1178 4444 eumdem
1199 4387 1376 4443 Paracletum
1399 4384 1612 4453 demonstrarit,
1633 4385 1702 4441 dans
1721 4385 1805 4443 latius

133 4485 492 4552 suntpernuamquamqua
502 4478 678 4551 provinciam
690 4478 780 4552 ipsius
790 4479 943 4550 provincias
952 4479 982 4554 D
992 4480 1118 4554 symboli
1139 4481 1270 4548 formam,
1290 4495 1379 4552 quarn
1389 4482 1446 4535 tota
1459 4477 1568 4534 Gracia
1586 4480 1615 4534 at
1627 4478 1760 4535 Latinitas
1774 4480 1804 4534 in

133 4571 254 4642 synodm
269 4572 423 4645 dispenset,
445 4572 519 4628 sicut
536 4572 651 4629 Niceauo
667 4574 776 4628 constat
794 4572 942 4629 decretum
992 4574 1122 4630 Ecclesiis
1149 4573 1314 4645 pradicant.
1341 4566 1434 4628 Tertia
1453 4570 1579 4643 synodus
1601 4575 1642 4627 est
1665 4571 1805 4644 Ephesius

136 4665 327 4722 mconcilio.
338 4665 475 4738 »Legitur
484 4669 513 4722 et
525 4665 556 4721 in
564 4665 685 4738 epistola
696 4665 943 4738 Innocentiipapae
992 4663 1087 4736 prima
1101 4662 1289 4718 ducentorum
1303 4660 1512 4732 episcoporum,
1524 4658 1576 4715 sub
1589 4659 1700 4716 minore
1713 4660 1804 4716 Theo-

136 4757 259 4814 Victricio
275 4758 498 4831 Rothomagensi
518 4759 652 4832 episcopo
669 4758 788 4828 directa,
802 4758 864 4814 ita:
883 4756 942 4813 «Si
992 4756 1073 4812 dosio
1091 4759 1217 4828 Augusto
1234 4754 1318 4824 edita,
1333 4770 1397 4826 quse
1410 4753 1570 4810 Nestorium
1587 4754 1657 4809 duas
1670 4770 1806 4826 personas

135 4865 195 4922 qua
208 4868 298 4908 causac
314 4853 360 4909 vel
373 4853 572 4909 contentiones
584 4851 660 4909 inter
673 4852 788 4908 clericos
803 4856 832 4908 at
844 4851 941 4921 laicos,
993 4849 1023 4906 in
1048 4848 1158 4906 Christo
1179 4852 1353 4904 asserentem
1371 4847 1449 4918 justo
1472 4847 1652 4903 anathemate
1668 4847 1805 4905 condam-

136 4945 177 5000 sel
187 4944 262 5002 iuter
280 4946 396 5002 clericos
415 4949 477 5002 tam
490 4945 606 5018 majoris
624 4944 731 5002 ordinis
749 4961 837 5017 quam
855 4944 943 5002 etiarn
992 4942 1080 5014 navit,
1102 4942 1253 4998 ostendens
1275 4955 1391 4997 manera
1408 4940 1439 4996 in
1461 4940 1570 4997 duabus
1591 4939 1699 4997 naturis
1719 4957 1806 4997 unam

137 5036 269 5094 inferioris
304 5038 414 5096 fuerint
444 5042 569 5108 exortae,
598 5038 707 5112 placuit
730 5043 761 5094 ut
788 5037 942 5094 secundum
992 5036 1106 5092 Domini
1127 5035 1217 5091 nostri
1239 5035 1307 5090 lesu
1329 5033 1432 5090 Christi
1450 5048 1613 5106 personam.
1635 5035 1741 5100 Quarta
1765 5037 1808 5091 est

136 5131 267 5202 synodum
294 5132 438 5189 Nicanam
458 5132 637 5206 congregatis
661 5131 792 5188 omuibus
814 5131 942 5203 ejusdem
991 5127 1361 5202 synodusChalcedonansis
1373 5132 1571 5184 sexcentorum
1583 5127 1704 5201 triginta
1712 5144 1804 5185 sacar·

137 5224 282 5295 provincia
294 5225 434 5300 episcopis
442 5225 586 5299 judicium
601 5225 783 5293 terminetur,
800 5246 815 5276 »
832 5229 860 5281 et
874 5224 941 5281 reli-
991 5223 1102 5291 dotum,
1116 5222 1170 5278 snb
1182 5221 1321 5278 Nartiano
1340 5220 1469 5294 principe
1484 5221 1591 5290 habita,
1607 5221 1637 5278 in
1649 5238 1708 5295 qua
1717 5223 1803 5293 Euty-

135 5333 194 5389 qua
209 5317 318 5376 Sanctae
330 5319 418 5376 etiam
432 5319 579 5376 memoria
590 5317 765 5391 Theophilus
777 5317 943 5376 Alexandri·
992 5317 1076 5374 chem
1097 5314 1441 5386 eonsunnnopolitanum
1461 5313 1593 5370 abbatem
1611 5314 1694 5370 Verbi
1713 5313 1761 5368 [tei
1778 5318 1807 5368 et

135 5426 183 5467 nas
195 5411 345 5485 episcopus
365 5412 425 5469 suis
441 5412 472 5469 in
491 5412 617 5486 epistolis
631 5412 763 5470 meminit
777 5412 807 5467 in
824 5411 942 5467 concilio
992 5409 1084 5467 curnis
1096 5425 1185 5465 uuam
1193 5411 1329 5465 naturam
1337 5406 1585 5480 pronuntiantem,
1596 5411 1624 5464 et
1635 5408 1697 5478 ejus
1707 5405 1807 5460 defen-

134 5503 240 5562 Nicoeno
252 5508 392 5563 sumnam
405 5522 466 5563 asse
479 5507 560 5563 utcb
572 5506 695 5563 vnrldus
707 5504 801 5561 Nartii
815 5504 944 5577 usquein
992 5518 1087 5561 sorem
1107 5501 1272 5559 Dioscorum
1293 5501 1439 5574 qnondam
1455 5499 1678 5557 Alexandrinum
1693 5497 1804 5571 spisco-

132 5595 204 5655 idem
215 5598 308 5656 Nonas
323 5598 435 5672 Aprilis,
452 5599 551 5656 diebus
564 5599 669 5657 scilicet
678 5602 723 5670 28,
736 5597 943 5671 qualiscunque
992 5613 1072 5670 pum,
1088 5600 1118 5652 at
1130 5596 1225 5668 ipsum
1238 5611 1352 5652 rursum
1364 5593 1526 5651 Nestorium
1538 5607 1603 5647 cum
1617 5590 1731 5663 reliquis
1744 5591 1804 5648 hra-

130 5689 195 5748 luua
213 5696 284 5749 nata
295 5692 385 5749 fuerit
403 5693 434 5748 in
447 5693 575 5765 quolibet
585 5693 680 5750 medio
697 5691 797 5766 spatio,
813 5691 945 5763 perhibet
993 5684 1808 5760 reticisunaPatrumseutentiapraedamnarit,proedicans

130 5784 342 5844 faoercinitium
352 5785 438 5861 primi
446 5787 563 5860 mensis,
573 5790 705 5862 quartam
719 5785 862 5846 decimam
874 5800 942 5843 varo
994 5783 1096 5843 eadem
1115 5782 1240 5858 synodus
1259 5782 1403 5841 Christum
1425 5780 1580 5838 Dominum
1597 5777 1637 5837 sic
1658 5783 1758 5839 natum
1772 5780 1807 5838 da
