3870 6150
72 212 123 266 Sil
683 211 919 268 recumberent
937 209 1132 292 contecerit.
1705 215 1756 271 942

71 319 256 390 compendia.
265 321 391 384 Quorum
399 321 718 393 promotionibussuper
726 321 891 376 annimetas
901 335 930 406 Α
940 324 1036 374 caturo
1046 318 1069 374 si
1081 318 1272 374 immoderata
1284 317 1421 377 iacientes
1430 320 1649 378 dissimulaverit
1660 321 1755 379 vindi·

70 429 121 468 sex
133 429 248 468 menses
261 413 446 469 nibilominus
456 415 654 487 subrogamus,
664 414 892 486 quoniam,sicut
940 429 1015 468 care.

70 508 182 563 dictum
201 512 253 573 est,
270 508 373 570 distare
386 509 520 564 convenit
534 509 610 564 inter
622 526 778 581 personam
792 509 890 564 divino
976 508 1018 563 lx.
1033 505 1169 562 Diaconos
1183 523 1298 582 quoque
1310 508 1457 580 propriam
1472 508 1683 565 constitutionis
1694 526 1755 568 ser·

69 601 163 656 cultui
172 601 309 669 deditam,
319 602 390 657 etde
400 603 537 658 laicorum
549 604 764 659 conversatione
778 603 891 658 venien·
940 617 1007 656 vare
1021 617 1196 671 mensuram,
1206 618 1259 657 nec
1273 603 1346 658 ultra
1356 611 1486 658 tenorem
1499 604 1626 675 paternis
1638 605 1753 660 canom-

69 696 223 760 temone
233 700 330 750 tamen
346 701 461 751 eatenus
474 697 651 769 indulgenda
662 696 844 767 credidimus,
860 700 891 752 ut
940 697 993 752 bus
1008 696 1177 767 deputatum
1194 695 1344 767 quidpiam
1362 699 1482 765 tentare,
1503 696 1574 755 nihil
1587 714 1688 756 eorum
1701 716 1754 757 suo

71 788 129 843 illis
141 789 271 844 Ecclesiis
289 789 392 861 quibus
406 789 587 846 infestatione
599 791 741 846 bellorum
754 791 796 845 vel
811 790 890 845 nulla
940 789 1099 845 ministerio
1112 790 1304 862 permittimus
1312 791 1456 862 applicare
1466 809 1531 865 que
1541 794 1641 865 primis
1650 795 1754 851 ordini·

70 882 187 952 penitus
196 883 238 937 rel
249 882 352 954 exigua
364 889 564 940 remanserunt
578 883 736 940 ministeria
748 900 888 939 renoven·
939 883 992 937 bns
1002 883 1118 954 proprie
1132 883 1256 939 decrevit
1267 884 1431 956 antiquitas.
1442 885 1555 958 Absque
1565 887 1699 959 episcopo
1709 889 1753 944 vel

69 979 130 1042 tur,
139 979 281 1047 quatenus
294 975 337 1031 his
348 978 404 1032 [leo
414 977 537 1048 propitio
552 977 697 1047 restitutis,
711 976 741 1033 in
755 977 887 1033 ecclesia·
939 976 1103 1048 presbytero
1119 977 1261 1049 baptizare
1275 993 1335 1033 non
1349 982 1570 1049 presumuntur,
1585 980 1641 1036 nisi
1653 981 1754 1054 predi·

68 1069 149 1123 sticis
172 1068 308 1140 gradibus
327 1071 514 1141 subrogandis
535 1087 680 1126 canonum
705 1075 889 1143 paternorum
939 1067 990 1122 ctis
1012 1067 1140 1122 fortassis
1159 1067 1257 1122 olllciis
1273 1067 1390 1140 longius
1417 1069 1577 1124 constitutis
1599 1071 1752 1127 necessitas

69 1167 152 1218 retus
168 1162 259 1217 lorma
278 1166 417 1219 servetur.
439 1165 496 1219 Nec
510 1167 611 1219 contra
628 1181 678 1219 eos
705 1165 761 1219 ulla
780 1164 888 1220 ratione
939 1164 1063 1216 extrema
1076 1163 1238 1232 compellat.
1251 1161 1330 1230 Quod
1345 1167 1375 1218 et
1386 1161 1466 1217 laicis
1480 1162 1648 1219 Christianis
1660 1164 1752 1222 lacere

66 1256 232 1328 prevaleat,
244 1255 380 1328 quodpro
390 1257 543 1325 accidentis
552 1256 679 1313 remedio
688 1257 816 1313 delectus
826 1275 887 1330 pro
938 1254 1108 1326 plerumque
1121 1254 1296 1310 conceditur.

67 1349 192 1417 ridetur,
210 1366 270 1404 non
280 1349 415 1405 adversus
427 1351 496 1406 scita
507 1351 648 1422 majorum
658 1367 732 1406 nova
743 1352 806 1423 lege
819 1367 885 1423 pro·
973 1349 1003 1403 ll.
1017 1349 1069 1402 Eos
1081 1365 1138 1403 non
1153 1349 1182 1403 in
1197 1348 1375 1421 presbyterio
1385 1348 1511 1406 insidere
1523 1367 1588 1406 cum
1601 1350 1696 1408 divim
1707 1369 1752 1409 cc·

65 1442 188 1514 ponitur
201 1443 331 1499 :ceteris
345 1443 473 1499 Ecclesiis
482 1445 517 1500 ab
532 1445 584 1500 bac
593 1445 740 1501 occasione
751 1445 885 1500 cessanti·
936 1441 1095 1508 lebrantnr,
1112 1443 1155 1498 vel
1173 1442 1376 1498 ecclesiasticus
1389 1443 1511 1499 babetur
1520 1445 1682 1518 quicunque
1694 1451 1753 1503 tra·

66 1537 132 1604 bas,
142 1552 213 1608 qrras
224 1554 282 1592 non
292 1537 379 1593 simili
391 1538 469 1594 clade
484 1542 607 1594 vastatas
618 1540 768 1610 pristinam
777 1539 886 1594 facien·
937 1537 1036 1590 ctatus.
1052 1536 1130 1591 Sacri
1141 1535 1267 1608 corporis
1282 1536 1519 1608 prerogationem
1533 1539 1585 1594 sub
1598 1544 1754 1612 conspectu

66 1629 112 1684 dis
125 1631 352 1686 ordinationibus
366 1633 500 1687 convenit
512 1638 611 1687 tenere
626 1632 808 1688 sententiam.
825 1633 887 1698 Quo
937 1630 1079 1701 pontilicis
1093 1646 1143 1685 seu
1157 1629 1328 1702 presbyteri,
1342 1631 1396 1685 nisi
1406 1631 1451 1685 bis
1462 1631 1627 1689 absentibus
1633 1634 1681 1705 jus
1693 1650 1753 1691 non

68 1724 164 1795 magis
178 1725 232 1779 hac
253 1726 465 1797 opportunitate
489 1727 655 1782 commoniti
678 1726 886 1782 observantiam
896 1704 925 1778 Β
937 1740 994 1777 uon
1006 1723 1131 1779 habeant
1143 1723 1307 1779 exercendi.
1331 1726 1401 1781 (lum
1416 1724 1493 1780 enim
1506 1725 1619 1782 decreta
1637 1743 1754 1785 venera·

67 1818 297 1875 venerandorum
308 1835 449 1874 canonum
463 1820 632 1892 propensius
643 1820 821 1892 delegamus,
833 1821 888 1875 sin·
937 1816 1038 1871 uilium
1049 1818 1228 1873 sartationum
1239 1835 1289 1873 nos
1299 1834 1414 1890 quoque
1427 1834 1601 1890 magnopere
1610 1822 1752 1878 custodire

67 1911 207 1980 gulorum
224 1912 365 1984 graduum
382 1913 571 1969 conscientias
587 1914 785 1981 admonentes,
809 1930 846 1970 ne
857 1915 886 1969 in
938 1909 1075 1981 nitamur,
1100 1928 1132 1966 ac
1158 1911 1217 1965 sine
1243 1927 1344 1966 eorum
1359 1910 1507 1982 dispendio
1522 1913 1608 1969 etiarn
1624 1914 1673 1970 illa
1687 1930 1751 1986 que

67 2004 181 2060 illicitos
194 2022 382 2078 prorumpere
398 2008 555 2063 moliantur
569 2024 710 2063 excessus.
937 2020 988 2074 pro
1000 2004 1118 2075 alicujus
1132 2005 1261 2059 utilitatis
1280 2005 1400 2060 fortasse
1419 2006 1591 2079 compendio
1604 2006 1752 2066 videantur

104 2100 136 2153 V.
152 2099 208 2154 Nec
218 2099 259 2154 las
269 2115 331 2155 esse
347 2101 471 2157 conssdat
486 2101 614 2174 quisquis
624 2101 792 2173 pontificum
805 2101 886 2173 biga·
936 2097 1058 2152 laxanda
1071 2098 1214 2153 cedamus.

64 2208 140 2260 mos,
155 2195 204 2247 aut
219 2193 355 2266 conjugia
368 2195 517 2250 sortientes
534 2195 569 2250 ab
586 2195 650 2250 aliis
665 2194 811 2262 derelicta,
827 2195 886 2250 sive
972 2192 1013 2246 tl.
1026 2192 1155 2264 Cumque
1168 2191 1249 2247 nobis
1263 2193 1363 2247 contra
1377 2193 1545 2249 salutarium
1559 2197 1751 2254 reverentiam

64 2286 533 2359 quoslibetpostpenitentiamvel
542 2289 720 2358 sinelitteris,
730 2289 774 2344 vel
785 2305 885 2360 corpo·
937 2287 1104 2356 regularum
1118 2286 1266 2358 cupiamus
1275 2291 1383 2344 temere
1393 2287 1465 2343 nihil
1475 2288 1571 2357 licere,
1585 2293 1692 2346 etcum
1705 2308 1751 2349 sa·

64 2395 98 2433 re
111 2379 234 2448 vitiatos,
245 2381 290 2435 vel
299 2381 529 2450 conditionarios,
540 2387 590 2437 aut
600 2383 685 2437 curie
693 2382 885 2453 publicarum·
936 2379 985 2433 des
992 2379 1143 2449 apostolica
1151 2379 1280 2451 superior
1286 2380 1330 2435 bis
1340 2382 1484 2451 omnibus,
1495 2382 1609 2439 favente
1618 2384 1750 2456 Domino,

64 2488 123 2545 que
134 2489 231 2528 rerum
244 2475 364 2530 nexibus
375 2475 544 2546 implicatos,
553 2479 602 2530 aut
612 2476 718 2547 passim
729 2476 808 2531 nulla
816 2481 887 2532 tam·
935 2489 999 2544 que
1009 2473 1135 2545 paternis
1149 2473 1305 2529 canonibus
1314 2481 1382 2531 sunt
1394 2476 1519 2546 prefixa,
1531 2477 1578 2547 pio
1593 2476 1751 2552 devotoque

66 2567 144 2638 poris
150 2569 335 2639 congruentis
344 2569 549 2640 exspectatione
556 2568 703 2637 discussos,
714 2568 817 2625 divinis
825 2586 885 2624 ser·
936 2567 1033 2620 aninro
1045 2565 1156 2621 studeat
1170 2571 1268 2622 tenere
1283 2569 1439 2640 proposito,
1459 2569 1527 2625 satis
1540 2569 1692 2643 indignum
1708 2578 1751 2630 est

65 2660 174 2716 rituros
193 2661 334 2733 applicare
355 2661 531 2730 ministeriis,
550 2678 643 2734 neque
665 2679 718 2734 pro
736 2679 787 2718 suo
803 2663 885 2718 libitu
935 2675 1110 2731 quemquam
1124 2660 1168 2715 vel
1182 2660 1349 2732 pontificum
1367 2663 1410 2718 vel
1424 2663 1558 2718 ordinum
1573 2664 1749 2738 subsequen-

61 2754 129 2824 jura
143 2754 276 2810 studeant
291 2754 384 2810 aliena
397 2758 561 2827 pervadere,
572 2755 680 2828 absque
690 2755 764 2811 sedis
774 2760 887 2828 aposto·
936 2753 1008 2807 tium
1021 2753 1095 2808 hanc
1108 2753 1317 2810 observantiam
1333 2755 1469 2825 refutare,
1486 2772 1573 2828 ιιιιιιιιι
1585 2757 1659 2814 beati
1673 2759 1749 2816 Petri

65 2848 128 2902 lice
136 2848 216 2919 justa
225 2847 412 2919 dispositione
421 2849 587 2905 mandante.
608 2864 611 2873 ⁴
935 2846 1031 2901 sedem
1042 2850 1071 2901 et
1084 2847 1166 2919 sequi
1175 2847 1269 2904 videat
1279 2852 1307 2903 et
1316 2848 1428 2918 docere,
1439 2849 1563 2922 satisque
1576 2852 1749 2908 conveniens

102 2942 147 2997 Vl.
164 2941 294 2996 Basilicas
306 2942 416 2997 noviter
426 2942 568 2997 institutas
579 2958 635 2998 non
651 2943 747 3015 petitis
758 2959 791 2999 ex
804 2960 885 2999 more
935 2940 980 3006 sit,
998 2946 1028 2995 ut
1042 2944 1136 2996 totum
1146 2957 1249 3013 corpus
1265 2941 1396 2998 Ecclesie
1410 2942 1440 2998 in
1453 2942 1507 3000 bac
1521 2943 1637 3000 sibimet
1649 2945 1749 3002 obser·

65 3034 305 3106 preceptionibus
317 3035 448 3091 dedicare
458 3052 543 3091 nemo
557 3037 671 3103 audeat,
687 3053 739 3091 nec
754 3036 884 3092 ambiant
934 3035 1047 3088 vatione
1062 3034 1220 3102 concordet,
1234 3051 1322 3106 quam
1341 3035 1398 3090 illic
1411 3035 1506 3107 vigere
1521 3038 1685 3110 conspiciat,
1699 3040 1749 3096 ubi

63 3128 182 3183 sibimet
194 3128 319 3201 episcopi
333 3129 478 3185 vindicare
503 3130 620 3186 clericos
639 3131 789 3201 potestatis
807 3131 881 3186 alie.
935 3127 1071 3182 Dominus
1085 3127 1214 3182 Ecclesia
1226 3128 1312 3183 totius
1326 3129 1420 3199 posuit
1432 3129 1623 3202 principatum
1636 3132 1747 3189 dicente

96 3222 154 3277 Vll.
177 3222 355 3294 baptizandis
372 3222 629 3295 consignandisque
645 3222 778 3279 fidelibus
791 3225 883 3296 pretia
933 3221 1096 3291 Scriptura:
1110 3243 1124 3269 a
1132 3209 1265 3276 Ordinate
1276 3220 1305 3276 in
1313 3238 1358 3277 me
1368 3223 1537 3279 charitatem
1546 3225 1635 3294 (Cant.
1644 3243 1675 3296 n,
1685 3229 1745 3297 4).»

63 3315 146 3370 nulla
156 3314 352 3387 preligantur,
363 3333 414 3372 nec
424 3316 598 3373 illationibus
607 3317 783 3389 quibuslibet
792 3317 882 3389 impo-
933 3316 965 3369 Et
976 3314 1083 3369 iterum
1095 3330 1101 3369 :
1115 3335 1130 3370 n
1138 3313 1239 3369 Omnia
1247 3319 1323 3369 certo
1334 3315 1434 3371 ordine
1443 3316 1595 3388 liantltlevv.
1607 3335 1660 3387 aar,
1670 3322 1722 3390 ra).
1730 3342 1744 3371 ι)

59 3408 122 3463 sitis
143 3409 287 3480 exagitare
305 3409 419 3481 cupiant
440 3413 633 3480 renascentes,
656 3411 791 3482 quoniam
817 3427 881 3483 que
931 3409 1024 3479 Atque
1044 3406 1147 3462 iterum
1166 3407 1313 3462 Psalmista
1330 3408 1502 3479 predicante
1518 3427 1524 3464 :
1540 3431 1554 3459 «ι
1568 3411 1745 3469 circumdate

59 3501 154 3572 gratis
175 3502 339 3574 accipimus,
362 3502 450 3574 gratis
472 3504 541 3558 dare
562 3504 743 3572 mandamur,
766 3507 795 3559 et
817 3503 881 3559 ideo
931 3500 998 3557 Sion
1015 3503 1045 3554 et
1057 3500 1279 3572 complectimini
1288 3517 1350 3556 eam
1366 3506 1479 3558 narrate
1493 3502 1522 3557 in
1536 3505 1661 3560 turribus
1673 3506 1744 3578 ejus.

61 3595 137 3650 nibil
149 3611 166 3648 a
181 3596 323 3666 predictis
335 3613 451 3668 prorsus
464 3597 579 3667 erigere
591 3597 754 3664 moliantur,
766 3612 824 3669 quo
837 3597 880 3652 vel
931 3593 1029 3649 Ponite
1041 3593 1127 3649 corda
1139 3596 1232 3648 vestra
1244 3593 1275 3648 in
1287 3593 1389 3649 virtute
1402 3595 1474 3666 ejus,
1486 3601 1514 3651 et
1526 3595 1686 3654 distribuite
1697 3599 1746 3656 do·

61 3691 234 3760 paupertate
246 3693 367 3761 cogente
380 3691 517 3758 deterriti,
534 3691 577 3746 vel
593 3691 790 3762 indignatione
804 3707 882 3747 revo-
931 3703 993 3742 mos
1007 3687 1078 3759 eJus,
1096 3689 1129 3741 ut
1146 3687 1283 3742 enarretis
1297 3687 1327 3743 in
1341 3689 1477 3759 progenie
1490 3689 1589 3760 altera,
1607 3693 1744 3763 quoniam

59 3783 130 3850 cati,
142 3781 347 3854 redemptionis
357 3800 455 3839 causas
463 3801 521 3839 sue
531 3785 630 3840 audire
640 3783 810 3854 despiciant;
823 3800 880 3840 cer·
932 3781 976 3835 bic
989 3783 1030 3836 est
1042 3781 1117 3836 Deus
1131 3785 1229 3836 noster
1238 3780 1268 3835 in
1281 3784 1432 3849 eternum,
1447 3787 1475 3838 et
1484 3783 1544 3855 ipse
1556 3790 1639 3856 reget
1650 3803 1701 3842 nos
1714 3788 1743 3842 in

61 3879 125 3930 tum
140 3875 275 3931 habentes
287 3877 363 3948 quod
373 3878 422 3948 qui
432 3877 575 3948 prohibita
586 3877 756 3950 deprehensi
771 3877 879 3934 luerint
930 3874 1035 3930 secula
1056 3875 1140 3946 (Paul.
1161 3891 1244 3944 xtvrr,
1264 3877 1368 3947 la-ts).
1382 3897 1396 3926 u
1414 3877 1462 3931 ilic
1475 3878 1672 3948 proculdubio
1694 3881 1744 3952 qui

58 3968 220 4036 admisisse,
238 3969 281 4024 vel
294 3971 444 4026 commissa
458 3988 514 4025 non
528 3971 622 4042 potius
637 3987 687 4026 sua
699 3975 800 4043 sponte
815 3988 877 4026 eor·
930 3970 959 4023 in
973 3968 1226 4025 ecclesiasticarum
1242 3973 1377 4024 narratur
1394 3968 1543 4026 altitudine
1559 3971 1742 4044 dignitatum,

59 4063 200 4129 rexerint,
216 4063 373 4133 periculum
388 4063 507 4119 subituri
522 4064 631 4135 proprii
645 4064 702 4119 sint
716 4064 841 4121 honoris.
930 4062 994 4118 etin
1002 4063 1082 4134 cnjus
1090 4062 1193 4118 virtute
1201 4062 1283 4118 honis
1291 4062 1424 4134 operibus
1432 4064 1658 4137 cordaponenda
1666 4071 1741 4138 sunt,

97 4157 165 4211 Vlll.
183 4157 238 4210 Nec
254 4156 347 4212 minus
363 4157 450 4213 etiam
469 4157 649 4229 presbyteros
671 4158 747 4213 ultra
759 4158 878 4213 modum
930 4155 1067 4227 gradibus
1082 4156 1181 4227 utique
1202 4155 1370 4224 distributis,
1393 4158 1501 4213 cunctis
1518 4158 1592 4213 Deus
1606 4164 1704 4216 noster
1715 4165 1744 4216 et

57 4266 148 4305 sunm
170 4250 288 4304 tendere
310 4251 507 4321 prohibemus,
523 4268 575 4307 nec
593 4251 745 4323 episcopali
763 4252 877 4322 fastigio
930 4255 1022 4305 rector
1031 4250 1128 4322 populi
1141 4248 1338 4321 predicandus
1352 4253 1395 4305 est
1406 4250 1583 4322 Christianis,
1596 4252 1643 4308 ubi
1657 4269 1742 4310 nemo

55 4343 190 4400 indebita
201 4343 316 4401 sibimet
328 4345 461 4400 audacter
473 4361 629 4414 assumere,
641 4361 698 4400 non
708 4345 879 4401 conficiendi
929 4341 1044 4398 sibimet
1060 4343 1157 4414 aliquo
1172 4344 1237 4413 jam
1254 4344 1399 4398 existimet
1415 4343 1609 4415 imminutum,
1632 4364 1697 4402 cum
1715 4353 1744 4403 et

56 4437 528 4509 chrismatis,nonconsignalionis
533 4439 702 4510 pontificalis
709 4439 877 4494 adhibendas
887 4442 917 4516 D
930 4436 1150 4508 uniuscujusque
1159 4436 1264 4508 gradus
1271 4437 1446 4508 profectione
1457 4438 1497 4493 nil
1505 4439 1628 4510 deperit,
1639 4445 1668 4496 et
1677 4456 1743 4497 con·

57 4531 178 4587 sibimet
194 4532 321 4603 accipere
335 4531 511 4600 facultatem,
529 4549 586 4588 non
599 4539 738 4605 presente
753 4532 880 4605 quolibet
928 4529 1077 4584 venienter
1090 4530 1253 4599 retinendo,
1267 4531 1342 4602 quod
1354 4532 1459 4586 celesti
1473 4530 1681 4602 dispensatione
1696 4535 1744 4590 do·

58 4624 202 4693 antistite,
223 4624 277 4679 nisi
290 4623 409 4680 sortasse
425 4625 592 4696 jubeantur,
609 4627 652 4681 vel
669 4626 816 4694 orationis,
836 4625 879 4681 vel
929 4628 1029 4679 natum
1038 4628 1090 4691 est,
1098 4623 1205 4693 pariter
1214 4622 1305 4690 uobis,
1315 4624 1571 4694 etcognoscibilem
1581 4626 1671 4681 Deum
1680 4627 1743 4683 lieri

57 4718 184 4774 actionis
197 4734 282 4773 sacre
298 4722 449 4791 suppetere
462 4719 514 4774 sibi
526 4725 701 4791 presumant
717 4736 777 4775 esse
791 4720 878 4775 licen·
930 4717 1029 4772 tribuit
1040 4733 1102 4772 esse
1118 4719 1310 4771 circatorem.
1327 4717 1396 4770 Nam
1412 4722 1441 4770 ct
1455 4717 1477 4771 si
1491 4717 1561 4788 quid
1575 4717 1744 4793 indulgetur

56 4812 143 4880 tiam,
159 4828 251 4883 neque
264 4812 316 4867 sub
327 4812 389 4882 ejus
398 4818 524 4884 aspectu,
538 4813 591 4867 nisi
600 4812 766 4885 jubeantur,
777 4818 826 4869 aut
839 4829 879 4868 se·
929 4812 963 4867 de
971 4817 1135 4883 temporum
1144 4808 1302 4881 quantitate
1315 4809 1443 4864 moribus
1449 4816 1608 4883 aggregata
1619 4816 1742 4870 strenui-

57 4905 132 4961 dere
148 4910 330 4976 presumant,
352 4910 401 4961 aut
412 4906 575 4962 veneranda
588 4912 709 4962 tractare
725 4908 877 4979 mysteria,
928 4909 986 4960 tate
1001 4905 1137 4975 pensatur
1152 4919 1159 4957 :
1175 4901 1199 4957 si
1215 4901 1279 4957 vite
1299 4902 1387 4957 etiam
1409 4903 1555 4975 proposito
1570 4907 1742 4975 continetur,

56 5014 115 5054 nec
122 4997 176 5052 sibi
184 4998 369 5054 meminerint
376 5000 432 5054 ulla
440 5000 549 5055 ratione
557 5000 685 5067 concedi,
695 4999 757 5055 sine
764 5015 880 5055 summo
930 4997 1005 5070 quod
1022 5013 1073 5069 pro
1088 4996 1177 5052 relata
1191 4995 1277 5051 luerit
1296 5000 1378 5052 etate
1397 4998 1567 5068 curandum,
1586 5001 1742 5058 dummodo

57 5091 199 5166 pontifice
208 5092 424 5163 subdiaconum,
435 5097 486 5149 aut
494 5094 656 5165 acolythum
662 5094 710 5165 jus
721 5093 826 5148 babere
837 5094 878 5148 la·
929 5091 1147 5147 illanullateuus
1155 5090 1331 5146 dissimulata
1341 5090 1506 5163 subrepant,
1518 5110 1642 5165 quorum
1655 5096 1745 5167 quod·

56 5184 166 5254 ciendi,
181 5201 233 5241 nec
244 5202 361 5257 prorsus
375 5185 404 5242 id
417 5186 557 5252 dubitent,
568 5187 593 5241 si
604 5186 760 5260 quidquam
771 5186 807 5242 ad
818 5187 878 5258 epi·
929 5185 1007 5250 libet,
1015 5183 1038 5238 si
1047 5183 1138 5239 inesse
1146 5184 1288 5251 claruerit,
1297 5185 1399 5240 merito
1409 5185 1586 5242 clericalibus
1593 5186 1688 5241 infulis
1698 5202 1741 5241 re·

55 5279 161 5351 copale
180 5279 371 5335 ministerium
392 5280 549 5352 specialiter
561 5281 707 5352 pertinens
727 5297 777 5336 suo
799 5284 880 5336 motu
930 5275 1105 5350 probabilem
1118 5277 1268 5333 convincat
1282 5294 1342 5334 esse
1355 5295 1517 5350 personam.
1538 5279 1596 5333 Etsi
1609 5277 1657 5333 illa
1670 5294 1741 5333 non·

55 5372 226 5446 putaverint
252 5374 477 5446 exsequendum,
503 5374 640 5430 continuo
659 5390 689 5429 se
711 5373 880 5446 presbyterii
930 5387 1077 5444 nunquam
1092 5370 1211 5427 sinenda
1226 5375 1303 5440 sunt,
1326 5388 1400 5444 que,
1414 5372 1438 5426 si
1452 5374 1620 5426 ceterorum
1632 5376 1745 5427 constet

57 5465 215 5538 dignitate,
230 5471 259 5523 et
270 5483 351 5523 sacra
364 5468 568 5523 communione
586 5467 700 5539 privari.
724 5467 805 5533 Quod
817 5466 880 5522 fleri
930 5465 1090 5538 integritas,
1103 5464 1163 5521 sola
1175 5481 1278 5521 nocere
1289 5481 1347 5520 non
1364 5465 1492 5530 valeant3
1506 5464 1555 5519 illa
1570 5466 1665 5520 tamen
1676 5468 1744 5520 sunt

58 5575 178 5619 necesse
194 5564 237 5616 est
250 5576 425 5629 censeamus,
445 5560 468 5616 si
481 5578 581 5616 eorum
596 5561 717 5632 presule
731 5560 880 5617 deferente
930 5571 1105 5627 magnopere
1126 5554 1324 5627 precavenda,
1344 5570 1408 5624 que
1421 5552 1508 5623 recipi
1521 5551 1576 5606 nisi
1594 5552 1743 5608 manifesta

57 5652 229 5724 hujusmodi
241 5654 329 5708 luerit
342 5654 537 5725 prevaricatio
548 5653 741 5725 comprobata,
754 5652 880 5726 necipso
929 5648 1141 5705 decoloratione
1155 5665 1213 5704 non
1227 5647 1344 5720 possint.
1363 5650 1400 5702 tc
1413 5646 1436 5700 si
1452 5663 1486 5700 ea
1499 5646 1560 5718 ipsa
1580 5662 1644 5718 que
1664 5646 1743 5702 nullo

58 5762 165 5803 eorum
179 5747 313 5819 episcopo
328 5748 440 5823 aculpa
454 5748 650 5818 conniventie,
667 5751 696 5802 et
709 5746 818 5804 ultione
831 5762 878 5802 va·
930 5743 1102 5799 detrimento
1116 5741 1265 5814 aliquoties
1280 5740 1455 5813 indulgenda
1466 5739 1752 5808 creduutuepatra-
