3870 6150
132 242 188 298 ets
757 237 992 295 oecumenica
1012 241 1204 298 centaurio.
1770 249 1823 303 eto

132 348 291 404 maculatus
304 348 453 418 exstiterit,
467 348 497 403 in
512 364 569 420 quo
585 363 684 403 omnes
697 347 835 418 crucifixi,
849 364 952 404 ornnes
962 348 1157 432 Aretinorum
1169 351 1319 407 mendacia
1329 352 1503 423 destruebat,
1514 355 1547 408 nt
1556 353 1688 410 universa
1697 354 1823 413 Ecclesia

133 443 253 512 mortui,
280 458 380 498 omnes
405 442 517 514 sepulti,
543 458 642 498 omnes
668 445 735 497 sunt
755 442 843 497 etiam
864 442 952 497 susci·
1003 442 1106 498 Christi
1124 443 1281 500 imbuenda
1301 445 1436 502 doctrinis
1451 447 1506 502 hoc
1529 463 1588 503 non
1609 447 1662 503 sibi
1679 448 1823 507 dubitaret

131 537 194 592 tati.
208 536 248 592 lle
263 537 367 608 quihus
384 536 443 608 ipse
456 536 588 592 dicebat:
606 557 620 585 «
635 537 706 592 Cum
722 536 861 592 exaltatus
871 536 952 592 luero
1002 536 1820 613 credendumquodapostolisusceperantpraedicandum.

131 650 149 686 a
161 634 248 698 terra,
260 631 358 686 omnia
369 631 481 687 traham
491 631 526 686 ad
542 630 684 703 meipsum
701 630 786 701 (soon.
804 646 851 698 ιιι,
867 633 921 701 32).
936 652 950 680 ι
1002 630 1041 683 Ac
1062 630 1084 684 si
1103 631 1132 686 in
1148 634 1227 686 tanta
1241 632 1304 688 luce
1316 633 1443 688 veritatis
1464 634 1597 691 tenebras
1611 651 1676 690 suas
1688 636 1821 693 haeretica

132 726 216 781 Fides
230 726 309 780 enim
322 731 416 780 vestra
421 724 582 796 justificans
594 724 699 796 impios
714 728 742 779 et
757 725 953 796 creansjustos
1003 723 1155 779 obduratio
1174 742 1233 780 non
1248 726 1394 798 relinquit,
1409 727 1561 784 ostendant
1578 729 1657 784 unde
1672 729 1726 784 sibi
1738 747 1818 804 spem

130 820 168 874 ad
179 819 371 875 humanitatis
380 835 438 873 snm
446 821 536 874 tracta
546 818 724 891 participem,
734 818 763 872 in
774 818 823 873 illo
833 818 954 890 acquirit
1002 817 1068 873 vitre
1080 819 1267 890 polliceantur
1279 823 1404 890 aeternae,
1426 821 1463 876 ad
1476 838 1562 893 quem
1576 823 1631 877 nisi
1645 824 1818 896 permedia-

132 915 271 983 salntem,
291 913 320 968 in
337 929 394 985 quo
409 913 467 968 solo
481 912 570 968 homo
591 929 620 968 se
635 912 745 968 invenit
756 913 951 979 innocentem,
1002 917 1095 967 torem
1111 912 1161 968 Dei
1175 918 1205 968 et
1218 913 1382 982 hominum,
1399 914 1546 970 hominem
1568 916 1664 972 lesum
1677 917 1819 974 Christum

130 1007 258 1063 liberum
280 1007 388 1062 habens
408 1022 460 1079 per
482 1006 605 1077 gratiam
619 1006 670 1062 llei
683 1007 718 1063 de
744 1005 870 1078 potentia
891 1007 953 1078 ejus
1002 1022 1061 1061 non
1083 1011 1177 1078 potest
1190 1007 1342 1079 perveniri.
1367 1008 1444 1063 Sicut
1466 1009 1595 1065 enimait
1609 1010 1820 1068 beatuaPetrus

131 1100 251 1173 gloriari
264 1101 314 1173 qni
329 1103 428 1156 contra
441 1101 554 1156 hostem
568 1100 809 1172 humanigeneris
820 1100 953 1156 incarnis
1002 1101 1158 1171 apostolus,
1176 1120 1190 1153 c
1206 1103 1266 1156 Non
1278 1106 1320 1158 est
1331 1102 1409 1157 aliud
1423 1119 1530 1158 nornen
1543 1103 1642 1158 datum
1656 1104 1820 1161 hominibus

132 1199 241 1251 nostrae
263 1194 428 1250 humilitate
448 1210 618 1266 congressus
642 1194 687 1249 his
703 1194 852 1249 victoriam
869 1211 951 1250 suam
1002 1192 1055 1248 sub
1069 1194 1150 1263 coelo,
1168 1194 1198 1249 in
1220 1212 1276 1266 quo
1289 1199 1419 1268 oporteat
1433 1213 1485 1251 nos
1505 1197 1597 1252 salvos
1610 1198 1671 1253 tleri
1690 1199 1760 1268 (Act.
1780 1217 1818 1269 rr,

131 1289 245 1356 tribuit,
261 1289 291 1344 in
307 1304 430 1360 qnorum
445 1303 563 1359 corpore
580 1288 776 1361 triumphavit.
793 1288 869 1342 Licet
882 1304 952 1359 ergo
1004 1290 1056 1357 12),
1072 1307 1085 1338 n
1108 1303 1162 1343 nec
1183 1288 1343 1360 redemptio
1362 1289 1531 1361 captivitatis
1554 1290 1691 1346 humana
1714 1291 1769 1346 nisi
1790 1293 1820 1347 in

132 1383 160 1436 in
176 1399 237 1437 uno
253 1382 375 1438 Domino
387 1384 452 1438 lesu
466 1382 577 1438 Christo
590 1397 656 1436 vero
667 1381 717 1436 uei
730 1385 815 1454 atque
828 1381 953 1437 hominis
1003 1380 1140 1451 sanguine
1150 1381 1211 1453 ejus
1222 1403 1237 1432 (ι
1250 1382 1298 1454 qui
1308 1383 1387 1468 dedit
1396 1383 1581 1456 semetipsum
1592 1383 1819 1458 redemptionem

130 1477 191 1531 tilio
208 1476 293 1531 Verbi
308 1480 337 1531 et
351 1477 442 1532 earnis
462 1491 521 1531 una
534 1491 656 1547 persona
669 1475 715 1544 sit,
731 1490 795 1546 quae
809 1475 953 1547 insepara-
1001 1490 1054 1544 pro
1076 1475 1208 1530 omnibus
1229 1475 1253 1545 (l
1272 1479 1341 1532 Tim.
1360 1493 1389 1544 n,
1402 1478 1439 1547 a),
1458 1499 1472 1526 »
1486 1477 1586 1549 etqui,
1603 1478 1674 1534 sicut
1686 1478 1821 1550 praedicat

131 1571 232 1626 bititer
253 1576 338 1643 atque
360 1569 480 1625 indivise
503 1584 671 1625 communes
689 1568 796 1625 habeat
816 1569 951 1639 actiones,
1002 1567 1100 1624 beatus
1112 1569 1216 1625 Paulus
1230 1570 1386 1642 apostolus,
1403 1592 1417 1619 «
1432 1571 1537 1626 cumin
1550 1572 1641 1627 torma
1663 1571 1713 1628 Ilei
1735 1576 1819 1640 esset,

132 1664 331 1736 intelligenda
345 1667 440 1720 tamen
450 1667 517 1719 sunt
526 1663 653 1735 ipsorum
663 1679 782 1736 operum
790 1663 950 1735 qualitates,
1002 1677 1061 1716 non
1071 1663 1200 1734 rapinam
1211 1663 1363 1719 arbitratus
1374 1668 1415 1719 est
1428 1681 1488 1720 esse
1501 1680 1530 1720 se
1541 1665 1681 1739 aequalem
1692 1666 1757 1735 Deo,
1769 1667 1818 1722 sed

131 1762 162 1813 et
175 1758 297 1814 sincerae
311 1758 379 1813 odei
391 1758 631 1830 contemplatione
646 1757 824 1812 cernendum
838 1760 889 1827 est,
915 1757 951 1813 ad
961 1734 990 1806 Β
1001 1756 1186 1828 semetipsum
1199 1757 1356 1813 exinanivit
1366 1758 1492 1814 formam
1504 1760 1578 1813 servi
1591 1759 1733 1831 accipiens
1746 1760 1776 1816 in
1786 1761 1819 1816 si-

130 1869 197 1926 quae
209 1852 382 1925 provehatur
394 1852 542 1907 humilitas
551 1852 653 1922 carnis,
666 1854 695 1906 et
706 1851 742 1907 ad
753 1868 818 1923 quae
835 1851 952 1907 incline·
1001 1848 1193 1905 militudinem
1205 1850 1356 1907 hominum
1368 1852 1469 1919 factus,
1487 1855 1516 1907 et
1531 1852 1630 1908 habitu
1644 1853 1777 1908 inventus
1786 1857 1819 1909 ut

130 1951 180 2001 tur
192 1946 315 2002 altitudo
329 1945 492 2001 divinitatis.
509 1945 579 2010 Quid
594 1945 630 2000 sit
643 1946 719 2018 quod
731 1962 795 2001 caro
808 1945 869 2000 sine
883 1948 950 2001 Ver·
1001 1943 1098 1999 horno.
1110 1944 1274 2001 humiliavit
1284 1946 1470 2018 semetipsum
1484 1946 1574 2001 factus
1583 1945 1718 2001 obediens
1728 1962 1818 2018 usque

130 2041 169 2096 bo
181 2057 241 2095 non
253 2040 331 2113 agit;
355 2039 425 2112 quid
438 2041 474 2095 sit
488 2039 566 2111 quod
580 2039 706 2095 Verbum
722 2040 782 2095 sine
794 2056 881 2096 carne
893 2056 952 2096 non
1002 2037 1037 2092 ad
1059 2041 1192 2106 mortem,
1217 2042 1339 2094 mortem
1360 2042 1456 2095 autem
1480 2037 1576 2113 209
1590 2040 1689 2095 crucis.
1703 2042 1820 2112 Propter

129 2134 232 2190 etheit.
242 2134 307 2190 Sine
316 2134 400 2189 Verbi
411 2133 488 2189 enim
499 2133 628 2205 potentia
637 2150 689 2189 nec
698 2134 856 2206 conciperet
865 2134 950 2206 Virgo
1001 2131 1078 2203 quod
1091 2135 1120 2186 et
1133 2133 1206 2188 lleus
1220 2133 1354 2188 exaltarit
1365 2133 1448 2188 illum
1469 2137 1497 2188 et
1515 2133 1631 2189 donavit
1648 2134 1688 2189 illi
1710 2150 1817 2190 nomen

130 2245 186 2284 nec
198 2231 324 2300 pareret,
346 2232 374 2283 et
386 2228 448 2283 sine
465 2227 548 2282 Verbi
565 2228 684 2283 veritate
703 2227 796 2283 carnis
817 2227 951 2283 obvoluta
1001 2225 1320 2298 quodestsuperomne
1331 2228 1817 2296 nomen‚ntinnominelesuomne

129 2322 237 2395 pannis
248 2321 370 2377 infantia
382 2337 440 2377 non
452 2322 569 2394 jaceret.
584 2322 649 2378 Sine
660 2321 741 2377 Verbi
755 2322 882 2394 potentia
894 2338 951 2377 non
1001 2334 1075 2390 genn
1086 2320 1216 2376 flectatur
1226 2320 1392 2390 scelestium,
1400 2321 1579 2377 terrestrium
1589 2328 1617 2378 et
1626 2322 1817 2394 internorum,

128 2417 290 2473 adorarent
305 2416 382 2489 magi
397 2432 518 2487 puerum
530 2416 714 2472 stellaindice
724 2415 910 2485 declaratum,
922 2420 952 2471 et
1001 2414 1029 2468 et
1037 2413 1132 2468 omnis
1142 2414 1241 2486 lingua
1250 2416 1418 2470 confiteatur
1428 2415 1496 2487 quia
1506 2416 1642 2471 Dominus
1650 2417 1731 2472 lesus
1741 2417 1818 2475 Chri·

128 2511 194 2565 sine
224 2510 340 2565 veritate
366 2510 460 2565 carnis
484 2527 543 2565 non
568 2510 721 2581 juberetur
741 2509 770 2564 in
799 2511 951 2582 AEgyptum
1001 2505 1101 2560 stusin
1116 2507 1263 2578 gloriaest
1277 2508 1430 2564 lleiPatris
1444 2509 1553 2581 (Philip.
1570 2525 1600 2577 u,
1615 2512 1816 2582 ditandum

125 2604 279 2660 transferri
295 2620 365 2676 puer
379 2608 408 2659 at
430 2604 466 2659 ab
485 2603 604 2660 Hemdis
624 2602 821 2674 persecutione
837 2603 950 2661 abduci.
1001 2614 1072 2670 crgo
1086 2614 1160 2655 uuus
1171 2600 1207 2656 sit
1216 2602 1351 2657 hominus
1361 2603 1439 2657 lesus
1451 2601 1578 2657 Christus
1588 2605 1617 2658 et
1629 2619 1694 2660 vere
1707 2603 1819 2659 deitatis

126 2699 199 2755 Sine
214 2697 297 2752 Verbi
312 2698 442 2769 potentia
455 2714 513 2753 non
529 2697 633 2752 diceret
647 2713 701 2752 vox
713 2697 804 2752 Patris
816 2697 902 2751 missa
916 2698 950 2754 de
1000 2708 1123 2764 vereque
1143 2694 1329 2750 humanitatis
1343 2695 1372 2750 in
1385 2696 1448 2767 ipsa
1462 2712 1520 2751 una
1534 2712 1649 2767 prorsus
1662 2697 1819 2770 eademqne

126 2794 203 2848 coelo
220 2808 227 2847 :
245 2814 258 2841 a
273 2791 320 2847 ilic
335 2794 378 2846 est
393 2791 478 2846 Filius
500 2808 583 2846 mens
604 2790 732 2860 dilectus,
752 2791 782 2846 in
805 2807 862 2863 quo
879 2791 951 2846 mihi
1000 2801 1124 2856 persona
1134 2788 1182 2854 sit,
1192 2789 1394 2845 exaltationem
1404 2795 1502 2845 tamen
1512 2806 1567 2861 qua
1578 2790 1659 2845 illurn
1672 2790 1745 2846 sicut
1756 2790 1820 2847 doo-

126 2887 208 2942 bene
224 2885 392 2958 complacui,
408 2886 502 2957 ipsum
520 2884 616 2940 audite
631 2884 740 2955 (narrt.
754 2901 795 2953 m,
815 2886 868 2954 Π),
886 2907 900 2934 »
918 2886 951 2941 Et
1001 2882 1046 2933 tor
1055 2881 1184 2951 gentium
1192 2882 1415 2953 dieit,exaltarit
1425 2883 1496 2939 Deus
1504 2889 1533 2939 et
1542 2883 1659 2940 donavit
1667 2883 1817 2942 illinomen

125 2979 950 3050 sinereritateearnisnonprotestareturloannes:«Eece
1000 2973 1818 3052 quodestsuperomnenomenexcellit,adeamintelligi-

125 3091 225 3146 agnus
249 3073 308 3141 Dei,
335 3090 399 3129 ecce
417 3073 467 3145 qui
485 3072 557 3128 tollit
576 3075 691 3143 peccata
708 3072 810 3127 mundi
824 3072 913 3143 licon.
930 3089 949 3139 ι,
1002 3083 1066 3121 mus
1076 3070 1221 3139 pertinere
1232 3072 1352 3126 termam
1367 3088 1432 3143 quae
1442 3072 1558 3128 ditanda
1568 3076 1631 3128 erat
1639 3075 1727 3129 tantae
1735 3074 1820 3144 glori-

125 3172 186 3238 29).
202 3189 217 3215 o
234 3167 299 3223 Sine
321 3168 405 3222 Verbi
421 3166 546 3238 potentia
567 3182 625 3221 non
650 3165 733 3221 fieret
747 3165 951 3238 redintegratio
1000 3159 1139 3217 flectionis
1154 3170 1320 3237 augmento.

125 3262 268 3318 debilium
282 3266 310 3317 et
327 3260 478 3316 vivificatio
496 3263 686 3327 mortuorum,
709 3263 737 3314 et
756 3260 817 3314 sine
830 3260 951 3317 veritate
1037 3256 1067 3309 ln
1080 3254 1175 3312 forma
1187 3259 1293 3330 quippe
1308 3258 1359 3313 [lei
1374 3259 1493 3330 aqualis
1504 3262 1566 3314 erat
1584 3259 1671 3314 Filius
1684 3259 1769 3329 Patri,
1790 3264 1817 3314 et

125 3355 228 3411 carnis
240 3371 293 3410 nec
301 3355 381 3409 cibus
385 3354 496 3426 Jejuno,
507 3369 560 3408 nec
571 3357 767 3409 somnusesset
773 3355 950 3410 necessarius
1001 3346 1078 3403 inter
1090 3351 1252 3421 genitorem
1266 3357 1352 3423 atque
1366 3351 1548 3424 unigenitum
1561 3353 1640 3408 nulla
1652 3353 1681 3407 in
1696 3354 1818 3408 essentia

126 3449 260 3521 fatigato.
276 3451 421 3503 Postremo
432 3448 493 3503 sine
506 3447 589 3502 Verbi
602 3447 730 3519 potentia
743 3464 803 3501 non
817 3464 847 3502 se
858 3449 950 3504 homi·
1000 3442 1145 3513 discretio,
1162 3446 1240 3501 nulla
1253 3447 1283 3502 in
1300 3448 1447 3518 majestate
1462 3447 1621 3517 diversitas,
1644 3463 1695 3502 nee
1709 3463 1760 3519 per
1771 3448 1816 3504 in-

125 3561 186 3599 nns
199 3542 275 3598 Patri
287 3543 469 3615 profiteretur
481 3542 631 3613 equalem,
645 3544 674 3596 et
684 3541 746 3596 sine
756 3542 873 3598 veritate
887 3559 948 3598 car-
1000 3540 1172 3602 carnationis
1180 3541 1350 3613 mysterium
1361 3540 1469 3612 aliquid
1477 3540 1731 3598 decesseratVerbo
1737 3541 1815 3613 qnod

125 3637 174 3692 nis
187 3652 246 3692 non
259 3637 334 3692 idem
348 3636 455 3691 diceret
465 3636 578 3690 Patrem
590 3650 651 3690 esse
665 3635 815 3706 majorem,
830 3651 896 3691 curn
904 3652 947 3691 ca·
999 3642 1025 3697 ei
1038 3638 1129 3695 Patris
1138 3651 1257 3692 munere
1268 3634 1447 3690 redderetur.
1457 3635 1560 3690 Forma
1570 3638 1667 3691 antem
1682 3636 1755 3691 servi
1764 3653 1817 3708 per

124 3731 239 3787 tholica
248 3731 318 3785 fides
328 3734 481 3802 utrumqne
492 3729 638 3800 suscipiat,
652 3732 803 3800 utrumque
815 3729 949 3786 defendat
999 3749 1085 3808 quam
1096 3728 1279 3802 impassibilis
1288 3728 1378 3784 deitas
1387 3733 1598 3784 sacramentnm
1607 3745 1720 3801 magna
1730 3731 1817 3803 pieta·

125 3842 195 3898 quae
218 3825 373 3880 secundum
398 3823 604 3878 contessionem
630 3823 705 3878 beati
726 3823 846 3895 apostoli
873 3823 948 3879 Petri
1000 3828 1034 3882 tis
1050 3824 1190 3898 implevit,
1206 3822 1334 3877 humana
1343 3821 1489 3877 humilitas
1502 3827 1555 3892 est,
1573 3839 1635 3894 qma
1649 3824 1816 3897 ingloriam

125 3935 225 3975 unum
243 3918 387 3974 Christum
400 3918 448 3973 llei
465 3917 521 3972 riri
534 3917 637 3972 Filium
654 3921 683 3972 et
697 3917 843 3973 hominem
859 3918 950 3973 credit
998 3920 1100 3978 divinae
1113 3915 1260 3991 potestatis
1272 3920 1368 3970 erecta
1381 3917 1432 3983 est,
1452 3916 1605 3970 intentam
1623 3916 1763 3973 unitatem
1779 3919 1815 3973 ab

125 4017 158 4069 et
171 4012 308 4068 Verbum.
322 4011 456 4076 Quamvis
470 4011 567 4083 itaque
581 4011 616 4065 ab
628 4010 678 4065 illo
690 4011 837 4083 initioque
849 4011 880 4067 in
890 4017 949 4068 nte·
997 4016 1060 4088 ipso
1068 4015 1206 4082 conceptu
1213 4008 1443 4082 virginisdeitate
1451 4013 1480 4064 et
1488 4008 1666 4065 humanitate
1674 4016 1813 4078 conserta,

125 4124 161 4163 ro
177 4106 299 4178 virginis
313 4105 438 4160 Verbum
452 4121 519 4161 earo
538 4105 646 4160 factum
671 4108 714 4160 est
733 4105 805 4160 nihil
819 4120 948 4178 unquam
998 4114 1030 4164 ut
1046 4123 1097 4162 nec
1118 4106 1177 4160 sine
1199 4103 1315 4159 homine
1328 4102 1433 4171 divina,
1455 4119 1507 4159 nec
1519 4103 1581 4158 sine
1594 4105 1650 4159 lieo
1660 4110 1815 4177 agerentur

123 4203 205 4257 inter
221 4202 371 4271 utramque
385 4199 508 4254 formam
524 4198 670 4254 divisionis
685 4199 836 4266 exstiterit,
852 4203 882 4254 et
895 4216 948 4271 per
998 4202 1134 4257 humana.
1150 4199 1269 4270 Propter
1282 4197 1359 4268 quod
1372 4196 1446 4251 sieut
1457 4197 1592 4252 [lominus
1606 4198 1761 4270 majestatis
1776 4199 1815 4255 di·

123 4294 227 4350 omnia
248 4294 422 4350 incrementa
439 4309 576 4364 corporea
589 4292 676 4347 unius
691 4308 823 4365 personae
842 4292 949 4349 fuerint
996 4295 1071 4350 citur
1084 4293 1245 4362 crucifixus,
1260 4291 1301 4346 ita
1314 4291 1362 4362 qui
1372 4307 1405 4345 er
1413 4291 1637 4363 sempiternitate
1646 4293 1762 4364 aequalis
1772 4297 1815 4350 est

121 4389 214 4444 totins
227 4387 363 4458 temporis
371 4387 506 4456 actiones,
523 4403 555 4441 ea
569 4386 632 4457 ipsa
645 4390 743 4442 tamen
758 4402 824 4458 quaa
838 4386 947 4458 insepa·
997 4390 1063 4457 Deo,
1079 4388 1182 4443 dicitur
1194 4386 1343 4454 exaltatus,
1360 4385 1426 4455 quia
1439 4385 1669 4455 inseparabiliter
1678 4391 1813 4443 manente

120 4479 1104 4555 rabiliterlactasunt‚nullacommistioneconiundimus,1)unitate
1120 4496 1261 4552 personae,
1277 4494 1352 4533 unus
1364 4482 1449 4549 atque
1467 4478 1544 4534 idem
1560 4485 1612 4546 est,
1633 4482 1661 4534 et
1674 4483 1750 4536 totus
1763 4481 1813 4536 llei

120 4577 173 4632 sed
187 4575 257 4648 quid
269 4575 350 4646 cujus
363 4575 462 4629 iorrnae
477 4574 513 4628 sit
528 4577 558 4628 et
572 4590 692 4644 operum
706 4574 844 4645 qualitate
857 4575 944 4630 senti·
996 4576 1081 4631 Filius
1099 4579 1215 4647 propter
1228 4589 1316 4627 unam
1336 4588 1401 4626 cnm
1414 4572 1496 4626 Patre
1509 4571 1654 4627 deitatem.
1670 4573 1813 4646 Quidquid

122 4686 201 4725 mus.
217 4669 317 4724 Dicant
331 4684 399 4739 ergo
408 4668 456 4723 isti
469 4667 638 4738 hypocritae,
650 4667 699 4739 qui
710 4667 792 4723 caecis
802 4669 945 4724 mentibus
996 4668 1117 4726 enimin
1133 4672 1261 4739 tempore
1274 4664 1382 4735 accepit
1401 4664 1530 4721 Christus
1546 4664 1703 4721 secundum
1720 4667 1811 4723 homi-

121 4764 224 4819 lumen
249 4763 349 4817 nolunt
374 4761 500 4831 recipere
528 4760 673 4829 raritatis,
706 4760 736 4816 in
766 4777 823 4834 qua
854 4761 946 4818 forma
996 4780 1062 4819 nem
1072 4761 1191 4834 accepit,
1203 4759 1248 4815 cni
1262 4774 1327 4830 quae
1337 4774 1395 4813 non
1407 4757 1507 4812 habuit
1517 4759 1724 4815 conferrentur.
1741 4762 1811 4817 Nam

122 4856 219 4912 crucis
232 4856 309 4927 ligno
324 4855 460 4911 Dominus
475 4854 630 4925 majestatis
641 4855 769 4910 Christus
781 4855 882 4910 affixus
890 4857 945 4913 sit?
996 4856 1154 4912 secundnm
1170 4853 1325 4926 potentiam
1355 4851 1467 4906 deitatis
1491 4850 1691 4908 indifferenter
1714 4856 1813 4911 omnia

122 4950 198 5024 qnid
208 4950 334 5021 jacuerit
354 4949 384 5003 in
405 4949 558 5021 sepulcro?
577 4953 606 5003 et
621 4949 749 5004 revoluto
764 4951 946 5006 monumenti
996 4949 1155 5023 qnoehahet
1169 4950 1260 5013 Pater,
1271 4945 1356 5001 etiarn
1367 4944 1558 5013 Filiushabet,
1570 4949 1598 5001 et
1607 4947 1708 5018 quain
1719 4949 1812 5004 torma

123 5043 234 5117 lapide,
251 5060 315 5115 quae
326 5042 410 5098 tertio
421 5042 467 5097 die
478 5058 542 5097 caro
555 5041 729 5097 resurrexit?
744 5046 771 5096 et
779 5042 808 5097 in
817 5059 874 5114 qno
882 5047 946 5116 post
995 5043 1067 5100 servi
1081 5043 1188 5097 aPatre
1201 5039 1320 5110 accepit,
1329 5038 1432 5094 eadem
1446 5039 1475 5093 in
1488 5039 1579 5094 forma
1590 5040 1640 5096 llei
1652 5042 1738 5098 etiam
1753 5043 1811 5115 ipse

123 5137 362 5195 resurrectionem
380 5152 462 5191 suam
475 5152 533 5191 non
549 5135 696 5191 credentes
709 5135 848 5207 quosdam
858 5136 945 5193 disci·
995 5135 1120 5194 donavit.

123 5233 210 5305 pulos
222 5230 371 5302 arguebat,
383 5233 411 5285 et
419 5229 627 5285 haesitationem
637 5229 836 5285 cunctantium
844 5231 943 5286 conlu-
1032 5233 1075 5287 lll.
1086 5228 1249 5286 Secundum
1257 5227 1380 5284 formam
1386 5227 1465 5283 enim
1473 5227 1521 5284 Ilei
1528 5228 1587 5300 ipse
1595 5230 1809 5285 etl‘aterunnm

122 5327 206 5382 tabat
220 5341 286 5380 cum
300 5324 425 5379 diceret:
439 5323 579 5395 «Pelpate
592 5326 621 5377 et
634 5323 736 5392 videte,
752 5323 945 5396 quiaspiritus
994 5329 1073 5394 sunt;
1088 5323 1244 5380 seeundum
1256 5322 1378 5377 sormam
1388 5325 1485 5378 antem
1494 5323 1566 5379 servi
1586 5343 1600 5373 α
1613 5338 1673 5377 non
1683 5306 1783 5376 reniti
1799 5350 1810 5360 -

122 5435 243 5475 carnem
260 5421 290 5474 et
308 5434 369 5472 ossa
389 5433 444 5473 nen
460 5416 548 5472 habet
559 5416 631 5471 sicut
654 5433 701 5471 me
721 5416 821 5472 videtis
840 5417 945 5474 habere
994 5436 1057 5476 cere
1067 5418 1243 5473 voluntatem
1253 5416 1405 5485 suam,sed
1414 5417 1590 5473 voluntatem
1603 5414 1722 5487 ejusqui
1732 5414 1810 5469 misit

124 5518 201 5575 tluc.
221 5528 296 5580 ιιιι,
317 5510 371 5583 39).
387 5532 400 5560 υ
423 5512 457 5565 Et
468 5510 596 5582 apostolo
609 5510 724 5564 Thomae
739 5527 745 5564 :
764 5529 778 5562 o
793 5512 871 5567 inter
883 5528 942 5567 ma·
995 5530 1062 5569 eum
1074 5513 1160 5583 (loon.
1173 5527 1209 5580 vr,
1224 5511 1278 5579 38).
1295 5530 1308 5563 a

123 5624 197 5662 nom
212 5612 294 5662 tuam
305 5603 334 5659 in
346 5604 534 5672 latusmeum,
547 5606 576 5657 et
586 5603 650 5657 vide
660 5619 849 5659 mannsmeas
858 5609 943 5677 etpe·
1029 5603 1384 5676 Secundumformamllei
1395 5626 1409 5653 ι
1419 5599 1766 5658 sicutl’aterhabetvitam
1778 5601 1808 5657 in

122 5704 188 5761 rins,
218 5705 248 5755 et
272 5698 331 5755 noli
352 5714 414 5753 esse
435 5698 599 5753 incredulus
616 5696 665 5751 sed
688 5696 780 5752 fidelis
796 5700 881 5766 (toan.
899 5716 942 5767 ιι,
994 5701 1156 5772 semetipso,
1171 5699 1210 5754 sic
1222 5698 1300 5753 dedit
1313 5701 1341 5754 ct
1357 5697 1425 5752 Filio
1439 5697 1526 5751 vitam
1540 5693 1645 5750 habere
1660 5695 1690 5750 in
1703 5701 1806 5752 semet-

122 5802 181 5869 27).
201 5817 214 5844 ι
230 5795 343 5861 Quanta
362 5792 590 5851 manifestatione
605 5789 731 5863 corporis
744 5791 788 5848 sui
799 5792 866 5866 'tam
882 5793 943 5851 hae·
994 5794 1055 5865 ipso
1068 5795 1155 5865 (torro.
1171 5810 1198 5861 v,
1213 5792 1267 5862 tt).
1285 5813 1299 5841 o
